1838 3230
278 198 377 245 466
677 188 964 234 IOANNIS
993 188 1332 233 MALALAE

228 318 258 353 B
283 305 550 354 ἐθανάτωσαν
584 307 626 351 ἔκ
655 311 736 351 τῶν
766 311 940 361 Περσῶν
966 306 1121 362 ἄνδρας
1147 307 1322 361 χιλίους·
1360 307 1425 348 καὶ
1453 303 1731 364 ἇπορῆσαυτες

276 382 429 431 βελῶν,
465 374 704 433 σφενδόναις
727 373 976 430 χρησάμενοι
1011 375 1185 424 πολλοὺς
1213 375 1255 426 ἐξ
1278 373 1412 417 αὐτῶν
1443 373 1728 420 ἐθανάτωσαν.

278 445 378 488 ὅθεν
401 444 439 487 οἷ
455 444 616 500 Πέρσαι
635 441 887 497 στενούμενοι
907 445 972 485 καὶ
1003 440 1215 499 διαφόροις
1239 440 1487 497 χρησάμενοι
1511 449 1727 498 μηχαναῖς,

279 510 491 568 ὀρύξαντες
510 510 556 553 τὸ
582 511 794 553 πλίνθινον
812 517 941 565 τεῖχος
958 515 1030 553 τοῦ
1052 508 1230 566 κάστρου
1252 507 1555 565 ὖπεισῆρχοντο.
1611 507 1731 566 γνόν-

278 596 344 629 τες
366 580 410 621 δὲ
429 578 467 620 οἳ
498 576 542 620 ἐκ
566 582 641 620 τοῢ
669 579 824 633 τείχους
843 578 916 633 τὴν
934 579 1145 633 γενομένην
1172 576 1252 620 ὗπό
1272 576 1498 634 βαρβάρων
1522 576 1726 634 διορυγῆν,
1742 582 1764 618 5

279 643 546 695 κατελθόντες
565 646 608 688 ἐκ
634 650 707 688 τοῦ
739 648 894 702 τείχους
937 646 1034 696 τούς
1048 645 1408 701 ὖπεισερχομένους
1433 645 1602 702 Πέρσας
1619 647 1731 703 ξίφε-

279 730 320 758 σι
356 710 661 768 κατανήλισκον.
745 715 813 756 καὶ
843 712 1002 769 γνόντες
1025 714 1063 756 οἶ
1092 714 1267 770 Πέρσαι,
1305 715 1347 756 ἓν
1377 718 1434 771 τῷ
1465 713 1733 768 ἀσχολεῖσθαι

278 781 375 831 τοὺς
405 778 659 838 στρατιώτας
681 779 889 835 Ῥωμαίων
920 783 976 831 εἷς
1013 781 1088 837 τὴν
1119 781 1309 837 διορυγὴν
1345 779 1542 834 λαβόντες
1577 779 1733 832 ondlong

280 846 554 906 προσήγγισαν
585 853 642 906 τῷ
672 850 788 903 τείχει
824 847 990 899 νυκτός·
1034 850 1100 891 καὶ
1134 847 1382 899 εἰσελθόντες
1418 849 1650 905 παρέλαβον
1682 848 1731 892 τὸ

281 915 460 973 κάστρον
478 918 545 959 καὶ
563 915 718 967 πάντας
736 917 893 960 ἀνεῖλον
905 931 915 941 ’
956 917 1060 966 τινὲς
1080 917 1123 959 δὲ
1142 918 1323 974 ἐκφυγεῖν
1343 917 1585 972 δυνηθέντες
1602 914 1732 972 ἄπήγ-
1743 925 1789 959 10

229 990 260 1024 C
282 989 415 1041 γειλαν
432 984 485 1027 τὰ
506 982 721 1040 γενόμενα·
773 984 959 1028 κάκεῖθεν
989 985 1027 1028 οἳ
1054 985 1216 1042 Πέρσαι
1246 983 1539 1042 ἐξορμήσαντες
1579 982 1733 1040 ἀνεχῶ·

281 1067 410 1110 ρησαν
433 1054 489 1102 εἷς
507 1052 559 1094 τὰ
579 1050 776 1109 Περσικά.

138 1127 171 1161 O
193 1128 263 1164 206
385 1121 470 1162 Καὶ
497 1120 649 1174 μαθὼν
678 1119 1014 1170 Κωνσταντίολος
1043 1120 1096 1162 τὰ
1125 1117 1342 1174 συμβάντα
1369 1119 1481 1176 παρὰ
1511 1123 1585 1163 τοῦ
1610 1119 1734 1176 μαγί-

281 1203 407 1245 στρου
436 1189 502 1229 καὶ
527 1191 609 1230 τῶν
642 1192 791 1231 λοιπῶν
821 1186 1000 1244 ἐξάρχων
1010 1220 1024 1240 ,
1062 1186 1291 1244 ἐξώρμησεν
1321 1187 1362 1230 ἓν
1391 1188 1629 1246 Βυζαντίῳ,
1667 1188 1734 1230 καὶ

281 1252 454 1312 ἀνήγαγε
473 1254 526 1297 τὰ
541 1253 764 1308 συμβάντα»
778 1260 836 1313 τῷ
855 1261 1024 1309 βασιλεῖ’.
1105 1256 1290 1311 ἀκηκοὼς
1310 1256 1355 1298 δὲ
1372 1256 1484 1311 παρὰ
1505 1258 1732 1299 Κωνσταν-
1744 1255 1787 1290 15

280 1321 418 1366 τιόλου
437 1321 489 1364 τὰ
513 1323 602 1379 περὶ
633 1326 706 1377 τῆς
736 1328 946 1377 συμβολῆς
980 1327 1055 1365 τοῦ
1082 1324 1286 1378 πολέμου,
1324 1323 1527 1373 διεδέξατο
1548 1324 1623 1378 μὲν
1651 1326 1735 1366 Βε-

282 1388 465 1447 λισοῖριον
498 1393 572 1444 τῆς
601 1391 924 1446 στρατηλασίας,
968 1391 1209 1446 προαγαγών
1245 1392 1290 1433 δὲ
1316 1393 1516 1434 Μοῦνδον
1550 1392 1735 1446 ἐποίησεν

284 1458 409 1501 αὐτὸν
428 1455 711 1514 στρατηλάτην
731 1457 944 1512 ἀνατολῆς.
1014 1462 1072 1516 τῷ
1099 1459 1143 1500 δὲ
1177 1460 1314 1515 ἰουνίῳ
1341 1459 1439 1513 μηνὶ
1455 1462 1536 1501 τῶν
1554 1474 1734 1514 στρατη-

283 1530 419 1568 λατῶν
442 1523 650 1579 Ῥωμαίων
677 1524 782 1567 κατὰ
812 1528 986 1580 Περσῶν
1018 1525 1373 1580 εὐτρεπιζομένων,
1405 1523 1735 1582 Ἀλαμοῦνδαρος

285 1590 308 1635 ὅ
339 1597 421 1636 τῶν
450 1596 700 1647 Σαρακηνῶν
745 1593 981 1646 βασιλίσκος
1028 1591 1195 1648 γράψας
1221 1592 1431 1648 Ῥωμαίοις
1463 1593 1531 1636 διὰ
1567 1592 1790 1651 Σέργιόνθθ

284 1677 375 1703 τινα
398 1658 585 1703 διάκονον
621 1658 722 1702 ὥστε
741 1664 979 1717 πεμφθῆναι
1000 1660 1123 1703 αὐτὸν
1147 1661 1250 1718 πρὸς
1274 1658 1399 1705 αὐτόν
1407 1693 1421 1714 ,
1442 1661 1512 1703 ἵνα
1532 1660 1582 1704 δι’
1606 1661 1734 1704 αὐτοῦ

282 1726 445 1785 μηνύσῃ
464 1732 521 1786 τῷ
539 1732 702 1780 βασιλεῖ
712 1726 919 1782 Ῥωμαίων
938 1725 1073 1770 πάκτα
1093 1727 1263 1785 εῗρήνης.
1334 1730 1400 1772 καὶ
1420 1731 1588 1785 Σεργίου
1607 1747 1735 1772 κατα-

233 1808 266 1843 Ι)
288 1795 546 1854 πεμφθέντος
565 1795 665 1852 πρὸς
686 1795 756 1839 τὸν
775 1795 946 1849 βασιλέα
971 1794 1179 1850 Ῥωμαίων
1211 1795 1314 1852 μετὰ
1345 1799 1411 1840 καὶ
1434 1802 1518 1840 τῶν
1543 1794 1736 1855 γραμμά-

376 1913 411 1950 4.
433 1911 693 1960 ’ὕπεισήρχοντο
717 1914 800 1957 Ch„
826 1911 1082 1961 ’ὖπεισέρχοντο
1111 1916 1179 1950 Ox.
1273 1918 1327 1954 10.
1349 1911 1506 1960 καστρόν
1529 1916 1597 1951 Ox.

286 2024 387 2059 super
409 2013 554 2057 emissis,
586 2016 684 2051 Mille
706 2017 886 2052 Persarum
909 2018 985 2053 neci
1010 2017 1196 2053 dederunt=
1235 2017 1370 2063 spiculis
1391 2029 1473 2053 vero
1496 2016 1625 2052 demum
1647 2016 1733 2052 defi-

287 2058 464 2100 cientibus,
486 2061 599 2096 fundis
621 2062 685 2104 usi,
707 2063 763 2097 vel
785 2063 833 2097 sic
857 2064 960 2098 etiam
975 2064 1062 2098 bene
1085 2064 1203 2098 multos
1225 2065 1453 2098 confecerunt.
1498 2063 1539 2097 In
1561 2063 1734 2108 angustias

286 2103 392 2149 igitur
414 2105 540 2139 Persae
561 2107 704 2149 redacti,
726 2108 838 2142 varias
859 2114 1035 2154 capessunt
1055 2110 1247 2150 machinas3
1270 2109 1476 2153 suffossoque
1496 2108 1651 2143 latericio
1674 2120 1734 2143 ca-

287 2149 349 2184 stri
378 2160 492 2190 muro,
528 2151 663 2195 jamjam
685 2154 906 2188 subintraturi
937 2159 1044 2189 erant.
1090 2154 1318 2189 Resciscentes
1347 2160 1458 2189 autem
1481 2153 1539 2198 qui
1573 2153 1617 2188 de
1638 2165 1733 2189 muro

287 2195 426 2228 fuerunt
448 2195 676 2230 Barbarorum
700 2199 890 2241 cuniculos,
923 2200 967 2234 de
990 2201 1089 2234 Muro
1113 2200 1339 2241 descendunt3
1376 2199 1584 2244 Persasque,
1618 2200 1733 2234 subtus

289 2239 491 2285 irrepentes,
521 2240 641 2284 gladiis
664 2243 855 2279 conficiunt.
903 2246 1003 2286 Quod
1032 2246 1158 2279 Persae
1188 2245 1360 2285 videntes,
1384 2248 1523 2288 arrepta
1545 2244 1734 2286 occasione,

288 2284 424 2318 interim
447 2285 525 2320 dum
547 2285 687 2320 Romani
707 2288 954 2324 suffossionibus
976 2291 1127 2325 tutandis
1149 2291 1218 2325 toti
1238 2290 1494 2330 incumbebant,
1516 2289 1613 2323 scalis
1636 2290 1735 2324 adhi-

289 2329 370 2363 bitis
392 2341 519 2365 murum
553 2342 613 2376 per
643 2336 774 2366 noctem
797 2336 946 2378 aggressi
966 2340 1061 2376 sunt,
1099 2335 1306 2380 ingressique
1340 2338 1484 2368 castrum
1512 2339 1734 2389 occuparunt,

291 2375 419 2408 cunctis
443 2387 463 2409 e
486 2376 594 2411 medio
615 2377 753 2412 sublatis
774 2386 914 2422 praeter
935 2393 1078 2426 paucos,
1107 2380 1171 2425 *qui
1193 2381 1393 2421 evadentes,
1428 2390 1517 2423 quae
1540 2381 1737 2415 acciderant

290 2421 507 2499 enat-rabant.
553 2422 643 2456 Tum
663 2433 744 2458 vero
767 2423 914 2466 Persae,
945 2426 1142 2460 recedentes
1161 2425 1274 2466 illinc,
1307 2425 1464 2469 regiones
1485 2436 1563 2460 suas
1584 2426 1735 2469 repetie-

290 2475 353 2499 run
373 2490 380 2499 .

380 2509 434 2544 De
457 2510 575 2545 horum
597 2514 707 2547 autem
729 2513 873 2547 omnium
908 2514 1052 2550 veritate
1075 2514 1324 2550 Constantiolus
1361 2526 1382 2549 a
1411 2515 1579 2560 Magistro
1617 2519 1733 2551 caete-

290 2554 405 2599 risque
427 2555 573 2591 Ducibus
597 2559 755 2600 edoctus,
779 2559 823 2592 ad
845 2559 1043 2604 Byzantium
1066 2561 1189 2601 redux,
1214 2560 1416 2604 Imperatori
1438 2560 1622 2596 nunciavit.
1667 2562 1733 2596 Im-

289 2604 432 2677 gerator
443 2603 552 2635 autem
566 2602 608 2636 de
620 2604 719 2638 rebus
736 2604 852 2649 priore
873 2605 1002 2649 praelio
1016 2606 1118 2649 gestis
1138 2617 1158 2640 a
1170 2604 1400 2639 Constantiolo
1423 2606 1548 2640 certior
1565 2606 1731 2648 redditus,

323 2644 491 2698 elis-arium
503 2646 707 2691 Magistratu
716 2649 909 2691 abdicavit;
930 2651 1171 2695 Mundumque,
1186 2651 1221 2684 in
1231 2650 1301 2694 ejus
1312 2650 1421 2684 locum
1431 2651 1622 2694 suffectum,
1641 2651 1734 2686 Mili-

292 2692 362 2723 tum
379 2701 414 2723 1n
425 2690 567 2725 Oriente
578 2693 777 2738 Magistrum
788 2694 987 2739 designavit.
1011 2696 1127 2730 Mense
1137 2699 1246 2730 autem
1257 2695 1369 2738 Junio,
1384 2696 1494 2731 Duces
1502 2696 1644 2731 Romani
1654 2695 1731 2730 du'm

292 2733 336 2767 ad
348 2734 427 2768 belli
437 2736 567 2770 Persici
589 2739 855 2782 prosecutionem
878 2752 949 2775 sese
969 2745 1144 2787 pararent,
1160 2741 1403 2775 Saracenorum
1415 2742 1551 2786 regulus
1573 2742 1732 2776 Alamun-

292 2779 393 2831 datus
415 2791 478 2825 per
514 2781 629 2816 literas
651 2785 695 2818 ab
719 2784 766 2819 eis
789 2785 990 2830 postulavit,
1027 2791 1066 2820 ut
1088 2786 1132 2829 ad
1154 2798 1190 2820 se
1213 2786 1403 2821 mitteretur
1425 2786 1562 2832 Sergius
1585 2786 1732 2831 quidam,

292 2823 481 2868 Diaconus,
518 2838 580 2873 per
603 2839 701 2874 quem
731 2831 824 2876 pacis
853 2830 1058 2868 conditiones
1081 2831 1280 2878 Imperatori
1310 2832 1495 2868 nunciaret.
1544 2830 1731 2878 Expeditus
