1838 3230
314 195 412 244 724
425 208 428 212 ·
905 189 1179 232 BENTLEII-
1199 223 1203 226 .
1216 219 1217 222 =

315 305 493 360 Πὲμφιγι
518 306 651 345 πᾶσαν
678 302 776 356 ὄψιν
790 300 947 373 ἀγγέλῳ
977 300 1140 375 πυρός.)
1169 302 1237 344 καὶ
1258 298 1353 356 παρ’
1375 297 1537 370 Ιβυκῳ·
1581 299 1761 350 Πυκινοῖς
1816 315 1834 338 .·

312 362 511 415 πέμφιγας
526 357 715 413 πιόμενοι.
758 358 930 400 λέλεκται
951 357 993 399 δὲ
1012 356 1129 407 οὗτος
1147 358 1172 400 6
1193 355 1310 430 λόγος
1333 353 1444 428 αυτῷ
1462 373 1563 399 κατα
1579 373 1668 399 τινα
1685 373 1762 398 πα·-

287 431 290 435 ’
313 416 489 472 ραβολην
508 414 859 468 ἔπιχειμαζομένων
889 413 995 469 (lege
1015 415 1079 456 ἐπὶ
1097 431 1194 468 χειμ.
1210 416 1224 463 )
1255 399 1502 481 εἰρημένην,
1497 411 1581 455 διο
1599 413 1667 454 καὶ
1680 417 1775 454 των

313 476 617 528 προγνωστικῶν
649 472 691 511 οἵ
714 475 887 512 πλεῖστοι
915 471 979 512 ἐντὶ
1008 475 1088 512 τῶν
1119 469 1218 511 κατοέ
1246 486 1341 518 τους
1361 468 1534 541 ὄμβρους
1549 465 1761 540 σταγόνων

313 530 504 584 εἰρῆσθαί
523 541 621 576 φασι
636 525 705 574 mig
724 526 933 580 πέμφιγας.
978 526 1002 566 6
1021 525 1064 566 δὲ
1088 527 1370 593 Καλλίμαχος
1356 522 1454 566 ωδε·
1484 523 1562 575 Μὴ
1582 523 1648 566 διοὲ
1665 540 1760 577 πεμ-
1776 544 1778 546 ’
1796 559 1799 563 .

312 588 443 640 φίγων
470 585 498 613 *
517 579 727 650 ἔναγουσιν
748 583 803 623 doc.
844 582 866 623 6
886 581 929 623 δὲ
950 579 1168 634 Εὐφορίων
1189 580 1333 629 οὕτως’
1359 567 1447 622 εἷπε
1468 577 1511 621 δ’
1528 579 1638 633 ανθη
1660 579 1760 633 πέμ-

313 658 425 694 φιγες
455 636 702 691 ἔπιτρύζουσι
721 634 911 679 θανόντα.
968 638 1113 677 Ve1sus
1141 644 1197 676 est
1213 638 1477 686 hexametrus,
1506 637 1564 677 Εἰ
1579 636 1760 690 assumat,

311 699 375 736 vel
396 694 606 736 Ηπεδαναὶ
638 694 831 747 πέμφιγες
851 691 1094 746 ἐπιτρύζουσι
1112 690 1300 734 θανόντα.
1356 693 1383 732 i.
1403 707 1438 733 e.
1459 705 1660 731 murmure
1686 705 1759 730 suo

313 754 422 805 quasi
439 751 644 790 lamentari
658 751 854 791 videntur.
894 750 1026 788 Possis
1043 750 1156 788 etiam
1177 751 1315 800 legere,
1345 745 1603 795 ἓπικλύζουσι.
1641 747 1762 796 Quod.

313 810 364 847 ad
381 811 588 860 Σαλαμῖνα
605 803 812 859 Σατυρους
832 806 980 854 attinet,
1011 806 1163 857 quust,
1144 806 1263 843 uratia
1282 811 1430 843 caetera
1450 804 1759 851 emendavimus3

311 879 427 903 nemo
458 878 520 901 me
541 862 769 910 adduxmit,
798 868 844 900 ut
861 861 1025 899 verbum
1060 861 1200 900 mendo
1228 874 1309 899 esse
1337 873 1505 898 vacuum
1526 860 1759 898 existimem.

311 920 531 972 Aeschylus
564 918 720 968 quidem
748 918 840 956 fecit
867 921 1093 982 Σαλαμῖνα,
1124 919 1205 956 sive
1222 917 1482 968 Σαλαμινίας·
1519 914 1760 968 Sophocleae

310 977 479 1024 fabulae,
510 987 607 1026 quae
625 987 670 1011 eo
691 973 806 1011 titulo
826 973 1014 1024 inscripta
1035 974 1094 1021 sit,
1128 987 1240 1011 nemo
1264 972 1363 1010 alius
1382 970 1568 1010 meminit.
1624 970 1760 1009 Ausim

311 1047 386 1084 pro
407 1038 516 1071 certo
537 1029 667 1068 dice1e
686 1029 895 1067 lectionem
923 1036 1070 1067 rectam
1097 1043 1181 1068 esse
1208 1031 1419 1081 Σαλμωνεῖ
1441 1024 1651 1082 Σατύροις.
1682 1026 1760 1065 He·-

312 1102 358 1139 sy
348 1087 469 1126 chius
485 1087 570 1126 bis·
602 1088 817 1135 Σοφοκλῆς
839 1088 1059 1135 Σαλμωνεῖ.

529 1141 710 1188 Quatuor
728 1140 796 1178 hic
815 1140 993 1179 invectus
1014 1140 1138 1192 equiS‚
1168 1146 1205 1178 et
1225 1138 1406 1191 lampada
1428 1151 1624 1189 quassam,

527 1198 601 1236 Per
622 1195 782 1234 Graium
803 1197 993 1248 populos,
1024 1196 1250 1246 mediaeque
1268 1209 1337 1246 per
1357 1194 1478 1233 Elidis
1499 1194 1636 1232 urbem

527 1252 613 1289 Ibat
636 1265 779 1301 ovans,
809 1251 1018 1302 divumque
1039 1252 1112 1289 sibi
1138 1251 1322 1303 poscebat
1345 1250 1549 1299 honorem,

526 1307 712 1344 Demens!
755 1306 821 1356 qui
844 1307 996 1344 nimbos
1015 1314 1053 1346 et
1071 1321 1149 1344 non
1165 1307 1353 1344 imitabile
1373 1307 1522 1344 fulmen
1556 1304 1558 1306 ¹

528 1361 626 1400 Aere
637 1367 654 1410 ,¹
688 1368 726 1399 et
746 1361 1001 1412 cornipedum
1020 1363 1138 1413 pulsu
1158 1362 1361 1400 simularet
1381 1373 1583 1412 equorum.
1751 1394 1753 1397 .

313 1418 514 1456 Hactenus
536 1417 694 1467 quidem
726 1423 995 1466 argumentum
1029 1424 1087 1455 est
1111 1418 1258 1467 Satyris
1278 1423 1436 1468 aptum,
1468 1424 1506 1454 et
1527 1414 1760 1454 conveniens

315 1473 367 1511 ad
392 1473 555 1510 hilarem
574 1479 613 1510 et
633 1473 776 1510 festum
799 1471 914 1510 diem.
973 1473 1060 1510 Huc
1079 1486 1234 1523 quoque
1259 1473 1474 1523 fragmenta
1492 1472 1560 1509 illa
1575 1470 1762 1509 videntur

313 1529 531 1580 pertinere3
563 1541 662 1577 quae
679 1527 802 1565 verba
822 1534 910 1564 sunt
929 1528 1145 1581 cujuspiam
1166 1528 1232 1579 qui
1251 1529 1378 1566 facete
1398 1534 1437 1566 et
1456 1527 1604 1566 urbane
1625 1526 1765 1565 irridet

311 1584 530 1636 jocularem
551 1583 658 1621 illam
676 1583 833 1620 Simiam
851 1583 1055 1622 Tonantis:

751 1638 833 1678 Καὶ
860 1634 950 1690 ‘tax'
988 1636 1040 1679 ἂν
1076 1635 1277 1693 Κεραύνια

588 1692 765 1746 Πὲμφιξι
794 1696 961 1746 βροντῆς
992 1694 1057 1735 καὶ
1087 1697 1299 1747 δυσοσμίας
1326 1690 1453 1749 βαλοι.

751 1748 903 1788 Forsan
931 1760 966 1788 et
989 1760 1089 1803 petet
1123 1751 1312 1789 Ceraunia

592 1803 720 1843 Odore
747 1814 842 1844 tetro
871 1815 907 1844 et
933 1807 972 1844 vi
1001 1820 1159 1846 corusca
1178 1805 1382 1863 fulminis.

191 1865 224 1896 Ο
247 1865 293 1898 60
316 1860 364 1899 Et
383 1859 487 1899 illud
508 1859 606 1898 alter
609 1874 693 1910 um·

190 1910 222 1943 V
246 1911 289 1944 31
647 1915 824 1969 Πέμφιγι
852 1929 984 1957 πασαν
1012 1915 1112 1968 ὄψιν
1141 1914 1288 1971 οἷγγέλῳ
1316 1913 1451 1971 πυρός.

586 1970 730 2010 Nimbo
760 1987 830 2010 ora
859 1973 993 2011 velans
1024 1974 1164 2012 nuncio
1193 1974 1364 2013 tonitrui.

319 2024 450 2076 Atque
481 2025 688 2077 hucusque
712 2027 928 2078 Sophocles
957 2029 996 2066 in
1026 2042 1071 2066 eo
1100 2028 1275 2066 dramate
1307 2028 1516 2080 processit:
1552 2041 1640 2067 nam
1662 2040 1760 2078 quae

319 2087 558 2133 sequuntur,
604 2082 721 2133 plane
751 2084 899 2135 tragica
929 2090 1040 2134 sunt,
1085 2091 1122 2122 et
1150 2085 1389 2123 lamentabili
1423 2084 1593 2123 carmine
1621 2084 1760 2136 deplo-

318 2137 453 2176 randa.

533 2191 585 2231 At
603 2199 714 2244 pater
735 2195 975 2245 omnipotens
995 2196 1114 2234 densa
1132 2195 1235 2234 inter
1253 2195 1388 2234 nubila
1405 2196 1526 2233 telum

537 2249 758 2298 Contorsit‚
789 2252 891 2299 (non
909 2253 976 2290 ille
997 2252 1125 2300 faces,
1155 2265 1228 2289 nec
1242 2252 1371 2289 fumea
1389 2251 1512 2289 taedis

535 2303 725 2357 Lumina)
758 2306 1086 2357 praecipitemque
1106 2307 1264 2345 immani
1281 2307 1434 2345 turbine
1456 2305 1596 2356 adegit.

323 2358 371 2396 Et
392 2357 490 2397 haec
514 2359 670 2410 quidem
699 2361 921 2413 conjectura
940 2362 1135 2413 probabili
1160 2363 1359 2400 nituntur:
1389 2362 1455 2399 sed
1474 2368 1583 2399 extra
1602 2368 1759 2400 contro-

321 2415 490 2454 veisiam
518 2429 602 2454 rem
630 2417 764 2454 statuit
788 2416 1007 2456 Athenaeus
1030 2417 1098 2455 lib.
1117 2432 1174 2459 xi.
1202 2421 1385 2458 Καλεῖται
1414 2415 1455 2456 δὲ
1485 2414 1611 2468 μάνης
1628 2418 1694 2457 καὶ
1715 2415 1759 2458 vd

323 2469 387 2508 ἐπὶ
413 2467 603 2522 κοτταβου
634 2470 862 2538 ἐφεστηκὸς,
904 2468 982 2522 ἀφ’
1011 2467 1060 2512 οὗ
1091 2473 1190 2522 (leg.
1224 2469 1292 2524 ἐφ’
1324 2468 1400 2523 ου)
1426 2488 1497 2519 τας
1526 2470 1692 2525 λαταγας
1716 2472 1760 2512 ἐν

322 2526 493 2579 παιδιᾷ’
481 2525 681 2577 ἔπεμπον,
708 2524 804 2582 ὅπερ
828 2527 847 2569 ὅ
862 2530 1075 2580 Σοφοκλῆς
1099 2528 1141 2568 ἐν
1167 2531 1371 2580 Σαλμωνεῖ
1393 2524 1572 2578 χάλκειον
1596 2528 1671 2581 ἔφη
1689 2524 1760 2568 κά-

324 2594 395 2632 ρα,
424 2566 545 2634 λέγων
570 2580 714 2629 ου’τως·

598 2636 654 2677 Τ
630 2654 654 2677 α
683 2634 720 2678 δ’
749 2637 828 2679 ἔστι
853 2636 1010 2691 κνισμὸς
1036 2637 1104 2679 καὶ
1130 2633 1359 2706 φιλημάτων
1385 2634 1531 2690 ψόφος,

600 2696 662 2747 Τῷ
687 2696 1049 2760 καλλικοτταβοῦντι
1074 2690 1279 2760 νικητήρια

598 2751 766 2800 Τίθημι,
795 2750 862 2790 καὶ
890 2746 1048 2802 βαλόντι
1071 2746 1250 2800 χάλκειον
1277 2764 1391 2801 καρα.

326 2801 406 2839 Jam
426 2802 460 2840 si
476 2809 611 2855 potes,
641 2804 794 2855 dubita,
823 2820 873 2844 an
904 2806 1036 2845 drama
1052 2803 1270 2856 satyricum
1291 2805 1412 2852 fuerit
1429 2803 1561 2845 nec'ne.
1619 2803 1754 2843 Profe-
