1852 3236
294 237 368 265 xlv
820 218 1231 267 PRAEMONITIO.

293 333 473 385 proxime
499 336 742 389 acceperint,
769 334 814 378 τό
841 340 900 386 Ας
923 338 1160 380 Graecorum
1187 341 1228 380 in
1255 341 1291 381 A
1321 343 1633 396 frequentissime
1660 343 1734 384 im-

292 406 455 442 mutent.
511 401 597 442 Hoc
616 411 778 457 apparet
797 405 878 444 fere
897 420 1049 460 semper
1067 409 1203 448 fecisse
1216 407 1448 450 Latinorum
1474 410 1734 462 antiquiores²

291 468 426 519 Neque
447 468 588 509 desunt
606 473 782 523 exempla
802 479 892 523 post
911 473 978 512 illa
1003 475 1117 514 etiam
1141 483 1339 528 tempora,
1371 477 1533 528 quibus,
1570 475 1736 516 Graecia

292 540 376 574 tota
395 536 436 574 in
455 536 615 575 Romam
638 551 676 576 se
697 538 941 590 effundente,
969 542 1188 581 contrarius
1220 556 1305 581 mos
1332 543 1565 582 invalescere
1591 549 1734 594 coepe·-

290 610 374 652 rat3
401 617 525 655 neque
547 617 590 642 ea
616 605 793 656 profecto
819 606 858 643 in
882 607 1110 647 Nominibus
1132 610 1259 648 solum
1280 608 1484 649 Servorum
1511 615 1579 648 aut
1596 607 1736 648 Liber-

289 671 479 718 tinorum,
507 670 591 719 vel,
621 671 824 710 viventium
849 674 888 711 in
912 674 1060 714 Latina
1088 677 1263 727 civitate,
1294 677 1402 729 quod.
1421 675 1578 714 omnino
1597 687 1735 727 preca-

291 736 353 775 rio
380 742 558 774 statuunt
582 736 665 775 Viri
691 737 811 779 docti.
869 741 969 780 Hinc
999 743 1104 795 apud
1140 741 1340 792 solinum,
1377 742 1593 790 Iustinum,
1627 740 1735 780 Oro-

290 805 411 851 sium,
440 802 718 858 Hieronymum
737 805 777 843 in
803 803 991 848 Chronico
1017 809 1256 854 Eusebium,
1287 809 1531 848 PERDICCA
1551 809 1637 847 Rex
1653 807 1735 846 Ma-

290 871 495 910 cedonum.
554 870 643 924 (An
662 872 728 911 ille
751 874 945 912 Romanus
969 874 1221 915 Libertinus?
1248 891 1296 914 an
1314 877 1417 916 vixit
1444 879 1484 916 in
1504 873 1655 912 Latina
1674 873 1734 912 ci-

287 938 466 988 vitatem
497 938 596 977 Hinc
623 952 759 977 rursus
787 941 891 991 apud
916 940 1117 990 orosium,
1148 943 1318 982 ARUBA
1343 946 1428 983 Rex
1459 942 1732 991 Molossorum,

289 1011 328 1043 et
357 1005 550 1044 ALCETA
579 1006 700 1044 frater
734 1007 952 1048 Perdiccae.
1022 1008 1122 1046 Hinc
1152 1010 1255 1060 apud
1279 1011 1411 1050 Amm.
1437 1007 1732 1059 ΙΙἸανσεΖΖίηιινη,

288 1071 577 1121 HORMISDA,
606 1073 755 1111 Nomen
782 1076 928 1125 Regum
958 1075 1118 1126 aliquod
1149 1077 1374 1127 Persarum,
1407 1076 1514 1128 quod
1536 1076 1733 1128 Ορμίσδας

287 1146 418 1178 {amen
439 1140 624 1179 scribitur
643 1141 823 1191 Graecis,
856 1143 996 1193 quibus
1019 1143 1150 1181 ferunt
1170 1150 1370 1196 acceptum
1391 1143 1536 1190 Latini3
1562 1149 1606 1181 ut
1623 1142 1733 1195 apud

289 1205 616 1259 Theophylactum
640 1206 911 1258 Simocattam,
942 1208 1176 1262 Syncellum,
1208 1210 1486 1264 Theophanem,
1517 1209 1734 1256 meram,

289 1271 517 1322 Ceth-enum,
547 1274 804 1327 Nicephorum
830 1275 872 1313 in
899 1274 1122 1325 Breviario,
1154 1277 1261 1315 alios.
1321 1278 1417 1316 Hinc
1439 1278 1565 1328 Papae
1581 1277 1732 1315 Nomen

283 1340 548 1380 HORMISDA
571 1342 610 1379 in
643 1341 866 1396 Pontificali
893 1342 1101 1391 Anastasii,
1141 1351 1180 1383 et
1221 1344 1261 1382 in
1297 1345 1392 1397 ipsis
1424 1344 1507 1397 ejus
1533 1341 1730 1396 Epistolis.

285 1408 453 1458 Liceret,
475 1422 562 1460 cum
581 1409 850 1461 compluribus
869 1411 964 1459 aliis,
985 1406 1029 1449 τό
1050 1410 1188 1459 ΜΙΙ)Α,
1213 1424 1261 1448 ex
1273 1410 1323 1451 D.
1346 1409 1594 1464 Hieronymo,
1623 1409 1731 1448 aliis-

285 1489 361 1527 que
381 1489 425 1514 eo
447 1477 747 1526 vetustioribus,
778 1476 940 1516 adhaec
960 1476 1146 1530 adjicere:
1175 1477 1246 1516 sed
1268 1477 1317 1516 de
1333 1477 1422 1516 lana
1447 1475 1730 1516 Grammatico-

282 1558 367 1582 rum
384 1543 565 1595 caprina,
594 1545 680 1596 plus
700 1544 804 1583 satis.

395 1612 430 1648 A
449 1609 622 1649 Nominis
649 1610 930 1649 Terminatione
949 1610 1145 1662 adipsum
1164 1611 1332 1661 Nomen,
1362 1625 1382 1650 e
1405 1627 1519 1651 coeno
1539 1611 1728 1666 inflores,

283 1678 339 1717 mi
361 1678 525 1727 Lector,
551 1678 630 1729 jam
657 1683 908 1716 transeamus.
967 1677 1066 1716 Hinc
1093 1691 1205 1716 suum
1231 1679 1453 1730 Cognomen
1478 1681 1639 1718 sortitus
1669 1685 1729 1718 est

283 1751 418 1784 noster
436 1745 670 1794 JOANNES,
701 1745 806 1796 quod
827 1745 867 1782 in
887 1742 1052 1783 barbaro
1070 1758 1140 1782 suo
1173 1746 1305 1784 seculo
1325 1745 1574 1785 Rhetoricam
1603 1746 1729 1798 qualis

285 1814 411 1864 qualis
430 1813 705 1866 profitebatur3
735 1824 875 1863 nempe
896 1825 979 1850 eam
1005 1812 1194 1861 docendo,
1226 1811 1478 1865 Paedagogus
1495 1826 1566 1851 suo
1593 1814 1727 1852 seculo

284 1878 447 1929 dignus3
475 1880 540 1918 vel
565 1880 711 1918 Causas
730 1878 770 1916 in
789 1879 891 1917 Foro
911 1878 1079 1929 agendo,
1110 1878 1375 1919 Scholasticus
1393 1893 1461 1918 seu
1480 1878 1726 1918 Advocatus·

282 1947 383 1985 Nam
403 1946 608 1984 MALALA
636 1942 732 1999 (seu
746 1945 969 1995 MALELA,
994 1952 1039 1984 ut
1060 1947 1285 1998 scripsimus
1303 1960 1395 1995 nos,
1424 1959 1474 1984 ex
1491 1946 1727 1998 pronuncia-

284 2013 392 2052 tione
408 2013 603 2065 aliquanto
625 2012 816 2062 faciliori,
846 2019 882 2051 et
900 2013 1133 2065 receptiori,
1163 2013 1230 2051 sed
1259 2013 1386 2050 minus
1405 2010 1537 2066 recta)
1563 2013 1606 2051 in
1633 2014 1725 2051 Lin-

284 2092 359 2130 gua
383 2079 549 2134 Syriaca
573 2086 630 2118 est
648 2079 855 2117 RHETOR
874 2093 942 2117 seu
963 2080 1187 2128 ORATOR,
1210 2079 1453 2117 SOPHISTA
1473 2079 1554 2118 sive
1574 2079 1724 2118 SCHO·

282 2147 534 2184 LASTICUS.
591 2146 650 2184 Ex
680 2159 754 2196 qua
784 2146 962 2198 profecto
988 2146 1252 2195 Professione‚
1285 2146 1594 2185 animadvertere
1619 2146 1724 2198 licet,

281 2214 489 2266 permultis
522 2214 615 2252 olim
642 2213 823 2251 Literatis
849 2213 952 2251 Viris
993 2214 1243 2252 consuevisse
1278 2211 1439 2251 haerere
1475 2213 1725 2267 Cognomina·

281 2280 401 2320 Visne
421 2280 635 2332 Exempla?
665 2280 764 2317 Ecce
786 2279 898 2318 nobis
922 2280 1124 2331 complura
1144 2280 1185 2318 in
1202 2286 1389 2332 promptu
1405 2285 1509 2318 sunt.
1565 2280 1724 2319 Clarue-

279 2360 322 2386 re
353 2348 589 2397 Cognomine
617 2346 919 2395 RHETORUM,
957 2345 1235 2396 Demochares,
1276 2347 1452 2396 Priscus,
1492 2346 1724 2397 Zacharias,

273 2414 513 2466 Procopius,
549 2413 767 2463 Diodorus,
810 2421 847 2453 et
872 2411 1041 2451 Joannes
1078 2413 1177 2451 alius
1216 2413 1412 2464 antiquior
1442 2412 1722 2454 Antiocheam.

281 2480 634 2519 SOPHISTARUM
664 2481 832 2519 floruere
859 2480 1114 2530 Cognomine,
1155 2478 1392 2525 Callinicus,
1430 2479 1568 2529 Abas,
1604 2478 1722 2517 Euse-

283 2545 388 2595 hius,
417 2546 713 2601 Metrophanes,
743 2546 956 2597 Malchus,
985 2545 1211 2598 Eutropius,
1240 2545 1488 2595 Eustochius,
1519 2545 1722 2583 Nicostra-

281 2621 353 2658 1us,
381 2612 576 2663 Polemon,
608 2614 871 2663 Bemarchius,
894 2614 970 2652 alii.
1013 2614 1077 2651 Sic
1098 2612 1550 2651 SCHOLASTICORUM
1570 2612 1721 2661 Cogno-

279 2685 410 2717 mento
441 2688 531 2719 sunt
557 2682 754 2732 insigniti,
792 2680 1011 2734 Agathias,
1041 2678 1253 2731 Euagrius,
1283 2678 1545 2731 Epiphanius,
1576 2675 1721 2714 Socra-

282 2755 358 2790 ies,
392 2753 430 2785 et
449 2746 692 2787 Sozomenus.
750 2749 802 2786 Hi
827 2761 978 2796 omnes,
1007 2752 1051 2784 ut
1070 2745 1275 2785 MALALA
1295 2751 1449 2795 noster,
1481 2745 1599 2794 (nam
1623 2743 1720 2780 alios

284 2813 410 2852 sciens
445 2814 697 2866 prudensque
727 2815 865 2866 taceo)
904 2814 1119 2866 Scriptores
1157 2812 1435 2853 Historiarum.
1502 2810 1558 2865 Eo
1596 2821 1719 2860 usque
