1838 3230
287 179 386 224 300
682 175 972 221 IOANNIS
1000 179 1366 224 MALALAE*

143 299 175 333 Ο
199 299 267 335 397
290 291 397 338 πάνυ
426 293 585 355 χρόνῳ,
622 296 780 350 ἐποίησε
814 297 932 339 θειάν
962 297 1089 341 αὐτοῦ
1117 298 1293 341 κε’λευσιν
1323 300 1393 342 ἵνα
1422 299 1464 350 ἐξ
1490 299 1638 343 ἐκείνου
1660 306 1734 345 τοῦ

281 362 434 420 χρόνου
468 365 507 407 οἳ
541 368 614 419 τῆς
645 363 799 415 πόλεως
836 364 969 421 πάσης
1003 367 1310 423 ἓργαστηριακοὶ
1341 367 1608 424 Αὖρηλιανοὶ,
1629 386 1746 425 χρη-ι

233 441 265 476 D
287 433 520 487 ματίζουσι,
568 437 640 474 τοῦ
671 437 884 486 βασιλικοῦ
918 432 1116 489 ὀνόματος
1144 433 1338 489 λαβόντες
1374 436 1447 490 τὴν
1485 435 1601 486 ἀξίαν
1633 435 1735 494 ὑπὲρ

284 505 403 555 τιμῆς
438 502 503 542 καὶ
533 498 680 543 κόπων.
751 500 771 544 ὃ
803 503 847 544 δὲ
877 502 1002 552 αὐτὸς
1026 503 1287 558 Αὖρηλιανὸς
1307 503 1519 562 δεξάμενος
1544 501 1731 559 μήνυσιν,

284 567 573 623 ἐπεστράτευσε
604 568 708 611 κατὰ
736 572 965 624 Ζηνοβίας,
1000 573 1242 626 βασιλίσσης
1271 576 1546 627 Σαρακηνῶν,
1575 574 1637 622 ,εἷς
1659 572 1767 628 τὴνὸ

236 646 238 651 '
284 636 487 691 ἀνατολὴν
519 634 724 679 ἀπελθών.
794 637 981 694 ἐμηνύθη
1020 639 1096 695 γὰρ
1126 641 1214 695 περὶ
1251 639 1378 695 αὐτῆς
1412 639 1474 682 ὅτι
1502 641 1735 696 ἔπραίδευσε

284 706 350 746 καὶ
380 703 520 747 ἔκαυσε
561 705 613 747 τὰ
646 705 863 748 ἀνατολικὰ
896 708 998 763 με’ρη
1035 708 1109 757 ἕως
1142 712 1224 750 τῶν
1253 706 1373 764 ὃρίων
1395 707 1637 762 Ἀντιοχείας
1662 713 1735 763 τῆς

282 770 473 827 μεγάλης,
511 775 681 828 πλησίον
700 778 773 816 τοῦ
788 772 983 830 Ὀρόντου
1005 780 1190 829 ποταμοῦ
1208 774 1570 831 κατασκηνώσασα.
1607 775 1634 830 ἢ
1655 774 1735 830 μό-

283 857 353 882 νον
379 841 422 882 δὲ
455 841 713 898 κατέφθασεν
751 840 771 884 ὃ
807 842 931 893 αὐτὸς
960 843 1150 897 βασιλεὺς
1190 844 1451 900 Αὖρηλιανὸς
1476 841 1732 898 Ἀντιόχειαν,

284 907 437 958 εὐθέως
458 908 666 965 ὥρμησεν,
696 908 750 960 ὥς
769 910 844 965 ἔχει
855 944 867 963 ,
905 911 991 954 κατ’
1016 911 1142 966 αὐτῆς
1160 910 1335 961 ἐξελθών
1349 926 1358 935 ·
1396 913 1462 954 καὶ
1481 910 1734 968 συγκρούσας
1746 925 1790 959 10

283 977 482 1031 κατέκοψε
510 978 561 1020 τὰ
581 976 720 1033 πλήθη
746 979 871 1034 αὐτῆς
903 977 1049 1023 πάντα.
1119 980 1371 1036 παραλαβών
1391 981 1434 1022 δὲ
1455 980 1581 1035 αὐτὴν
1597 984 1733 1035 Ζηνο-

282 1045 392 1096 βιάν,
430 1043 618 1088 ἐκάθισεν
641 1049 695 1096 εἷς
721 1049 1005 1103 δρομωναρίαν
1025 1045 1205 1102 κάμηλον
1219 1062 1228 1071 ·
1265 1050 1330 1090 καὶ
1352 1045 1587 1102 πομπεύσας
1607 1048 1734 1103 αὐτὴν

286 1115 342 1161 εἷς
362 1113 436 1162 τὰς
457 1114 697 1164 ἀνατολικὰς
711 1115 849 1171 χώρας
878 1114 1012 1166 πάσας
1047 1114 1250 1172 εῗσήγαγεν
1281 1116 1407 1171 αὐτὴν
1427 1117 1493 1159 καὶ
1515 1118 1568 1166 εἷς
1580 1114 1734 1159 Ἀντιό-

232 1192 266 1226 Ε
285 1197 398 1234 χειαν
431 1182 503 1236 τὴν
525 1182 713 1238 μεγάλην.
785 1182 850 1226 καὶ
873 1183 1092 1241 θεωρήσας
1125 1186 1206 1226 ἐκεῖ
1232 1182 1498 1241 ἱπποδρόμιον
1532 1182 1734 1240 εἶσήγαγεν

285 1249 411 1303 αὐτὴν
438 1252 492 1299 εἷς
519 1253 801 1306 δρομωιτιρίαν
827 1251 1022 1306 κάμηλον.
1091 1255 1156 1294 καὶ
1177 1255 1317 1302 κτίσας
1335 1254 1376 1294 ἐν
1393 1252 1496 1309 αὐτῇ
1515 1252 1731 1311 Ἀντιοχείᾳ
1746 1263 1788 1298 15

283 1315 423 1370 τόπον,
462 1318 625 1373 ἔστησεν
654 1319 779 1374 αὐτὴν
812 1319 895 1362 ἄνω
926 1321 1136 1375 δεδεμένην
1171 1322 1232 1362 ἐπὶ
1258 1319 1411 1376 ’ἡμέρας
1435 1327 1560 1376 τρεῖς·
1598 1319 1733 1363 ὅντινα

278 1383 407 1427 τόπον
442 1388 582 1436 κτίσας
615 1386 774 1430 ἐκάλεσε
808 1389 1030 1444 θρίαμβον.
1100 1389 1286 1430 κάκεῖθεν
1325 1388 1565 1443 κατενεγκών
1605 1387 1732 1443 αὐτὴν

131 1464 163 1516 Q
188 1465 256 1500 398
281 1451 481 1509 ἀπήγαγεν
516 1457 556 1497 ἓν
586 1460 636 1511 τῇ
661 1453 818 1512 Ῥώμῃ,
858 1454 911 1506 ὥς
937 1458 1179 1509 βασίλισσαν
1211 1455 1435 1511 βαρβάρων
1457 1460 1729 1511 Σαρακηνῶν’

278 1523 345 1562 καὶ
376 1521 660 1577 θριαμβεύσας
693 1523 818 1578 αὐτὴν
847 1525 888 1566 ἐν
918 1529 968 1581 τῇ
996 1520 1130 1582 Ῥώμῃ
1163 1529 1221 1584 τῷ
1249 1522 1389 1583 πρῴην
1421 1522 1597 1579 σχήματι
1631 1523 1731 1566 ἄπε-

278 1587 490 1646 κεφάλισεν
514 1589 652 1645 αὐτήν.
1740 1603 1787 1637 20

374 1656 423 1700 ‘O
443 1659 487 1701 δὲ
506 1659 629 1708 αὐτὸς
645 1660 836 1712 βασιλεὺς
861 1660 1116 1716 Αὖρηλιανός
1136 1662 1202 1703 καὶ
1222 1660 1296 1715 τὴν
1311 1659 1528 1715 Ἀραβίαν,
1564 1676 1733 1714 κατεχο-

136 1741 167 1775 v
192 1742 257 1780 129
280 1726 403 1781 μένην
423 1725 502 1769 ὑπὸ
523 1726 747 1784 βαρβάρων
767 1732 1031 1784 Σαρακηνῶν,
1069 1733 1266 1784 συγγενῶν
1281 1727 1459 1770 Ἔνάθου
1474 1732 1731 1783 Σαρακηνοῦ,

278 1793 480 1851 φονεύσας
507 1794 662 1845 πάντας
696 1797 878 1851 ἐποίησεν
909 1797 1034 1852 αὐτὴν
1063 1795 1141 1839 ὑπὸ
1160 1795 1382 1850 Ῥωμαίους
1404 1794 1500 1838 εἶναι
1520 1797 1729 1851 ἐπαρχίαν.

370 1893 402 1925 2.
427 1893 697 1938 χρηματίζουσι]
720 1894 963 1939 χρηματίζωσι
980 1893 1043 1928 Ch.
1068 1894 1168 1930 Conf.
1186 1893 1230 1928 ad
1247 1904 1282 1939 p.
1296 1893 1423 1929 121.B.
1493 1893 1546 1927 12.
1567 1891 1621 1927 15.
1646 1892 1730 1936 δρο-

366 1940 546 1984 μοναρίαν
570 1939 637 1973 Ox.

280 2016 406 2060 coegit.
452 2017 553 2052 Muro
576 2017 692 2063 itaque
715 2018 837 2064 exiguo
860 2019 1020 2065 temporis
1043 2018 1152 2063 spatio
1177 2019 1222 2053 ad
1244 2018 1372 2053 exitum
1394 2016 1579 2063 perducto,
1602 2016 1729 2052 Edicto

280 2073 339 2096 suo
363 2062 583 2107 Imperatorio
607 2064 778 2105 decrevit,
809 2070 848 2100 ut
869 2069 1036 2110 quotquot.
1057 2066 1307 2100 Romae‘erant
1329 2063 1571 2108 Operatiorum
1594 2063 1629 2096 in
1651 2063 1731 2097 Me·-

282 2107 429 2142 chanicis
459 2108 548 2142 hisce
577 2109 759 2151 sodalitiis,
791 2112 834 2145 ab
865 2111 1088 2157 Imperatorio
1118 2110 1252 2155 nomine
1272 2110 1451 2144 Aureliam·
1481 2109 1603 2143 exinde
1626 2119 1730 2143 voca-

281 2159 417 2188 rentur:
442 2165 561 2199 nempe
583 2156 768 2189 mercedem
791 2158 892 2198 hanc,
917 2169 980 2202 pro
1006 2156 1184 2191 exantlatis
1207 2155 1387 2196 laboribus,
1410 2158 1636 2200 reportantes.
1658 2155 1731 2189 Au-

280 2199 426 2234 relianus
448 2211 530 2234 vero
554 2211 615 2244 per
638 2200 754 2234 literas
778 2203 915 2236 edoctus
939 2203 1146 2244 Zenobiam,
1184 2201 1431 2235 Saracenorum
1454 2200 1625 2244 reginam,
1648 2210 1728 2245 par-

281 2248 333 2278 tes
355 2245 534 2279 orientales
556 2245 717 2279 incendiis
740 2251 886 2290 vastare,
914 2248 1056 2294 direptis
1079 2247 1240 2288 omnibus,
1263 2246 1414 2291 adusque
1437 2245 1635 2280 Antiochiae
1657 2256 1728 2278 ma-

281 2301 370 2335 gnae
393 2291 496 2331 fines;
534 2294 570 2324 et
593 2291 756 2324 Orontem
779 2304 888 2337 prope
910 2293 1047 2327 fluvium
1071 2299 1183 2327 castra
1206 2304 1264 2326 sua
1287 2291 1456 2337 posuisse3
1494 2291 1530 2324 in
1553 2291 1728 2325 Orientem

281 2341 401 2371 contra
423 2336 528 2381 ipsam
553 2348 625 2370 cum
648 2336 798 2370 exercitu
821 2339 995 2382 profectus
1019 2343 1078 2373 est.
1117 2337 1364 2383 Quamprimum
1386 2341 1496 2370 autem
1519 2335 1729 2370 Antiochiam

281 2383 441 2426 appulsus
464 2382 588 2424 fuerat,
612 2381 733 2415 educto
756 2384 917 2425 exercitu,
941 2385 1013 2418 sine
1035 2396 1127 2419 mora
1149 2384 1299 2428 reginam
1323 2383 1460 2417 adortus
1485 2386 1557 2422 est3
1580 2381 1728 2426 praelio-

277 2438 345 2471 que
370 2427 560 2468 commisso,
583 2432 619 2462 et
642 2427 747 2471 copiis
771 2428 841 2471 ejus
865 2430 1012 2463 omnibus
1036 2429 1248 2474 profligatis,
1271 2429 1376 2472 ipsam
1399 2438 1534 2472 quoque
1557 2426 1727 2472 captivam

276 2471 417 2514 habuit3
463 2477 499 2507 et
530 2472 665 2507 Camelo
699 2473 860 2507 Dromadi
891 2475 1202 2521 superimpositam,
1248 2484 1309 2519 per
1340 2472 1515 2507 Orientem
1543 2483 1670 2507 omnem
1693 2472 1728 2505 in

278 2517 468 2564 Triumpho
491 2518 635 2555 diduxit.
679 2518 891 2554 Antiochiam
914 2531 995 2553 vero
1020 2521 1228 2565 perductam,
1253 2519 1330 2552 dum
1353 2519 1530 2562 spectabat
1552 2518 1563 2551 i
1589 2531 1624 2552 se
1648 2517 1727 2551 Cir-

279 2563 411 2605 censia,
449 2564 485 2597 in
508 2564 641 2599 Circum
672 2576 744 2599 eam
766 2563 935 2598 introduci
968 2566 1088 2608 jussit,
1132 2563 1283 2599 dromadi
1306 2563 1514 2597 insidentem.
1563 2530 1728 2608 flegmate

279 2619 418 2654 quoque
441 2615 578 2651 erecto,
618 2609 709 2655 quod
732 2611 774 2644 ob
798 2611 863 2644 hoc
890 2611 1107 2654 Triumphum
1130 2609 1288 2648 vocavit,
1328 2608 1362 2642 in
1386 2621 1426 2643 eo
1450 2608 1640 2644 devinctam
1664 2619 1727 2653 per

278 2654 425 2688 triduum
456 2667 529 2689 eam
552 2655 712 2690 collocari
739 2655 847 2700 jussit.
893 2655 1032 2690 Romam
1055 2667 1137 2689 vero
1159 2654 1238 2688 inde
1261 2654 1492 2698 deportatam,
1537 2666 1598 2688 ceu
1621 2654 1727 2698 Regi-

279 2710 356 2733 nam
379 2700 603 2735 Barbarorum
626 2701 891 2742 Saracenorum,
927 2700 985 2734 ubi
1009 2701 1126 2734 eadem
1149 2711 1217 2744 qua
1239 2700 1438 2735 Antiochiae
1460 2711 1583 2746 pompa
1608 2700 1726 2734 trium-

279 2745 447 2789 phandam
469 2746 519 2779 ibi
541 2746 707 2788 dedisset,
738 2750 842 2792 caput
864 2746 896 2780 ei
919 2746 1117 2792 amputavit.

370 2791 479 2826 Porro
510 2791 698 2837 Imperator
720 2791 937 2834 Aurelianus,
975 2792 1040 2826 illis
1063 2790 1191 2826 Enathi
1222 2792 1374 2836 cognatis
1394 2791 1602 2834 interfectis,
1639 2791 1725 2826 Ara-

278 2834 380 2878 biam,
404 2838 447 2872 ab
470 2836 534 2871 illis
557 2842 768 2885 occupatam,
792 2839 943 2874 Romano
965 2837 1106 2884 imperio
1130 2848 1242 2873 rursus
1265 2837 1415 2874 asseruit,
