1838 3230
282 199 365 225 Lxx
782 177 1242 222 PROLEGOMENA.

284 294 403 344 bere,
431 306 481 332 ne
509 293 665 332 Lecton·
689 293 827 347 judicii
856 293 1064 333 limatioris
1098 293 1255 334 fastidio
1282 293 1368 333 sim.
1433 293 1496 333 Ex
1520 292 1748 348 hujusmodi

287 374 378 400 sane
397 359 615 400 Mustaceis
632 361 870 403 Laureolum
889 375 970 400 non
992 350 1151 414 (iuuere.

397 427 621 469 XXXVlII.
681 429 745 467 Sic
773 443 823 467 ex
848 428 961 468 dictis
998 429 1102 481 (nisi
1131 429 1303 468 maxime
1325 428 1474 480 fallor)
1506 428 1749 481 apertissima

288 495 490 546 colligitur
517 495 566 533 de
591 501 716 534 aetate
742 493 1036 549 Chronogrophi
1062 497 1189 536 nostri
1215 496 1316 535 nihil
1342 495 1466 535 astrui
1489 509 1607 549 posse
1629 508 1681 536 ox
1703 509 1750 536 eo

292 562 399 615 quod
428 561 681 614 reperiantur
710 563 818 615 apud
845 561 1062 603 Chronicon
1092 562 1276 604 Paschale
1303 577 1393 603 cum
1417 563 1525 602 itlius
1546 563 1750 604 Narratio-

290 631 408 670 nibus
437 629 488 668 ad
514 630 679 669 verbum
709 631 976 670 consonantia.
1032 631 1090 671 Ne
1112 631 1161 670 ab
1191 631 1323 682 aliquo
1345 638 1548 683 praeterea
1571 631 1753 671 trahatur

292 699 335 737 in
363 703 658 749 argumentum,
689 698 796 749 quod
825 698 873 737 de
891 698 1008 737 rebus
1033 712 1131 750 quae
1155 699 1389 737 vetustiores
1407 698 1636 750 videantur,
1664 705 1753 738 tan·-

295 779 412 818 quam
442 779 567 818 usque
607 765 658 803 ad
687 778 796 803 suam
825 766 1048 805 memoriam
1086 765 1394 818 perdurantibus
1426 767 1641 819 loquatur-,-
1684 764 1753 805 hic

293 833 488 872 monitum
508 832 628 872 velim
645 834 848 872 Lectorem
863 863 873 883 ,
907 847 986 872 non
1009 833 1116 872 illius
1137 834 1282 885 ipsius,
1311 834 1380 874 sed
1401 833 1622 884 Anterum,
1652 846 1753 886 quos

295 901 362 939 ille
386 907 543 939 secutus
571 907 653 950 est,
694 914 776 941 esse
806 901 934 940 onmia
958 902 1056 951 ista,
1087 900 1160 949 ἕως
1191 899 1299 954 ι’ἱρτι,
1328 907 1368 941 et
1394 901 1468 950 ἕως
1492 904 1564 954 τῆς
1583 903 1683 951 νῦν,
1715 907 1756 942 ot

297 968 452 1015 similia,
483 982 582 1020 quae
601 968 717 1007 toties
735 970 900 1021 repetita
918 975 1144 1008 occurrunt.
1202 968 1288 1008 Hoc
1307 982 1357 1008 ex
1378 969 1456 1008 illis
1477 981 1578 1020 quae
1594 968 1756 1022 jamjam

299 1035 552 1074 disseruimus
567 1049 683 1074 nemo
708 1042 764 1074 est
784 1037 851 1088 qui
870 1050 950 1075 non
974 1037 1087 1075 facile
1110 1036 1333 1087 collegerit,
1363 1042 1404 1075 et
1418 1035 1521 1075 idem
1544 1049 1598 1076 ex
1616 1037 1758 1089 pleris-

301 1117 377 1155 que
396 1103 573 1155 ipsorum
591 1103 771 1142 locorum
787 1104 931 1144 elicias.
990 1105 1055 1142 Sic
1077 1103 1306 1156 hujusmodi
1321 1104 1469 1142 farinae
1488 1103 1758 1156 Scriptoribus

301 1171 385 1210 aliis
404 1170 501 1209 nihil
520 1172 641 1220 magis
665 1171 850 1210 usitatum
879 1178 917 1211 et
941 1172 1125 1220 solenne,
1154 1185 1272 1221 quam
1293 1169 1482 1223 ejusmodi
1505 1170 1646 1223 judicii
1666 1173 1759 1211 mali

301 1239 457 1278 indiciis
491 1239 644 1290 Scripta
680 1252 751 1276 sua
787 1238 1026 1290 deturpare,
1063 1237 1240 1288 risuique
1276 1244 1315 1276 et
1345 1251 1510 1277 nauseae
1547 1240 1760 1279 Lectorum

303 1306 556 1346 cordatorum
587 1320 796 1358 exponere.
864 1306 951 1344 Hoc
978 1305 1075 1344 viris
1105 1305 1268 1344 eruditis
1296 1311 1361 1344 sat«
1381 1311 1518 1344 notum
1555 1304 1757 1360 (opinor)

304 1387 350 1412 ac
369 1374 638 1427 exploratum;
665 1374 734 1412 sed
754 1388 832 1412 non
855 1374 980 1412 solum
1003 1373 1130 1411 scribo
1155 1373 1349 1412 Eruditis:
1378 1379 1470 1412 sunt
1488 1373 1621 1425 itaque
1642 1388 1762 1427 quae-

305 1442 394 1480 dam
419 1441 613 1480 afferenda
647 1442 847 1494 Exempla.
904 1441 1020 1493 Apud
1046 1439 1282 1479 Dorotheum
1300 1441 1593 1492 supposititium
1612 1443 1653 1480 in
1674 1457 1764 1495 syn-

306 1509 391 1563 opsi
440 1507 488 1548 de
527 1508 573 1548 V
568 1509 624 1547 ita
664 1518 858 1563 morteque
884 1508 1186 1563 Prophetarum,
1225 1507 1275 1546 de
1314 1506 1482 1546 Jeremia
1516 1509 1559 1546 in
1582 1510 1762 1560 Aegypto

306 1577 484 1629 sepulto,
522 1583 562 1616 et
590 1575 637 1613 ab
665 1576 865 1629 Aegyptiis
891 1577 933 1615 in
970 1589 1108 1627 magna
1137 1575 1386 1614 veneratione
1415 1573 1550 1614 habito
1580 1575 1673 1626 quia
1699 1589 1764 1615 eos

307 1657 381 1697 per
406 1657 542 1696 preces
573 1658 595 1681 a
617 1644 918 1684 Crocodilorum
947 1644 1194 1684 infestatione
1217 1643 1441 1692 liberasset,
1475 1642 1610 1682 verbis
1636 1642 1763 1694 factis,

308 1711 573 1764 subjungitur:
602 1710 702 1750 unde
727 1722 915 1767 quotquot
935 1713 1018 1752 Deo
1046 1707 1135 1752 sunt
1149 1708 1313 1766 fideZeS,
1343 1723 1469 1762 usque
1488 1709 1607 1749 hodie
1623 1707 1696 1749 illo
1723 1711 1766 1749 in

310 1777 398 1817 loco
414 1794 544 1831 preces
546 1777 731 1833 fundunt
753 1785 826 1819 etc.
887 1780 997 1829 Quae
1020 1780 1142 1819 verba
1169 1777 1362 1830 ipsissima
1385 1777 1637 1828 reperiuntur
1658 1776 1766 1829 apud

313 1843 530 1884 Chronicon
555 1845 700 1887 Pasch.
716 1847 766 1885 ad
788 1847 948 1900 Olymp.
976 1862 1068 1886 Lxx.
1099 1846 1168 1885 ubi
1194 1852 1300 1884 totus
1326 1846 1409 1883 fere
1430 1844 1620 1884 Dorothei
1638 1845 1766 1884 Libel-

311 1912 372 1950 lus
394 1912 650 1963 exscribitur,
680 1928 757 1952 non
780 1921 910 1955 tamen
935 1923 1120 1967 tanquam
1145 1914 1271 1962 iltius,
1303 1912 1372 1950 sed
1393 1911 1547 1950 nomine
1569 1911 1652 1964 ejus
1671 1925 1766 1962 sup-

311 1993 468 2031 presso3
499 1980 604 2032 apud
634 1981 826 2020 Libellum
852 1983 967 2021 etiam
994 1981 1040 2020 de
1065 1981 1110 2020 V
1105 1982 1170 2019 itis
1194 1977 1488 2033 prophetarum,
1519 1978 1587 2030 qui
1608 1977 1650 2017 S.
1671 1977 1767 2032 Epi-

309 2046 447 2099 phanii
474 2047 625 2086 Nomen
650 2048 849 2099 praefert,
890 2063 1042 2088 necnon
1063 2047 1171 2100 apud
1202 2047 1322 2084 alium
1347 2045 1598 2100 Anonymum
1619 2047 1695 2085 MS.
1721 2044 1769 2084 de

313 2127 397 2154 xvx.
431 2114 629 2167 Propheiis
658 2115 699 2152 in
729 2115 973 2154 Bibliotheca
999 2116 1116 2167 Regia
1144 2114 1343 2164 Parisina,
1374 2119 1412 2152 et
1436 2111 1661 2166 Symeonem
1686 2112 1768 2152 Lo-

407 2346 499 2392 apud
521 2347 613 2381 illum
636 2359 749 2382 eorum
773 2359 854 2392 pars
877 2348 974 2393 prior
996 2346 1081 2381 satis
1103 2345 1251 2392 prolixa.
1296 2345 1411 2381 Habet
1434 2345 1567 2390 quidem
1590 2346 1716 2380 Noster
1738 2345 1773 2379 in

410 2404 483 2452 alio¹
501 2404 597 2446 loco,
634 2404 678 2439 de
708 2405 896 2448 Barbysio,
935 2403 1125 2444 Ρήεάαῑία,
1158 2403 1275 2448 Byza,
1314 2406 1350 2437 et
1371 2402 1523 2438 Fortuna
1552 2402 1646 2438 urbis
1670 2403 1773 2437 Cerne

408 2460 586 2502 nonnulla,
610 2460 761 2495 nimirum
783 2460 820 2495 in
841 2471 947 2505 regno
972 2460 1187 2494 Constantini
1211 2461 1260 2494 M.
1284 2464 1453 2494 caeterum
1477 2471 1519 2494 ea
1542 2470 1628 2504 quae
1651 2459 1686 2493 in
1703 2459 1772 2493 Pa-

405 2516 514 2550 schah·
536 2517 790 2559 describuntur,
814 2528 881 2552 non
904 2516 1009 2550 fuisse
1032 2527 1074 2550 ex
1095 2516 1173 2549 istis
1195 2515 1393 2561 desumpta,
1417 2515 1597 2562 perspicue
1618 2515 1668 2549 illi
1690 2527 1774 2551 con-

408 2574 535 2615 stabit,
560 2573 617 2619 qui
639 2574 698 2609 illa
719 2573 810 2609 inter
832 2585 870 2608 se
893 2572 1090 2607 contulerim
1128 2576 1207 2606 sunt
1232 2572 1318 2606 enim
1342 2573 1427 2606 haec
1450 2576 1486 2606 et
1507 2572 1540 2606 in
1565 2571 1680 2606 verbis
1703 2571 1775 2606 dis-

410 2628 531 2664 similia
563 2634 600 2664 et
621 2630 656 2664 in
678 2632 780 2666 rebus
804 2629 1005 2675 copiosiora.
1052 2627 1148 2662 Adde
1184 2639 1288 2672 porro
1310 2629 1535 2663 narrationem
1559 2640 1647 2674 quae
1669 2629 1775 2664 habe-

409 2689 464 2718 tur
496 2687 540 2720 de
566 2688 802 2733 Diogeniano‚
836 2692 872 2721 et
895 2683 1097 2726 Philoxeno,
1132 2695 1198 2718 una
1233 2697 1306 2719 cum
1328 2685 1460 2730 Apione
1483 2696 1505 2719 a
1535 2685 1667 2720 Justino
1690 2685 1775 2730 Imp.

410 2741 453 2775 ab
479 2742 579 2777 exilio
602 2744 793 2786 revocatis3
833 2743 868 2778 in
891 2752 958 2787 qua
979 2739 1071 2787 apud
1095 2740 1261 2775 paschate
1290 2741 1504 2787 appellantur
1526 2740 1577 2775 illi
1605 2738 1775 2775 Eae-Ma-

409 2799 535 2843 gistri.-
566 2811 640 2834 cum
664 2806 775 2835 tamen
799 2812 819 2835 a
844 2800 974 2834 Malela
998 2801 1178 2832 Senatores
1200 2798 1303 2832 solum
1327 2801 1572 2844 nuncupentur.
1641 2831 1643 2834 ⁴
