1838 3230
213 1546 315 1582 093

348 191 445 241 750
931 179 1201 235 BENTLEn

346 303 581 344 domesticus
605 303 656 342 sit
677 303 928 355 sincerasque
945 317 1070 344 sermo
1093 305 1289 354 Graecus,
1318 318 1367 343 an
1385 304 1518 358 potius
1544 317 1785 357 peregi-mus,

346 367 386 399 et
402 364 582 414 πονηροῦ
605 358 826 412 κόμματος.9
855 360 1047 399 Nimirum
1078 375 1149 399 suo
1175 375 1217 400 se
1246 361 1394 400 indicio
1415 361 1591 413 prodidit
1615 361 1785 401 Judaeus

343 417 417 456 iste
435 430 566 456 sorex.
619 417 754 467 Neque
773 416 872 454 enim
891 417 1151 466 Hellenismus
1178 424 1255 467 est,
1285 431 1423 456 verum
1440 417 1693 457 Hebraismus
1713 429 1786 472 pu-

345 486 415 511 lus
444 479 564 526 putus
602 486 651 510 ex
679 474 718 512 S.
748 473 786 509 S.
812 473 975 511 tralatus
1002 479 1118 524 atque
1147 487 1370 525 expressus.
1407 474 1546 512 Psalm.
1577 486 1688 514 λίην.
1717 473 1785 541 (et

344 529 468 581 Epist.
496 529 546 567 ad
581 525 805 598 Hebraeos)
834 528 909 569 Λεὶ
933 532 1157 569 πλανωνται
1183 545 1228 584 τη
1263 529 1430 584 καρδία·
1473 529 1539 569 καὶ
1570 525 1689 570 αὐτοὶ
1711 525 1785 569 ov’x

347 585 524 637 ε’γνωσαν
546 600 615 631 τας
643 582 762 631 ὁδούς
795 599 883 635 μου.
948 585 1081 624 Esaias
1110 598 1197 624 xxi.
1235 588 1282 651 H
1303 586 1446 654 καρδία
1473 600 1549 636 μου
1574 586 1782 626 πλανᾶται.

344 641 427 679 lmo
450 641 646 678 enimvero
669 653 852 689 negamus
879 640 975 689 ista,
1005 644 1053 680 H
1070 638 1360 692 χρυσοτεύκτων
1379 637 1408 692 ἢ
1434 637 1707 707 ’λεφαντίνων
1717 656 1784 681 τυ-
1832 654 1838 657 Χ

343 712 444 744 πους
462 697 508 735 ab
529 696 684 734 homine
702 697 851 734 Graeco
873 670 1015 735 nediim
1033 711 1055 735 a
1076 696 1267 748 Sophocle
1282 696 1474 748 pioficisci
1490 710 1618 748 posse.
1651 691 1785 744 statos

343 752 449 790 hoc
439 767 478 790 in
503 754 591 791 loco
613 759 671 790 est
687 753 767 803 ipsa
788 758 936 801 statua,
967 749 1061 793 αὐτὸ
1079 751 1121 793 τό
1147 750 1319 806 ἄγαλμα,
1350 749 1425 794 ov'x
1451 749 1554 801 εἶδος
1575 755 1646 794 τοῦ
1668 748 1786 819 ἄγαλ-

345 824 484 876 ματος,
526 815 569 846 ut
596 808 703 860 apud
732 809 939 846 Isocratem
965 809 1007 846 in
1032 808 1107 847 fine
1138 811 1361 859 Euagorae:
1406 823 1499 857 τους
1533 806 1606 860 μὲν
1633 805 1786 856 τύπους

345 861 558 917 ἀναγκαῖον
577 880 682 917 παρα
700 861 854 911 τούτοις
874 861 975 904 εἶναι
992 861 1088 933 παρ’
1107 861 1166 912 οἷς
1195 861 1246 904 ἂν
1266 867 1452 904 σταθωσι.
1509 864 1692 903 Dicerent
1711 877 1785 903 ve-

342 935 390 960 1ο
419 921 561 959 Graeci
587 924 633 959 H
653 916 957 987 χρυσοτεύκτους
981 918 1009 972 ἢ
1034 916 1307 971 ’λεφαντίνους
1334 935 1486 968 τνπους
1541 922 1676 971 Θεων,
1703 933 1784 958 non

343 989 644 1031 χρυσοτευκτων.
698 975 806 1014 velut
839 974 990 1023 εἰκόνας
1015 976 1152 1015 dicunt
1177 978 1322 1028 χαλκᾶς
1345 978 1668 1028 Ολυμπιονικαῗν,
1703 989 1783 1043 non

342 1036 508 1086 χαλκῶν.
566 1032 857 1071 Artemidorus:
888 1029 1044 1084 χαλκεαι
1063 1049 1139 1086 γαρ
1168 1029 1317 1079 εἰκόνες
1335 1035 1414 1071 τῶν
1441 1031 1662 1084 ἐλευθέρων
1688 1027 1784 1073 ἅνα-

341 1091 530 1129 τίθενται.
586 1090 647 1126 lta
673 1088 818 1140 passim
844 1095 881 1126 et
908 1089 1048 1138 vulgo,
1078 1095 1123 1126 ut
1147 1088 1304 1139 quidem
1326 1087 1557 1126 testimoniis
1584 1087 1645 1125 uti
1674 1086 1785 1138 puti-

341 1145 544 1183 dissimum
573 1146 687 1182 soret.
743 1145 875 1195 Neque
912 1157 1009 1182 vero
1041 1145 1154 1182 aliter
1181 1144 1314 1184 Latini.
1371 1143 1595 1181 Lucretius:
1635 1141 1683 1180 *Si
1705 1157 1784 1181 non

341 1215 459 1238 aurea
479 1203 752 1252 suntjnvenum
772 1198 1008 1238 simulachra
1025 1216 1094 1253 per
1109 1198 1239 1246 aedes,
1267 1213 1347 1238 non
1363 1213 1576 1239 aureorum.
1633 1197 1782 1243 Plinius

340 1270 480 1295 xxxxv.
490 1260 529 1298 7.
560 1255 710 1307 Lignea
725 1257 854 1307 potius
872 1255 1097 1308 autfictilia
1118 1255 1272 1294 deorum
1293 1253 1539 1294 simulachra.
1564 1254 1781 1292 Juvenalist

337 1311 506 1366 Effigies
525 1312 629 1349 sacri
655 1311 749 1347 nitet
765 1325 880 1348 aurea
904 1311 1166 1362 cercopitheci.
1224 1311 1430 1349 Horatius:
1454 1308 1580 1361 Quid
1606 1309 1782 1376 referam,

338 1381 414 1420 quo
433 1376 551 1419 pacto
572 1366 613 1403 in
632 1366 802 1417 imagine
819 1379 925 1403 cerea
949 1365 1120 1417 Largior
1148 1368 1283 1404 arserit
1306 1367 1416 1418 ignis.
1473 1365 1610 1416 Itaque
1635 1363 1783 1412 τύπους

338 1423 602 1473 ἐλεφαντίνων
620 1424 730 1460 θεῶν
752 1420 850 1458 nihil
867 1421 992 1458 minus
1016 1427 1074 1459 est
1098 1435 1215 1472 quam
1237 1423 1385 1459 Graeca
1410 1421 1555 1458 oratio:
1585 1434 1628 1457 ea
1652 1427 1781 1459 tamen

337 1479 463 1517 utitur
482 1478 630 1530 Sibylla
649 1477 716 1516 lib.
733 1491 797 1516 111.
827 1477 994 1525 ξυλίνων
1011 1479 1121 1516 θεων
1142 1477 1281 1517 εἴδωλα
1300 1477 1433 1515 dicens
1459 1490 1533 1528 pro
1552 1471 1700 1524 ξύλινα.

558 1533 710 1580 Οἴτινες
729 1529 804 1573 οὐκ
837 1528 1008 1599 απάτῃσι
1024 1537 1176 1581 κεναῖς,
1207 1529 1295 1573 οὐδ’
1316 1529 1403 1602 ἔργ’
1423 1528 1674 1601 ἀνθρώπων,

557 1585 715 1641 Χρύσεα
732 1588 798 1628 καὶ
820 1586 996 1640 χάλκειοι,
1023 1588 1091 1628 καὶ
1110 1585 1283 1641 ἀργύρου
1299 1584 1368 1640 ἥδ’
1385 1578 1615 1638 ἕλεφαντος,

555 1644 637 1685 Καὶ
660 1646 825 1693 ξυλίνων
843 1646 1011 1684 λιθίνων
1028 1659 1068 1684 τε
1087 1648 1198 1684 θεων
1217 1644 1356 1683 εἴδωλα
1373 1639 1600 1695 καμόντων,

554 1697 737 1752 Πήλινα,
769 1697 1034 1767 μιλτόχριστα,
1066 1701 1294 1765 ζωγραφίας
1303 1700 1540 1748 τυποειδεῖς,

558 1757 760 1808 Τιμωσιν,
789 1753 861 1797 ’ὅσα
884 1755 952 1796 κέν
972 1772 1013 1796 τε
1033 1756 1167 1808 βροτοὶ
1186 1752 1416 1809 κενεόφρονι
1434 1756 1573 1809 βουλῇ.

342 1812 487 1852 Eadem
505 1810 623 1851 habet
639 1813 906 1864 Protrepticus
926 1813 1143 1852 Clementis.
1202 1812 1300 1859 Quis
1330 1825 1450 1861 porro
1475 1795 1749 1848 inficiabitur'
1736 1823 1778 1847 m

344 1869 480 1908 eodem
505 1868 639 1906 doctos
662 1882 744 1907 esse
772 1869 867 1906 ludo
894 1869 1150 1920 subjectorem
1177 1868 1284 1906 hunc
1305 1867 1585 1915 oraculorum,
1614 1871 1652 1903 et
1673 1878 1778 1903 com-

343 1924 562 1963 mentitium
588 1925 700 1962 illum
727 1925 992 1963 Hecataeum?
1031 1924 1149 1972 Quod.
1180 1924 1214 1961 si
1238 1925 1373 1962 vicero
1399 1923 1448 1961 de
1473 1921 1650 1960 versibus
1678 1921 1778 1959 falso

344 1980 532 2031 Sophocli
561 1981 780 2029 attributis,
817 1981 933 2019 etiam
960 1981 1060 2018 illud
1097 1980 1381 2019 evidentissime
1419 1977 1628 2026 constabit,
1668 1976 1778 2027 quod

346 2037 440 2073 olim
456 2035 566 2073 Philo
596 2037 811 2074 Herennius
842 2044 880 2075 et
908 2043 1064 2088 patrum
1093 2037 1276 2074 memoria
1297 2036 1374 2074 Jos.
1404 2034 1572 2084 Scaliger
1592 2032 1778 2084 suspicati

345 2098 453 2129 sunt:
482 2105 618 2142 nempe
638 2093 782 2131 librum
807 2093 915 2130 illum
935 2093 994 2130 De
1017 2090 1193 2141 Judaeis‚
1225 2092 1292 2143 qui
1323 2091 1394 2130 sub
1412 2088 1595 2129 Hecataei
1620 2088 1778 2125 nomine

342 2148 563 2196 seiebatur,
601 2162 623 2186 a
654 2149 800 2187 Judaeo
828 2149 998 2199 quodam
1024 2148 1234 2186 Hellenista
1262 2147 1377 2185 fuisse
1407 2146 1632 2185 confictum·
1667 2144 1778 2181 velut

341 2204 532 2242 Ariste-am
556 2204 669 2241 illum
695 2205 782 2255 pari
809 2205 1003 2254 facinore,
1044 2218 1159 2255 quem
1186 2203 1478 2254 supposititium
1504 2213 1586 2239 esse
1615 2199 1777 2237 convin-

345 2266 438 2297 cunt
454 2265 544 2310 post
566 2259 727 2298 eundem
751 2261 987 2310 scaligerum
1013 2260 1078 2297 alii
1104 2260 1202 2299 bene
1220 2260 1355 2309 multi,
1381 2259 1420 2296 in
1443 2257 1584 2308 quibus
1604 2254 1777 2293 omnium

343 2315 567 2353 doctissime
599 2322 637 2354 et
665 2316 926 2367 copiosissime
943 2316 1180 2355 Humfredus
1201 2315 1374 2363 Hodius,
1405 2313 1469 2352 cui
1493 2311 1660 2351 multum
1682 2310 1775 2349 olim

342 2371 499 2409 debebit
517 2372 690 2410 Historia
710 2372 993 2410 Ecclesiastica.

452 2427 526 2478 Ep
556 2442 594 2479 Ρ.
625 2430 692 2469 33.
740 2423 1032 2492 Ευηρότατον)
1071 2427 1210 2465 Suidas
1244 2427 1286 2465 in
1318 2426 1482 2463 Lexico:
1520 2418 1775 2476 Ευηρότατον

341 2498 384 2522 το
414 2481 539 2534 καλην
566 2482 652 2535 ἕχον
676 2486 773 2537 γῆν,
809 2481 852 2524 τὸ
880 2479 1084 2523 κάλλιστον
1110 2486 1181 2535 τῆς
1204 2485 1287 2536 γῆς.
1343 2477 1550 2532 Ευήροτον
1576 2477 1619 2518 τό
1646 2480 1775 2525 καλως

341 2534 644 2603 ἦροιριωμένον.
703 2540 819 2579 Vides
836 2553 922 2578 eum
943 2546 1151 2588 unumque
1173 2537 1405 2577 vocabulum
1431 2547 1655 2584 agnoscere,
1687 2529 1775 2583 εὔη-

342 2591 507 2645 ρότατον
529 2595 684 2645 quidem
700 2595 1025 2647 comparativum,
1056 2595 1279 2632 absolutum
1293 2606 1385 2631 vero
1407 2587 1610 2644 εὕήροτον.
1666 2588 1774 2635 Quid

341 2649 460 2699 igitur
479 2650 574 2688 fiet'?
614 2651 673 2688 An
689 2652 858 2703 supplex
883 2651 932 2688 ad
958 2651 1059 2701 Hesy
1051 2649 1191 2688 chium
1222 2649 1373 2696 adeam,
1409 2661 1544 2698 pacem
1570 2645 1651 2697 ejus
1687 2658 1774 2681 ora-

341 2711 425 2742 tum
455 2712 494 2743 et
520 2707 670 2757 peccati
695 2707 880 2745 veniam?
922 2707 1004 2744 Imo
1041 2706 1141 2743 enim
1168 2705 1259 2742 satis
1285 2703 1493 2742 ostendunt
1520 2716 1564 2741 ea
1591 2700 1712 2739 verba
1735 2704 1774 2737 et

344 2761 474 2798 mendi
491 2768 742 2810 vetustatem,
780 2769 818 2801 et
841 2762 1115 2801 emendationis
1136 2774 1242 2798 meae
1262 2774 1309 2811 pl
1312 2759 1545 2798 aestantiam.
1603 2756 1772 2806 Quippe,

343 2817 419 2856 nisi
438 2830 506 2870 ego
524 2818 642 2872 plane
659 2793 824 2871 desipio,
853 2819 909 2858 sic
927 2818 969 2867 in
986 2817 1271 2870 comparatione
1291 2816 1498 2855 dicendum
1523 2819 1634 2862 esset,
1662 2807 1772 2861 Εὐή-
