1838 3230
303 179 402 228 400
698 177 980 226 IOANNIS
1009 183 1343 229 MALALAE

156 299 188 333 0
215 299 280 336 116
401 295 466 339 Ἐν
495 296 538 339 δέ
568 301 617 355 τῇ
642 297 768 340 αὐτοῦ
796 300 980 359 βασιλείᾳ
1009 302 1225 359 καθῃρέθη
1258 301 1472 360 Εὖφῆμιος
1505 305 1526 348 ὃ
1547 306 1746 366 πατρίἄρ-

299 380 375 419 χης
396 363 882 416 Κωνσταντινουπόλεως·
918 370 983 410 καὶ
1005 368 1190 425 ἐξώρισεν
1219 370 1342 414 αὐτὸν
1373 375 1427 422 εἷς
1450 372 1663 428 Εὖχαῒτανπ
1682 377 1747 420 ’ἐπὶ

301 431 372 474 τὸν
406 429 570 474 Πόντον
606 430 659 482 ὥς
687 433 982 490 Νεστοριανόν·
1019 439 1084 478 καὶ
1112 438 1260 493 ἐγένετο
1289 438 1373 481 ἀντ’
1400 439 1526 484 αὐτοῦ
1545 441 1747 500 πατριάρ-

297 516 374 554 χης
399 499 863 551 Κωνσταντινουπόλεως
889 503 1167 557 Μακεδόνιος,
1207 505 1316 555 ὅστις
1334 509 1400 549 καὶ
1421 507 1545 558 αὐτὸς
1564 510 1746 567 καθῃρέ-

298 571 360 621 θη
393 565 446 616 ὥς
477 567 760 624 Νεστοριανός.
833 568 979 624 ὁμοίως
1007 573 1051 614 δὲ
1082 575 1147 614 καὶ
1177 572 1197 615 ὃ
1229 573 1477 630 πατριάρχης
1506 575 1777 632 Ἀντιοχείαςό

303 634 536 688 Φλαβιανός
564 633 618 685 ὥς
647 638 920 693 Νεστοριανός
946 640 1147 695 ἐξωρίσθη
1179 643 1234 690 εἷς
1260 642 1450 699 Πέτρας,
1488 641 1604 686 πόλιν
1637 643 1746 689 οὕτω

299 703 569 757 καλουμένην,
609 699 734 746 οὖσαν
765 709 838 759 τῆς
867 707 1004 762 τρίτης
1028 710 1317 763 Παλαιστίνης.
1388 712 1454 752 καὶ
1486 712 1635 766 ἐγένετο
1656 711 1742 756 ἀπ’

239 774 271 808 Ε
303 769 428 811 αὐτοῦ
451 771 632 826 Σέβηρος
659 771 910 829 πατριάρχης
933 775 974 815 ἓν
992 774 1210 835 Ἀντιοχείᾳ
1237 781 1288 832 τῇ
1314 776 1468 834 μεγάλῃ
1502 779 1581 822 ἀπὸ
1613 797 1744 834 μονα-

300 836 448 889 ζόντων
459 870 472 891 ,
509 841 605 894 μηνὶ
632 842 830 900 νοεμβρίῳ
859 840 908 895 ς’,
944 841 1059 892 ἔτους
1073 846 1390 900 χρηματίζοντος
1411 845 1516 888 κατὰ
1537 846 1634 897 τοὺς
1653 847 1744 892 Ἀν-

295 911 438 962 τιοχεῖς
456 904 563 963 φξα’.
1746 907 1799 958 >10

392 972 440 1016 Ὁ
467 975 511 1016 δὲ
539 974 662 1025 αὐτὸς
685 976 876 1030 βασιλεὺς
901 977 1098 1034 κουφίσας
1121 976 1307 1033 Ἰωάννην
1327 978 1398 1022 τὸν
1421 979 1680 1038 Παφλαγόνα
1699 983 1744 1025 ἐκ

296 1046 371 1084 τοῦ
395 1041 619 1098 τρακτεύειν
641 1043 691 1085 τὰ
715 1042 891 1098 δημόσια
908 1047 1072 1101 χαρτία,
1090 1050 1163 1088 τοῦ
1183 1049 1428 1102 πραιτωριόυ
1446 1052 1528 1091 τῶν
1556 1047 1742 1106 ἐπάρχων

295 1110 476 1165 ἐποίησεν
511 1111 634 1154 αὐτὸν
667 1111 747 1154 ἀπὸ
778 1110 965 1165 ὑπάτων,
1016 1113 1099 1155 ἀντ’
1138 1113 1265 1156 αὐτοῦ
1296 1113 1468 1169 ποιήσας
1493 1117 1742 1172 τρακτευτὴν

295 1180 361 1219 καὶ
385 1179 606 1234 λογοθέτην
640 1181 832 1235 Μαρΐνον
857 1180 927 1222 τὸν
948 1178 1104 1236 Σύρον·
1158 1179 1269 1231 ὅστις
1295 1182 1391 1232 τοὺς
1413 1185 1742 1239 πολιτευομένους

175 1253 207 1286 V
229 1251 273 1288 42
298 1244 479 1296 ἅπαντας
501 1248 619 1302 ἐπῆρε
650 1251 721 1301 τῆς
739 1252 903 1302 βουλῆς,
946 1250 1012 1290 καὶ
1033 1250 1213 1303 ἐποίησεν
1242 1249 1326 1292 ἀντ’
1357 1249 1492 1294 αὐτῶν
1511 1251 1608 1302 τούς
1626 1256 1739 1308 λεγο-
1752 1261 1795 1298 15

149 1328 180 1360 0
207 1327 272 1361 117
293 1314 438 1368 μένους
464 1315 647 1367 βίνδικας
682 1316 735 1363 εἷς
773 1320 909 1357 πᾶσαν
933 1313 1049 1357 πόλιν
1076 1321 1149 1370 τῆς
1181 1314 1416 1370 Ῥωμανίας.
1488 1316 1510 1361 ὅ
1542 1320 1586 1361 δὲ
1617 1319 1741 1370 αὐτὸς

293 1381 480 1438 βασιλεὺς
501 1383 798 1437 προεχειρίσατο
816 1381 972 1436 κόμητα
996 1381 1264 1438 λαργιτιιόνων
1285 1385 1326 1426 ἒν
1349 1386 1740 1430 Κωνσταντινουπό·

291 1453 350 1492 λει
381 1449 453 1492 τὸν
491 1449 570 1492 ἀπὸ
608 1447 773 1491 ὑπάτων
803 1448 989 1504 Ἰωάννην
1027 1451 1096 1492 τὸν
1134 1449 1392 1507 Παφλαγόνα
1425 1452 1496 1494 τὸν
1528 1452 1738 1508 λεγόμενον

290 1514 510 1573 Καϊάφαν·
561 1515 670 1566 ὅστις
701 1516 808 1559 ἅπαν
836 1517 882 1559 τὸ
914 1518 1125 1573 προχωρόν
1161 1519 1288 1574 κέρμα
1324 1519 1370 1562 τὸ
1401 1519 1544 1562 λεπτὸν
1578 1522 1737 1576 ἐποίησε

291 1584 469 1642 φολλερὰ
500 1591 720 1641 προχωρεῖν
756 1587 810 1634 εἷς
850 1589 986 1627 πᾶσαν
1028 1586 1102 1640 τὴν
1126 1584 1350 1642 Ῥωμαϊκὴν
1379 1584 1628 1631 κατάστασιν
1671 1589 1793 1650 {ac-20

290 1669 395 1695 τοτε.

385 1717 434 1762 Ὅ
455 1719 498 1761 δὲ
518 1718 641 1768 αὐτὸς
659 1717 846 1774 Ἰωάννης
864 1719 915 1762 τὰ
946 1717 1289 1776 χαλκουργήματα
1312 1724 1384 1775 τῆς
1406 1722 1597 1771 πλατείας
1616 1725 1738 1764 Κων-

291 1784 656 1837 σταντινουπόλεως
685 1785 920 1842 ἓχώνευσεν,
970 1787 1070 1844 ἅπερ
1106 1786 1127 1830 ὅ
1154 1786 1369 1837 θειότατος
1394 1789 1584 1842 βασιλεὺς
1614 1792 1745 1832 Κων--

380 1909 413 1943 1.
436 1906 467 1942 4.
490 1904 684 1953 καθῃρέθη
708 1905 758 1940 bis
775 1906 859 1948 eh„
883 1904 1092 1951 καθαιρέθη
1117 1906 1184 1940 ΟΧ.
1274 1907 1308 1942 2.
1334 1903 1543 1952 Εὐχαΐταν]
1568 1905 1734 1952 Εὕχάϊτα

407 1977 415 1985 .
438 1954 494 1988 33.
512 1953 553 1986 Β.
669 1952 723 2006 1,,7.
745 1949 978 1998 λαργιτιόνων
1002 1952 1069 1986 Ox.
1095 1952 1136 1986 V.
1160 1963 1194 1997 p.
1213 1949 1268 1988 41.
1292 1954 1334 1987 A.
1448 1955 1502 1990 19.
1524 1952 1730 1999 προχωρὸν]

412 2002 475 2031 ort.
499 2009 725 2042 προχωρουν.

381 2095 512 2130 Eodem
529 2097 719 2141 Imperante
739 2097 942 2143 Euphemius
965 2097 1168 2132 Patriarcha
1184 2097 1590 2144 Constantinopolitanae,
1612 2099 1653 2131 ut
1673 2097 1732 2143 qui

293 2141 444 2177 Nestorii
479 2142 634 2186 partibus
658 2144 877 2185 adhaeserat,
916 2143 994 2177 sede
1018 2154 1077 2177 sua
1101 2143 1314 2186 deturbatus,
1350 2144 1386 2177 in
1409 2142 1607 2178 Euchaitam
1631 2142 1730 2177 Ponti

293 2187 463 2231 relegatus
486 2191 555 2228 est,
591 2188 733 2221 suffecto
757 2188 792 2221 in
825 2189 933 2222 locum
957 2189 1027 2232 ejus
1051 2187 1273 2229 Macedoni03
1312 2189 1372 2233 qui
1394 2193 1430 2223 et
1451 2188 1522 2232 ipse
1544 2188 1587 2221 ob
1609 2186 1732 2221 haere-

293 2233 352 2266 sim
377 2231 612 2266 Nestorianam
644 2232 769 2275 ejectus
793 2238 854 2267 est.
913 2233 1140 2268 Consimiliter
1172 2244 1306 2276 quoque
1330 2233 1508 2268 Flavianus
1531 2231 1731 2267 Patriarcha

292 2276 529 2318 Antiochenus,
552 2280 713 2321 tanquam
733 2278 965 2319 Nestorianus‚
989 2279 1032 2312 ad
1056 2280 1178 2312 Petras
1202 2278 1413 2312 Palaestinae
1435 2277 1579 2311 Tertiae
1602 2277 1731 2319 urbem,

248 2337 250 2339 >
289 2323 457 2366 relegatus
480 2328 550 2356 est:
586 2322 639 2356 cui
662 2321 696 2355 in
719 2322 958 2357 Patriarchatu
985 2322 1195 2358 Antiochensi
1218 2323 1375 2358 suffectus
1398 2327 1448 2357 est
1470 2322 1628 2364 Severus,
1651 2321 1730 2356 Mo-

289 2368 425 2407 nachus,
450 2366 653 2401 Novembris
675 2377 731 2407 vx,
757 2378 840 2401 anno
864 2369 974 2402 Aerae
998 2368 1224 2402 Antiochenae
1248 2378 1343 2402 unxl.

379 2412 469 2445 Idem
495 2412 683 2457 Imperator
705 2411 863 2446 Joannem
887 2413 1158 2458 Paphlagonem‚
1193 2412 1341 2457 publicas
1363 2410 1532 2445 Praetorii
1555 2411 1730 2446 Praefecti

288 2456 422 2490 chartas
445 2457 616 2491 tractandi
639 2468 775 2490 munere
797 2456 991 2499 liberatum,
1032 2458 1252 2491 Exconsulem
1274 2456 1373 2491 fecit:
1412 2460 1446 2489 et
1468 2455 1503 2490 in
1525 2456 1632 2490 locum
1655 2457 1729 2500 ejus

288 2502 526 2536 'l‘ractatorem
548 2506 583 2536 et
605 2502 826 2546 Lugothetam
856 2502 1026 2536 substituit
1049 2503 1214 2536 Marinum
1236 2502 1368 2545 Syrum.
1413 2501 1505 2535 Idem
1528 2501 1628 2535 etiam
1651 2501 1730 2535 Ma-

287 2546 448 2591 gistratus
470 2547 640 2582 Senatorii
663 2546 788 2582 ordinis
811 2557 920 2581 omnes
944 2547 1131 2581 muneribus
1154 2547 1218 2581 suis
1239 2546 1389 2587 Ievavit3
1420 2547 1624 2588 Vindicibus,
1647 2557 1728 2590 quos

287 2598 431 2633 vocant,
468 2604 530 2636 per
551 2592 698 2636 singulas
722 2592 902 2626 Romaniae
935 2593 1053 2632 urbes,
1086 2592 1120 2625 in
1143 2593 1250 2626 locum
1273 2602 1387 2625 eorum
1409 2591 1573 2625 suffectis.
1634 2591 1729 2624 Idem

286 2637 474 2680 Imperator
495 2637 655 2671 Joannem
679 2638 939 2682 Paphlagonem,
972 2637 1205 2678 Exconsulem,
1237 2635 1433 2680 cognomine
1456 2635 1630 2680 Caipham,
1658 2635 1727 2668 Co-

288 2682 400 2715 mitem
423 2681 656 2726 Largitionum
678 2681 965 2726 Constantinopoli
996 2681 1179 2716 constituit.
1235 2682 1394 2715 Nummos
1416 2680 1472 2714 hic
1494 2681 1645 2715 Minutas
1675 2678 1728 2713 di-

289 2730 372 2768 ctos,
407 2726 443 2759 in
465 2728 650 2762 Follerales
673 2732 899 2768 commutatos,
923 2726 1043 2761 exinde
1066 2737 1128 2772 per
1149 2730 1254 2760 totum
1277 2725 1447 2771 imperium
1471 2725 1599 2769 signari
1615 2723 1725 2769 jussit.

379 2771 471 2806 Idem
493 2772 593 2806 etiam
614 2773 758 2807 Joannes
779 2777 906 2806 statuas
928 2783 1044 2805 aereas
1065 2782 1194 2813 omnes,
1237 2783 1257 2805 a
1282 2770 1482 2805 divinissimo
1505 2770 1724 2804 Constantino

291 2814 500 2861 Imperatore
530 2817 919 2864 Constantinopolitanae
947 2816 1039 2852 urbis
1068 2816 1112 2852 ad
1145 2819 1297 2851 ornatum
1329 2828 1371 2851 ex
1406 2814 1555 2851 omnibus
1577 2814 1725 2859 undique
