1838 3230
621 126 1088 174 ANNOTATIONES·
1475 130 1570 182 581

126 245 298 298 Plinius,
327 257 378 284 ex
397 243 591 309 Agrippa,
621 243 752 284 Asiam
774 244 936 296 proprie
962 243 1107 282 dictam
1133 241 1176 282 in
1205 242 1303 282 duas
1326 248 1456 295 partes
1474 243 1575 282 divi-

129 300 216 352 dit,
246 303 411 355 quarum
439 301 569 354 prima
595 299 859 365 Paphlagonia
887 314 907 338 a
932 299 1220 352 septentrione,
1248 297 1417 351 Phrygia
1441 305 1481 338 et
1498 299 1575 351 Ly-

129 357 268 398 caonia
297 357 346 396 ab
366 357 534 408 oriente,
570 359 670 396 mari
699 356 749 394 ab
773 355 992 404 occidente,
1025 370 1047 395 a
1074 355 1236 395 meridie
1258 368 1354 394 vero
1376 355 1476 394 mari
1494 355 1574 394 Ae-

127 411 265 468 gyptio
280 414 526 453 terminatur.
583 413 682 453 Plin.
701 412 787 450 Nat.
807 411 905 453 Hist
924 412 989 450 lib.
1010 415 1047 454 6.

240 471 470 523 Pflg·281·
502 473 565 513 12.
603 468 742 509 ἔκαυσε
775 465 869 516 τους
904 465 1048 521 χάρτας
1077 469 1150 508 τοῦ
1176 466 1379 518 ταμιείου]
1411 467 1575 505 Factum

127 524 206 567 hoc
234 525 422 565 Antonini
449 526 549 579 Imp.
569 538 671 564 anno
701 538 743 565 x,
779 524 906 574 Largo
925 530 962 562 et
989 523 1195 562 Messalino
1213 524 1321 562 Coss
1350 522 1412 560 uti
1436 524 1576 562 asseiit

128 580 222 622 Chr.
257 581 370 622 Alex.
397 581 558 622 Auctor.
633 577 798 628 Τούτοις
822 584 906 627 τοῖς
933 576 1102 627 υπατοις
1138 577 1278 630 ὂῖφεσις
1312 577 1484 646 ἐγένετο
1496 582 1576 619 τῶν

106 654 109 657 ·
127 639 420 708 χρεωφειλετῶν
437 635 547 691 παρὰ
563 637 798 679 Αντωνίνου
818 632 1050 689 Εὐσεβοῦς,
1076 634 1145 676 καὶ
1167 635 1210 676 οἱ
1223 635 1406 689 ταμιακοὶ
1435 650 1575 689 χαρται

128 690 283 749 δωρεὰν
301 690 547 746 ἐκαύθησαν.

238 751 344 802 Pag·
375 753 472 792 281
503 749 568 792 14
597 765 641 791 το
659 746 783 800 ἥμισυ
814 746 931 800 μέρος
961 749 1034 799 τῆς
1067 742 1192 787 αυτοῦ
1213 746 1464 799 περιουσίας]
1495 747 1575 785 Ζο-

128 818 244 845 naras
273 819 351 844 non
379 806 605 855 dimidiam,
645 805 716 843 sed
749 804 919 855 aliquam
941 804 1138 842 bonorum
1170 809 1315 841 certam
1342 809 1496 854 partem
1527 815 1576 841 ex

127 863 295 902 Senatus
320 863 499 901 consulto
521 862 613 900 fisco
634 860 906 929 adjudicatam,
936 866 1114 909 testatur,
1134 859 1241 899 Tom.
1258 863 1296 902 2.
1316 859 1358 896 in
1378 858 1575 897 Antonino

126 918 219 958 Pio:
254 917 354 971 Περὶ
369 914 512 959 τούτου
537 920 610 959 τοῦ
630 913 917 983 αυτοκράτορος
939 911 1134 964 ‹³162sz
1123 911 1183 956 ότε
1213 914 1282 955 καὶ
1306 930 1350 954 το
1380 917 1453 967 τῆς
1481 926 1576 968 συγ-

126 971 275 1026 κλήτου
303 973 517 1015 κατέκαυσε
551 970 765 1026 ψήφισμα,
803 970 826 1013 ὃ
855 987 926 1012 κατ
931 966 1152 1037 ’ἐπιταγην
1167 973 1241 1011 τοῦ
1260 971 1419 1011 Ιουλίου
1439 970 1576 1039 γέγονε

129 1031 353 1081 Καίσαρος,
389 1031 604 1080 θεσπίζον,
640 1028 781 1081 μηδενὶ
812 1027 998 1079 ἐφεῖσθαι
1026 1022 1229 1078 διαθήκην
1259 1030 1412 1075 ποιεῖν,
1452 1027 1488 1066 εἰ
1518 1024 1573 1078 μή

128 1085 247 1140 μέρος
263 1085 482 1140 ωρισμένον
503 1089 557 1141 τῷ
587 1100 709 1140 κοινω
736 1083 967 1150 καταλείψει
991 1083 1135 1151 ταμίῳ·
1164 1079 1262 1122 ὅθεν
1290 1082 1487 1134 νομίζεται
1509 1082 1578 1123 καὶ

127 1141 240 1197 μέχρι
257 1143 373 1184 τοῦδε
388 1147 472 1191 ταῖς
492 1125 710 1194 διαθήκαις
725 1135 1065 1224 ἕγγρᾶφεσθαι,“
1043 1153 1102 1180 οτι
1126 1137 1195 1179 καὶ
1221 1140 1277 1195 τῷ
1298 1139 1489 1194 βασιλικῷ·
1512 1154 1576 1179 τα-

129 1199 207 1254 μίω
228 1195 508 1251 καταλιμπάνω
528 1195 630 1240 τόδε.

243 1257 461 1307 Pag.281.
493 1258 559 1298 18.
589 1251 834 1302 ωςέστὶνὲν
851 1250 1020 1306 Δωρίῳ]
1057 1263 1208 1303 repono
1228 1250 1400 1303 Λωριῳ,
1430 1263 1479 1290 ex
1497 1251 1576 1290 Eu-

128 1311 272 1363 tropio,
299 1311 370 1352 lib.
390 1314 428 1354 8.
458 1312 499 1351 in
521 1310 717 1349 Antonino
739 1308 820 1373 Pio,
854 1306 963 1347 Obiit
968 1293 1088 1360 apucl
1107 1306 1265 1356 Lorios,
1297 1305 1432 1346 nnllam
1450 1322 1576 1358 suam,

127 1365 318 1406 milliario
342 1365 394 1405 ab
422 1366 514 1406 urbe
535 1380 615 1406 Ἧι.
672 1365 808 1403 Haec
796 1378 882 1418 ipsa
903 1377 954 1402 ex
980 1364 1171 1414 Eutropio
1191 1362 1414 1401 describens
1434 1361 1577 1402 Hiero-

125 1435 291 1475 nymus,
319 1421 507 1474 Lorium,
534 1429 652 1462 vocat
681 1421 834 1466 villam,
862 1420 932 1458 ubi
948 1426 1128 1458 mortuus
1147 1425 1204 1458 est
1220 1418 1450 1459 Antoninus.

237 1480 340 1531 1²⁰3·
372 1482 467 1521 281
498 1482 567 1522 21.
617 1478 642 1520 o‘
668 1475 753 1524 υἷός
779 1473 927 1528 αὐτοῦ]
966 1475 1194 1528 Adoptitius
1218 1481 1302 1513 erat
1318 1475 1443 1525 filius5
1474 1475 1575 1514 etfi

123 1534 220 1574 liam
240 1535 356 1574 etiam
378 1548 463 1586 eJus
484 1535 681 1574 Galeriam
701 1533 953 1580 Faustinam,
984 1545 1150 1570 uxorem
1169 1531 1318 1571 habuit.

239 1588 658 1643 P05n282.1.136ve
674 1589 744 1630 καὶ
761 1589 800 1638 ἐξ
822 1584 1049 1640 αδιαθήτου
1074 1594 1149 1626 etc.
1161 1591 1175 1634 ]
1206 1587 1316 1624 Hanc
1335 1586 1457 1625 Marci
1477 1588 1574 1639 lmp.

125 1647 250 1698 legem
271 1606 393 1684 hal1es
413 1646 522 1698 apud
551 1646 642 1686 Chr.
672 1645 788 1685 Alex.
818 1644 1026 1696 ipsissimis
1059 1643 1141 1680 sere
1169 1642 1300 1681 verbis
1317 1642 1575 1694 descriptam:

126 1703 198 1741 ubi
216 1703 438 1754 Iuterpres,
476 1715 555 1740 non
586 1708 720 1755 patres
747 1701 901 1749 liberis,
933 1699 1003 1737 sed
1031 1699 1176 1737 liberos
1201 1698 1399 1750 patribus,
1429 1713 1478 1738 ex
1498 1699 1576 1738 11οο

126 1758 268 1798 Edicto
286 1758 466 1810 Imperat.
493 1758 705 1797 succedere
726 1756 869 1795 debere
886 1756 985 1794 vult.
1041 1755 1090 1793 Et
1110 1754 1265 1806 quidem
1285 1755 1405 1793 verba
1425 1762 1576 1793 utrum-

129 1827 208 1865 que
238 1827 392 1853 sensum
420 1827 515 1865 piae
544 1827 585 1852 se
612 1814 715 1852 ferre
745 1812 960 1850 videntur:
988 1812 1163 1850 zonarae
1186 1817 1315 1850 tamen
1345 1811 1578 1849 auctoritate

130 1871 293 1919 ductus,
325 1869 392 1922 qui
409 1869 507 1907 haec
530 1870 643 1908 aliter
663 1869 860 1920 exprimit,
890 1872 1032 1919 (atque
1051 1866 1233 1906 Edictum
1253 1868 1366 1906 etiam
1386 1866 1475 1915 hoc,
1495 1881 1576 1906 non

130 1927 286 1976 Marco,
317 1926 385 1965 sed
414 1926 612 1964 Antonino
637 1926 706 1964 Pio
729 1925 928 1964 attribuit·
940 1920 956 1979 )
987 1924 1035 1962 de
1056 1924 1216 1962 Patrum
1241 1923 1284 1961 in
1300 1923 1413 1962 bonis
1430 1923 1574 1962 libero-

129 1996 243 2032 rum,
281 1996 328 2022 ex
364 1982 546 2020 intestato
577 1982 829 2021 morientium
871 1980 1118 2018 successione
1145 1980 1335 2018 intellexi.
1404 1981 1577 2019 Zonarae

130 2038 252 2078 verba
271 2038 370 2078 haec
402 2044 514 2087 sunt,
548 2040 660 2079 Tom.
687 2042 727 2079 2.
756 2039 797 2076 in
823 2037 1018 2076 Antonino
1047 2036 1128 2075 Pio.
1189 2036 1320 2076 Τοῦτο
1340 2035 1488 2091 λέγεται
1508 2053 1574 2078 νο-

129 2093 339 2164 μοθέτημα
359 2091 485 2144 εἶναι,
513 2093 556 2136 τὸ
577 2097 656 2135 τῶν
674 2092 824 2134 τέκνων
842 2090 1068 2134 αδιαθέτων
1095 2089 1363 2132 τελευτώντων
1390 2090 1556 2144 κληροτῧ
1537 2110 1574 2133 ο-
1588 2092 1592 2096 ’

130 2166 231 2220 μους
247 2148 548 2202 αναφαίνεσθαι
563 2166 657 2198 τους
674 2155 822 2218 γονεῖς·
850 2149 918 2190 καὶ
949 2146 1238 2201 διατιθεμένοις
1264 2153 1347 2196 τοῖς
1374 2148 1550 2188 παιών’
1532 2164 1576 2188 εν

131 2204 318 2263 ἀπαιδίᾳ,
349 2222 530 2259 αναγκην
552 2223 654 2247 ειναι
673 2205 715 2247 τό
734 2203 904 2258 νόμιμον
922 2204 1037 2257 μέρος
1053 2209 1137 2252 τοῖς
1153 2207 1311 2257 γονεῦσι
1331 2202 1574 2256 καταλιμπά-

129 2277 226 2304 νειν.
278 2248 419 2311 Huius
438 2261 507 2302 lex
526 2279 603 2302 esse
611 2262 769 2316 serim
801 2272 843 2300 ut
866 2271 1044 2315 parentes
1071 2259 1278 2299 liberorum
1309 2260 1573 2297 intestatorum

130 2316 310 2357 haeredes
333 2320 433 2358 sint:
461 2328 496 2356 et
523 2320 590 2372 qui
620 2327 843 2356 testamento
857 2317 979 2371 facio
1011 2315 1098 2356 orbi
1125 2314 1332 2365 decedant,
1363 2317 1572 2354 necessario

130 2371 339 2424 legitimam
354 2383 503 2427 partem
518 2373 743 2427 parentibus
763 2371 991 2426 relinquant.

244 2432 337 2482 Pag-
368 2432 462 2471 282.
492 2433 532 2471 2.
558 2433 612 2485 τῷ
631 2427 950 2483 α’χαριστουμένῳ
976 2427 1089 2469 παιδὶ
1114 2426 1158 2469 το
1184 2425 1362 2480 τέταρτον
1382 2423 1498 2478 μέρος
1516 2426 1572 2465 δί-

131 2485 321 2533 δοσθαι,]
363 2485 454 2523 Chr
480 2471 596 2527 Alex.
624 2491 763 2523 auctor
790 2484 903 2535 legit,
939 2499 993 2523 τω
1023 2481 1217 2537 ἀχαρίστῳ
1245 2481 1376 2530 παιδὶ,
1414 2481 1571 2521 melius:

133 2539 244 2591 quod
266 2553 361 2579 vero
394 2546 528 2580 noster
563 2556 607 2582 το
639 2540 820 2591 τέταρτον
847 2539 963 2604 μέρος
990 2546 1131 2588 vocat,
1167 2538 1259 2577 Chr.
1289 2538 1399 2576 Alex.
1425 2536 1567 2587 reddit,

131 2593 174 2635 τὸ
174 2610 474 2661 τετραουγγιον.
507 2597 614 2648 quod
637 2595 817 2635 Raderus
836 2596 955 2635 vertit
977 2594 1258 2647 Quadrantem,
1287 2595 1400 2632 male.
1439 2608 1569 2644 τετρα-

133 2666 296 2705 ουγγιον
317 2652 416 2691 enim
432 2652 477 2690 id
500 2659 580 2703 est,
609 2666 665 2692 iv.
685 2654 836 2702 unicae,
868 2652 977 2691 Assis
995 2664 1073 2689 non
1096 2649 1316 2702 Quadratus,
1345 2649 1413 2688 sed
1437 2649 1571 2688 Triens

134 2713 202 2749 est.
885 2706 891 2713 ’

247 2766 339 2817 Pag-
366 2766 459 2808 282.
489 2768 532 2809 9.
575 2763 619 2807 τὸ
646 2763 856 2819 λεγόμενον
892 2761 1185 2818 Κεντηνάριον]
1223 2763 1283 2802 lta
1314 2761 1461 2800 dictum
1488 2762 1567 2800 for-
