1838 3230
277 149 377 226 288
674 173 1334 221 IOANNISMALALAE

224 298 254 332 B
280 294 371 337 σίαν
393 293 560 344 ἕκαστος
577 294 681 336 κατὰ
703 293 773 336 τὸν
792 294 894 337 ἴδιον
913 298 1088 339 πλοῦτον
1103 310 1113 321 ·
1150 297 1189 340 οἱ
1216 297 1261 340 δὲ
1288 299 1429 340 πολλοὶ
1449 297 1492 348 ἐξ
1510 295 1731 341 αὐτῶνκαὶ

279 363 478 420 παρθένοι
497 360 679 417 ὑπῆρχον
691 376 700 386 ·
723 357 828 416 ἦσαν
847 363 891 405 δὲ
909 362 1185 421 ἐπιφερόμενοι
1204 367 1270 407 καὶ
1290 365 1417 413 πολὺν
1433 364 1586 421 χρυσὸν
1603 365 1646 408 ἔκ
1660 370 1733 421 τῆς

279 433 386 481 ῗδίας
408 432 602 486 πατρίδος
616 443 625 453 ·
654 429 740 472 ἀλλ’
763 430 879 485 εὐχῆς
896 430 1015 489 χάριν
1032 435 1097 475 καὶ
1115 432 1321 489 τάγματος
1333 434 1570 490 ἠγωνίζοντο
1583 435 1649 476 καὶ
1663 433 1732 476 διὰ

278 500 326 543 τὸ
351 499 450 554 ἔχειν
472 497 594 548 δόξας
616 499 671 548 εἷς
692 498 765 553 τὴν
786 500 892 541 ἰδίαν
909 502 1098 557 πατρίδα.
1144 502 1271 544 πολὺν
1290 498 1362 545 οὖν
1386 501 1491 556 εἶχον
1509 501 1646 558 ἀγῶνα
1663 503 1732 545 καὶ

279 566 411 625 φόβον
426 564 630 622 ἐρχόμενοι
642 580 651 590 ·
674 568 740 608 καὶ
754 567 792 609 οἳ
802 568 875 621 μὲν
887 566 1089 622 ἐπάλαιον,
1103 571 1140 612 οἳ
1156 571 1199 612 δὲ
1213 570 1384 625 ἔτρεχον,
1399 571 1437 613 οἳ
1449 571 1492 613 δὲ
1503 567 1728 623 ἔσάλπιζον,
1741 577 1763 613 5

278 636 316 679 οἱ
337 636 380 677 δὲ
398 635 725 690 ε’παγκρατίαζον,
738 635 874 692 Ιἕτεροι
889 638 932 679 δὲ
945 635 1161 688 ἐπύκτευον
1174 640 1351 688 πυξίνοις
1365 637 1578 688 δακτύλοις
1589 654 1732 681 πυκτι-

128 709 161 742 Ο
184 708 252 745 379
275 703 349 752 κάς
370 701 594 757 συμβολάς,
626 703 740 746 ἄλλοι
764 704 808 746 δὲ
829 702 1015 759 ἡνιόχουν
1029 707 1166 756 ἵπποις
1187 705 1487 762 πρωτοβόλοις,.
1503 707 1541 749 οἶ
1559 706 1604 748 δὲ
1621 706 1732 763 ἐφω-

278 770 453 815 νάσκουν
471 771 642 828 τραγικὰ
659 772 774 827 με’λη.
843 767 949 827 ἦσαν
972 774 1015 815 δὲ
1033 776 1100 816 καὶ
1119 775 1316 831 παρθένοι
1337 773 1453 831 κόραι
1477 778 1732 831 φιλοσοφοῦ-

276 857 345 883 σαι
367 841 432 882 καὶ
454 839 557 882 κατὰ
589 838 722 896 τάγμα
742 839 1010 897 σωφροσύνης
1036 840 1244 898 ἐρχόμεναι
1265 844 1330 885 καὶ
1361 840 1644 899 ἀγωνιζόμεναι
1664 843 1732 885 καὶ

276 909 523 951 παλαίουσαι
556 908 658 962 μετὰ
687 911 987 966 βομβωναρίων
1018 912 1084 952 καὶ
1112 911 1325 966 τρέχουσαι
1356 913 1423 954 καὶ
1448 911 1730 968 τραγῳδοῢσαι
1743 917 1787 961 10

227 982 257 1016 C
280 978 347 1019 καὶ
378 977 565 1032 λέγουσαι
595 975 748 1031 ὕμνους
774 977 888 1027 τινὰς
921 976 1197 1033 Ἑλληνικούς’
1244 980 1388 1029 αἵτινες
1420 985 1602 1035 γυναῖκες
1628 977 1732 1032 μετὰ

277 1049 476 1101 γυναικῶν
495 1041 692 1099 ἐμάχοντο
715 1044 997 1101 ἀγωνιζόμεναι
1022 1051 1173 1102 πικρῶς
1194 1048 1268 1089 καὶ
1287 1049 1375 1103 περὶ
1395 1047 1447 1089 τὰ
1467 1047 1733 1099 παλαίσματα

279 1115 346 1155 καὶ
366 1114 456 1168 περὶ
478 1113 574 1162 τοὺς
595 1111 773 1168 δρόμους
795 1116 861 1156 καὶ
882 1114 927 1157 τὸ
949 1112 1138 1171 φώνημα.
1208 1116 1274 1157 καὶ
1296 1115 1336 1157 εἶ’
1347 1132 1408 1165 τις
1430 1115 1472 1166 ἐξ
1496 1114 1630 1157 αὐτῶν
1656 1113 1734 1156 εἴτε

278 1181 378 1237 γυνὴ
398 1181 473 1223 εἴτε
491 1181 578 1230 νέος
593 1186 664 1223 τοῦ
686 1182 808 1238 ἱεροῦ,
847 1183 960 1239 φησί,
998 1181 1128 1237 δήμου
1148 1181 1364 1240 κράζοντος
1385 1183 1582 1239 ε’στέφθη,
1603 1180 1733 1226 dote-
1774 1175 1776 1177 ’

279 1247 537 1306 φανούμενος»
565 1247 620 1299 ὡς
651 1251 813 1305 νικητὴς
851 1249 1028 1308 σώφρων
1058 1251 1190 1306 Ξζιιενεν
1225 1252 1300 1301 ἕως
1329 1256 1404 1307 τῆς
1438 1255 1625 1306 τελευτῆς
1657 1250 1733 1292 αὗ-
1745 1257 1787 1293 15

280 1321 354 1360 τοῦ
366 1331 376 1341 ·
414 1318 672 1374 ἐσφραγίζετο
694 1318 771 1374 γὰρ
798 1317 949 1368 εὐθέως
967 1319 1069 1373 μετὰ
1085 1320 1157 1362 τὸν
1178 1319 1314 1375 ἀγῶνα
1334 1323 1400 1362 καὶ
1420 1321 1565 1375 ἐγίνετο
1591 1316 1729 1374 ἱερεύς.

280 1383 476 1435 ὡσαύτως
503 1385 547 1427 δὲ
577 1387 644 1428 καὶ
674 1386 872 1443 παρθένοι
899 1385 1116 1443 φιλόσοφοι
1146 1387 1189 1429 αἱ
1213 1385 1533 1444 στεφανούμεναι
1555 1388 1731 1442 ἐγίνοντο

275 1453 377 1508 μετὰ
401 1453 472 1496 τὸν
494 1452 631 1508 ἀγῶνα
655 1454 803 1511 ἱέρειαι.
865 1454 1050 1498 κάκεῖθεν
1073 1455 1371 1510 ἀπεστρέφοντο
1396 1452 1556 1504 πάντες.
1626 1454 1667 1498 οἱ,
1688 1454 1733 1496 δὲ

133 1529 166 1565 Ο
189 1530 257 1566 380
281 1521 437 1576 ἔχοντες
468 1519 626 1576 κτήσεις
652 1524 813 1577 χωρίων
843 1523 890 1565 οὗ
930 1523 1163 1567 συνετέλουν
1195 1523 1298 1565 ἀλλὰ
1339 1522 1564 1572 ἄσυντελεΐς
1594 1520 1732 1576 {pavor

277 1590 346 1648 ἀφ’
381 1585 426 1633 οὗ
463 1589 724 1647 ἐστέφθησαν
753 1588 777 1646 ἦ
806 1596 945 1647 κτῆσις
971 1591 1098 1634 αὐτοῦ
1127 1591 1197 1634 τὸν
1221 1589 1370 1648 χρόνον
1407 1592 1474 1634 καὶ
1501 1588 1629 1645 μόνον
1658 1593 1788 1645 τῆςΞο

370 1721 424 1756 17.
449 1718 626 1767 ἐγίνοντο]
651 1721 817 1767 ἐγένοντο
842 1723 912 1757 Ox.
1002 1724 1060 1758 20.
1084 1718 1108 1766 ἡ
1132 1722 1245 1763 κτίσις
1268 1720 1387 1757 αὐτοῦ
1410 1722 1490 1766 eta]
1515 1721 1624 1764 „Son
1647 1722 1734 1765 κτῆ-

371 1776 445 1808 σις·
479 1767 671 1813 Enallagen
701 1781 784 1804 vero
816 1768 871 1803 hic
897 1769 1024 1803 numeri
1047 1769 1205 1803 habemus
1228 1768 1370 1803 sermoni
1393 1768 1501 1803 soluto
1524 1767 1733 1802 inusitatam:

370 1813 463 1846 forte
486 1812 683 1857 legendum,
718 1815 758 1851 αὶ
780 1814 924 1860 κτήσεις
952 1812 1097 1857 αὐτῶν,
1132 1827 1164 1850 τ.
1186 1827 1218 1860 χ.
1242 1827 1274 1851 κ.
1296 1826 1336 1859 μ.
1360 1815 1426 1860 τῆς
1448 1814 1542 1859 ζωῆς
1561 1814 1634 1849 τῶν
1657 1824 1734 1849 στε-

372 1857 592 1903 φθέντων.“
637 1861 702 1896 Ch.
1056 1863 1059 1868 ’

283 1973 375 2009 tione
397 1973 445 2008 ibi
469 1974 659 2020 degebant3
685 1974 777 2008 nulla
799 1986 843 2009 ex
865 1975 966 2020 parte
988 1973 1129 2008 aliorum
1150 1973 1277 2019 indigi,
1300 1978 1341 2010 ut
1362 1974 1420 2020 qui
1441 1972 1506 2020 ipsi
1527 1971 1655 2017 copiosi
1677 1984 1733 2006 es-

282 2025 380 2061 sent,
419 2026 522 2064 atque
546 2020 620 2054 auri
642 2019 710 2054 vim
732 2031 885 2065 magnam
923 2031 966 2053 ex
999 2020 1114 2066 patria
1145 2020 1286 2065 quisque
1318 2031 1378 2054 sua
1406 2019 1609 2054 attulerant:
1650 2018 1732 2062 quin

282 2064 504 2110 unusquisque
527 2066 628 2099 etiam
651 2077 782 2107 eorum,
806 2077 869 2111 pro
891 2066 1076 2107 facultate,
1105 2066 1270 2100 famulitio
1293 2077 1351 2099 suo
1373 2064 1514 2109 stipatus
1532 2063 1732 2103 incedebam

283 2123 358 2152 nec,
382 2110 443 2144 nisi
463 2110 587 2155 rogati,
611 2116 669 2144 aut
688 2123 730 2145 ex
746 2118 859 2156 pacto,
885 2112 1073 2153 certabant,
1098 2115 1134 2145 et
1153 2116 1191 2145 ut
1212 2111 1356 2145 honores
1378 2110 1457 2144 inde
1479 2108 1514 2142 in
1537 2108 1651 2154 patria
1672 2120 1732 2143 sua

284 2162 578 2200 consequerentur.
624 2156 746 2200 Itaque
771 2157 1006 2191 certaminibus
1030 2157 1064 2190 hi
1087 2162 1222 2191 strenue
1245 2168 1281 2189 se
1304 2159 1540 2195 exercuerunt,
1564 2160 1600 2188 et
1625 2166 1732 2188 vene-

283 2201 409 2235 rationi
431 2202 532 2236 etiam
555 2201 706 2235 omnibus
729 2202 884 2243 fuerunt3
928 2202 964 2236 hi
988 2203 1121 2247 quidem
1145 2202 1332 2247 palaestra,
1363 2200 1412 2234 illi
1437 2211 1556 2240 cursu,
1595 2199 1653 2233 alii
1676 2200 1730 2233 in-

281 2246 472 2282 strumentis
495 2246 634 2288 musicis,
659 2246 716 2280 alii
732 2247 927 2289 Pancratio,
949 2248 1118 2293 pugillatu
1140 2246 1209 2288 alii,
1234 2246 1348 2290 digitis
1370 2246 1459 2280 buxo
1483 2244 1630 2286 armatis,
1654 2256 1731 2279 cer-

282 2298 412 2326 tantes:
449 2292 597 2327 nonnulli
619 2291 713 2336 equis
735 2291 907 2336 injugibus
932 2293 1195 2337 aurigabantur3
1226 2291 1284 2325 alii
1307 2290 1465 2335 Tragicis
1487 2289 1731 2325 Modulationi-

282 2337 343 2373 bus
367 2339 555 2372 certabant.
604 2336 797 2378 Quinetiam
821 2342 855 2371 et
877 2339 1033 2382 Virgines
1056 2349 1214 2383 quoque,
1245 2335 1482 2381 Philosophiae
1506 2335 1730 2377 Candidum,

283 2394 326 2416 ex
356 2388 437 2417 voto
468 2383 612 2428 quodam
645 2382 827 2423 castitatis,
866 2395 905 2416 eo
941 2384 1207 2424 conveniebant;
1251 2385 1286 2415 et
1309 2382 1373 2415 hae
1396 2380 1528 2425 quidem
1552 2381 1732 2416 certabant

282 2428 370 2462 aliae
395 2428 632 2469 colluctantes,
666 2428 766 2470 (cum
788 2428 1038 2470 bombonariis)
1062 2429 1149 2463 aliae
1172 2431 1363 2468 currentes,
1394 2426 1482 2460 aliae
1504 2425 1731 2470 Tragoedias,

281 2478 318 2507 et
350 2474 502 2507 Graecas
526 2473 685 2518 quasdam
717 2472 898 2507 cantilenas
919 2475 1136 2508 modulantes.
1192 2474 1277 2507 Cum
1305 2472 1499 2506 mulieribus
1530 2478 1643 2506 autem
1665 2482 1732 2505 non

282 2518 346 2551 nisi
369 2518 523 2553 mulieres
546 2519 788 2560 decertabant3
825 2523 862 2552 et
883 2519 969 2560 hae,
991 2519 1061 2553 sive
1084 2521 1192 2560 lucta,
1215 2518 1287 2552 sive
1310 2529 1427 2559 cursu,
1451 2516 1523 2552 sive
1544 2528 1629 2551 voce
1651 2527 1738 2551 con-.

282 2564 478 2606 tendentes,
513 2565 606 2598 acria
629 2575 763 2610 quoque
784 2564 874 2598 inter
895 2576 931 2598 se
954 2565 1137 2599 certamina
1168 2563 1411 2598 commiserunt.
1458 2562 1497 2596 Si
1520 2562 1596 2608 quis
1619 2566 1731 2596 autem

282 2609 478 2643 alterutrius
500 2621 619 2651 sexus,
642 2608 889 2654 sacropopulo
913 2610 1140 2651 acclamante,
1175 2612 1333 2652 tanquam
1360 2609 1541 2643 certamine
1563 2607 1730 2653 superior,

286 2660 465 2689 coronatus
488 2655 611 2696 fuerit3
650 2655 723 2696 hic,
757 2655 852 2689 finito
876 2655 1077 2696 certamine,
1101 2654 1212 2689 statim
1236 2654 1271 2687 in
1294 2654 1501 2688 sacerdotem
1523 2653 1730 2697 obsignatus,

285 2700 435 2744 adusque
467 2705 607 2734 mortem
631 2706 744 2735 castus
766 2700 933 2735 remansit.
981 2700 1137 2744 Virgines
1160 2711 1315 2744 quoque,
1353 2699 1591 2744 Philosophiae
1615 2696 1731 2732 candi-

285 2744 406 2785 datae,
443 2756 600 2780 coronam
635 2746 785 2780 victricis
807 2746 974 2791 adeptae,
1010 2745 1197 2780 sacerdotio
1222 2745 1479 2779 addicebantur.
1536 2744 1627 2778 Tum
1648 2752 1730 2776 vero

284 2788 364 2823 inde
387 2788 613 2832 discedentes,
653 2791 747 2826 sedes
771 2790 911 2836 quisque
934 2803 1009 2826 suas
1032 2790 1254 2837 repetierunt.
1313 2790 1353 2824 Si
1376 2789 1449 2835 quis
1472 2792 1584 2824 autem
1607 2798 1649 2822 ex
1670 2798 1730 2822 oo-

284 2834 412 2871 tonat-is
444 2835 540 2871 fundi
562 2836 629 2872 fuit
652 2837 823 2882 dominus,
859 2836 1041 2884 vectigalia
1074 2835 1232 2884 deinceps
1254 2836 1424 2884 pendebat
1445 2835 1554 2878 nulla3
1597 2843 1729 2878 nempe,
