1838 3230
681 121 976 194 EP1sToLA.
1453 154 1555 212 693

12 255 31 309 ζ’
96 263 359 317 quaesiverit,
388 263 457 315 qui
480 263 522 303 in
549 263 739 302 memoria
765 262 949 302 habuerit
972 262 1269 314 Alcmaeonem,
1299 277 1417 316 quem
1443 269 1555 304 antea

95 326 371 360 contortorum
400 319 584 371 anguium
612 326 654 360 et
680 319 904 358 ardentium
932 320 1136 360 taedarum
1166 320 1332 360 verbera
1359 334 1553 372 nusquam

95 376 310 416 consistere
335 381 592 428 paterentur,
633 375 848 427 aliquando
878 377 1039 415 tandem
1068 377 1117 416 ad
1145 390 1279 416 sanam
1312 382 1482 415 mentem
1513 378 1556 415 in
1579 377 1612 411 V
1635 376 1680 413 12

93 431 296 484 Psophide
327 432 521 472 Arcadiae
555 431 731 473 rediisse.
808 432 1000 471 Videatur
1025 433 1067 472 111
1095 433 1297 473 Arcadicis
1331 434 1554 473 Pausanias.

93 487 367 555 Apollodorus
396 488 830 540 1111.111.Αλκμαίωνα
870 486 913 528 δὲ
943 492 1138 542 μετῆλθεν
1169 487 1346 543 Εριννῦς
1380 491 1455 530 τοῦ
1485 506 1556 541 μη-
1578 496 1611 530 0
1639 496 1681 531 19

93 559 226 598 τρωου
255 541 411 596 φόνου,
439 543 508 586 καὶ
536 543 721 596 μεμηνώς
745 559 906 596 πρωτον
934 543 1005 595 μὲν
1035 545 1092 594 εἰς
1120 546 1329 597 Αρκαδίαν
1355 560 1458 600 προς
1490 546 1557 586 Οἰ-

94 600 189 642 κλέα
218 601 525 671 παραγίνεται,
527 600 681 641 ἐκεῖθεν
701 598 744 640 δὲ
765 597 866 653 πρός
901 602 1075 651 Ψωφίδα
1092 600 1198 668 πρὸς
1220 601 1374 672 Φηγέα·
1404 605 1554 654 καθαρ·

93 655 188 704 θεὶς
217 655 262 697 δὲ
289 652 366 696 ὑπ’
396 671 520 697 αυτου
553 652 758 709 Αρσινόην
784 660 906 709 γαμεῖ
924 655 999 708 τήν
1030 653 1175 698 τούτου
1200 656 1413 711 θυγατέρα.
1469 658 1554 697 Jam

91 713 229 809 :lnonui
244 712 529 753 emendandum
546 726 626 752 esse
655 714 830 765 Ψωφῖδα
852 713 1003 765 syllaba
1019 714 1192 754 secunda
1211 714 1424 767 producta.
1455 713 1553 755 Ovi-

121 781 206 808 ms:

207 825 340 877 Usque
364 825 438 864 sub
455 823 757 874 Orchomenon,
793 825 1091 877 Psophidaque,
1122 825 1402 877 Cyllenenque.

91 880 375 922 Percommode
393 888 524 921 autem
541 881 610 920 hic
627 882 742 920 locus
754 880 989 933 Apollodori
1008 883 1049 920 in
1068 882 1296 921 memoriam
1317 881 1414 920 mihi
1433 881 1554 921 alium

91 938 255 989 redigit,
280 937 321 976 in
351 937 452 976 libro
480 938 628 989 primo3
668 938 736 990 qui
777 937 887 976 viros
925 938 1065 977 doctos
1089 938 1132 976 in
1160 951 1334 977 errorem
1362 937 1552 976 hactenus

90 994 276 1034 induxit·
307 994 492 1046 deinceps
516 1001 669 1044 tamen,
699 994 757 1032 uti
783 1003 920 1045 spe4·,o
950 1008 1031 1032 non
1057 994 1187 1032 saciet.
1251 991 1399 1042 Τυδευς
1430 992 1474 1034 δὲ
1500 991 1554 1042 ὥς

91 1063 220 1103 φησιν
238 1048 260 1091 ὃ
275 1047 350 1116 την
369 1051 645 1102 Λλκμαιονίδα
669 1047 877 1102 γεγραφώς
896 1052 1051 1097 κτείνας
1075 1066 1170 1097 τους
1190 1049 1380 1097 Μέλανος
1407 1052 1555 1098 παῖδας

89 1102 423 1160 ἐπιβουλεύοντας
446 1107 579 1156 Οἰνεῖ,
611 1106 746 1158 Φηνέα
767 1113 840 1145 etc.
900 1105 1010 1153 Quae
1040 1105 1098 1144 sic
1126 1106 1244 1144 latine
1276 1105 1467 1158 expressit
1494 1106 1552 1144 in-

91 1170 271 1216 terpres·
308 1162 348 1201 Is
379 1163 450 1214 qui
481 1163 801 1202 Alcmaeonidem
833 1162 1073 1212 tragoediam
1104 1161 1278 1214 sclipsit.
1343 1162 1553 1200 Hominem

90 1227 186 1258 san'e
208 1218 433 1267 liberalem,
474 1219 545 1271 qui
572 1232 708 1258 vocem
738 1219 847 1256 illam
874 1217 1129 1269 Tragoediam
1160 1217 1326 1267 benigne
1359 1216 1474 1255 nobis
1502 1218 1552 1256 de

90 1289 167 1314 suo
184 1275 349 1326 largitus
370 1281 440 1315 est.
498 1275 643 1326 Atqui,
667 1276 708 1314 Ο
736 1275 858 1323 1)οη8,
888 1274 1106 1324 Αλκμαίων
1133 1287 1176 1312 ea
1198 1273 1441 1324 ngoedia,
1472 1287 1554 1311 non

90 1329 338 1383 Λλκμαιονὶς
362 1331 607 1379 inscribitur,
635 1337 682 1370 ut
705 1331 930 1380 Erotianus‚
959 1330 1161 1378 Stobaeus,
1195 1330 1433 1375 hiscimus,
1466 1330 1551 1367 alii-

91 1401 171 1440 que
190 1393 395 1427 testantur.
451 1388 578 1426 Sicuti
600 1393 729 1426 autem
751 1387 936 1426 Philoclis
958 1386 1115 1438 Tragici
1143 1386 1350 1436 tetralogia
1376 1386 1425 1424 de
1445 1386 1552 1423 Pan-

90 1445 210 1483 dione
237 1442 481 1493 Πανδιονὶς,
521 1449 640 1495 atque
667 1443 854 1495 Aeschyli
882 1443 930 1481 de
959 1442 1098 1482 Oreste
1133 1443 1319 1495 Ορεστεία
1350 1441 1552 1480 nominata

88 1506 171 1548 est3
197 1500 256 1538 lta
279 1498 367 1539 fieri
383 1506 517 1552 potest
535 1506 581 1538 ut
600 1500 808 1552 Euripides
835 1500 912 1537 tria
943 1498 1120 1537 dramata
1150 1498 1200 1536 de
1220 1498 1454 1536 Alcmaeone
1474 1511 1551 1549 pu—

86 1555 317 1605 blicaverit,
356 1569 434 1594 una
459 1569 547 1594 cum
581 1562 722 1607 quarto
754 1555 935 1607 Satyrico
970 1554 1191 1605 argumenti
1222 1554 1381 1593 omnino
1408 1554 1548 1592 alieni:

86 1625 210 1663 quam
227 1611 420 1661 integram
447 1612 692 1662 tetralogiam
713 1611 995 1675 Αλκμαιωνίδα
1021 1616 1226 1650 vocarent.
1284 1609 1363 1649 Sed
1389 1616 1550 1662 oportet

89 1666 319 1722 Epicharmi
334 1667 439 1705 illud
456 1681 610 1719 semper
630 1667 806 1706 habeas
795 1681 837 1705 1n
857 1673 1071 1735 promptu,

310 1726 434 1787 Nalm-s
451 1722 519 1764 καὶ
538 1719 710 1775 μέμνασ’
741 1719 942 1763 ἀπιστεῖν·
974 1720 1110 1775 ἄρθρα
1130 1724 1253 1763 ταῦτα
1277 1723 1352 1761 τᾶν
1373 1735 1547 1773 φρενων.

90 1780 331 1830 Quicunque
358 1780 460 1818 euim
485 1778 736 1818 humaniores
767 1778 840 1818 has
871 1779 1002 1818 Musas
1024 1779 1145 1830 colit,
1175 1791 1456 1831 saepenumero
1480 1791 1549 1818 so-

87 1837 144 1876 let
164 1848 240 1874 usu
258 1835 393 1874 venire
408 1841 487 1874 ut

310 1895 408 1948 Ισκῃ
423 1888 576 1938 ψεύδεα
597 1890 722 1933 πολλὰ
744 1890 903 1945 λέγων’
884 1886 1087 1943 ετύμοισιν
1103 1886 1231 1943 όμοια.

90 1947 293 1999 Siquidem
317 1947 392 1987 hae
419 1948 470 1987 de
494 1948 773 1988 Alcmaeonide
805 1947 1070 1999 suspiciones,
1111 1947 1217 1997 aegri
1247 1951 1339 1985 sunt
1374 1944 1550 1991 somnia;

90 2018 184 2044 cum
201 2004 237 2043 is
257 2005 459 2057 Scriptor,
490 2005 716 2069 quicunque
744 2004 900 2043 tandem
926 2003 1067 2051 sumit,
1099 2003 1252 2055 (neque
1282 2002 1384 2040 enim
1415 2002 1464 2039 de
1482 2014 1549 2039 ae-

90 2067 196 2110 tate,
225 2073 354 2112 neque
378 2060 427 2098 de
448 2061 576 2113 patlia
597 2061 695 2110 viri,
724 2067 792 2099 aut
810 2061 968 2099 nomine
988 2059 1195 2110 quicquam
1212 2058 1339 2097 habeo
1364 2071 1547 2108 comper—

90 2116 207 2169 tum)
236 2115 452 2156 historicus
473 2117 547 2167 sit,
576 2131 655 2155 non
678 2117 863 2166 tragicus.
925 2118 958 2157 Ο
986 2113 1029 2157 δὲ
1048 2112 1122 2168 τήν
1140 2115 1425 2180 Αλκμαιωνίδα
1448 2128 1546 2166 γρα-

89 2182 177 2225 ’ψας
202 2173 350 2223 (verba
369 2180 461 2212 sunt
476 2173 677 2212 Strabonis
711 2173 779 2213 lib.
801 2174 895 2222 10.)
928 2172 1090 2239 Ικαρίου
1113 2174 1187 2212 τοῦ
1209 2167 1448 2223 Πηνελόπης
1470 2183 1546 2208 πα

88 2244 184 2282 τρος
211 2227 326 2278 υἰους
354 2229 542 2296 ᾳενέσθαι
566 2226 642 2271 δύο
671 2227 825 2277 Αλυζὲα
850 2227 918 2269 καὶ
944 2225 1193 2270 Λευκάδιον.
1222 2228 1483 2268 δυναστεῦσαι
1505 2221 1545 2264 δ’

88 2284 136 2326 ἐν
155 2287 391 2342 Ακαρνανίοι
406 2281 572 2335 τούτους
591 2283 686 2338 μετοὲ
703 2301 774 2326 του
803 2283 962 2340 πατρός.
1018 2286 1068 2324 Et
1088 2284 1248 2336 quidem
1266 2280 1455 2334 Euripide
1475 2293 1543 2318 ve-

89 2341 246 2380 tustior.
305 2327 543 2381 Scholiastes
573 2342 624 2380 ad
651 2342 829 2381 Orestem
862 2355 899 2384 v.
936 2345 1055 2384 1000.
1098 2343 1354 2381 ,Ακολουθεῖν
1382 2339 1495 2377 δοκεῖ
1521 2334 1546 2376 ὁ

89 2393 315 2450 Εὐριπίδης
342 2401 400 2452 τῷ
429 2414 504 2450 την
519 2399 801 2472 Αλκμαιωνίδα
827 2399 880 2449 (ω
906 2398 1033 2436 scribe
1063 2397 1179 2435 etiam
1199 2394 1306 2448 apud
1326 2391 1544 2465 Apollodo-

89 2466 204 2503 rum,
234 2468 312 2493 non
343 2470 376 2496 ο.
389 2455 404 2505 )
423 2451 665 2526 πεποιηκότι
694 2470 751 2503 εις
755 2452 828 2495 *τοι
846 2454 950 2522 περὶ
976 2468 1048 2505 την
1073 2451 1198 2520 α’ρνα,
1227 2451 1283 2500 ὥς
1313 2466 1379 2490 και
1397 2443 1544 2489 Διονύ-

92 2508 220 2556 6ιοςό
237 2507 514 2578 κυκλογράφος
533 2512 645 2563 φησί.
705 2507 938 2579 Φερεκύδης
963 2507 1006 2550 δὲ
1035 2525 1081 2550 ov
1113 2504 1215 2550 καθ’
1244 2508 1390 2572 Ερμου
1419 2504 1544 2573 μῆνίν

90 2577 193 2616 φησι
209 2563 284 2617 τήν
303 2565 407 2620 ἄρνα
427 2566 728 2637 υποβληθῆναι.
788 2584 809 2609 ο
832 2566 874 2607 δὲ
894 2581 969 2617 την
987 2564 1271 2634 Λλκμαιωνίδα
1293 2559 1452 2616 γράψας
1470 2575 1543 2599 τον
1569 2563 1602 2598 0
1626 2563 1671 2598 20

89 2620 262 2672 ποιμένα
287 2620 583 2677 προσαγαγόντα
612 2621 655 2664 τὸ
671 2624 859 2677 ποιμνίου
885 2626 943 2678 τῷ
963 2626 1088 2674 Ατρεῖ
1101 2617 1373 2662 ἅνταποκαλεΐ.
1434 2616 1542 2665 Quid

91 2677 167 2716 tibi
197 2678 326 2716 dicam
352 2679 608 2730 depravatum
634 2680 731 2719 mihi
772 2679 897 2719 videri
913 2664 1090 2717 verbum
1126 2677 1228 2715 illud
1269 2672 1540 2744 postiemum?

90 2735 184 2786 χροῒ
207 2735 311 2774 8111111
339 2735 484 2786 δῆλον,
517 2734 563 2777 τό
588 2741 662 2777 τοῦ
684 2734 924 2790 Φερεκύδου.
954 2735 1035 2784 leg
1060 2737 1235 2775 Ανταῖον
1264 2728 1458 2773 ἀποκαλεῖ
1475 2729 1541 2767 vel

92 2792 324 2845 Αντανὸρον
353 2794 467 2834 καλεῖ
488 2793 553 2833 vel
579 2796 785 2846 Αντιφον,
822 2793 886 2832 vel
921 2790 1046 2831 simile
1074 2790 1299 2844 quippiam3
1337 2800 1426 2826 cum
1460 2785 1541 2824 sine
