1838 3230
428 166 1047 214 CHRONOGRAPHIA.
1105 168 1155 212 L.⁴
1181 167 1296 213 XIII.
1464 161 1598 224 329

121 285 339 334 τεσκεῦασε
355 293 483 334 πλοῖα
503 289 546 333 ἐν
556 284 842 344 Σαμοσάτοις,
872 285 985 332 πόλει
1009 293 1083 345 τῆς
1097 288 1414 347 Εὖφρατησιἀς,’
1451 290 1504 334 τὰ
1523 292 1599 346 μὲν

123 359 193 402 διὰ
214 357 347 410 ξύλων
366 358 420 402 τὰ
441 359 485 401 δὲ
504 357 573 401 διὰ
595 361 787 415 βυρσῶν,
829 355 884 408 ὥς
906 356 926 400 ὅ
950 356 1194 415 σοφώτατος
1213 357 1390 416 Μάγνος
1410 357 1431 402 ὅ
1447 377 1599 415 χρονο-

121 425 282 486 γρόφος
299 425 322 471 ὃ
342 425 550 485 Καρηνός,
577 425 599 470 ὃ
620 426 754 470 συνών
773 426 886 483 αὐτῷ
903 426 1113 487 Ἰουλιανῷ
1133 432 1306 482 βασιλεῖ’,
1334 426 1599 486 συνεγράψα-

121 513 185 542 το.
257 495 338 541 ἀπὸ
369 497 415 540 δὲ
440 494 700 553 Ἱεραπόλεως
728 495 906 546 ἐξελθών
938 491 1067 550 ἦλθεν
1100 498 1142 539 ἓν
1174 495 1338 554 Κάραις
1370 501 1424 555 τῇ
1457 496 1594 541 πόλει·

87 565 311 611 ὄκάκεῖθεν
331 559 420 623 εἶρε
440 563 515 608 δύο
539 563 660 616 ὁδούς
672 598 685 619 ‚
718 565 818 619 μίαν
839 562 1078 621 ἀπάγουσαν
1100 568 1155 615 εἷς
1177 567 1250 622 τὴν
1271 568 1439 621 Νίσιβιν
1460 565 1593 621 πόλιν,

122 629 252 678 οὖσάν
282 651 382 678 ποτε
409 631 642 689 Ῥωμαίων,
680 635 749 677 καὶ
780 632 908 689 ἄλλην
935 635 1000 676 ἐπὶ
1031 634 1078 677 τὸ
1099 633 1325 689 Ῥωμαϊκὸν
1347 634 1525 693 κάστρον
1546 637 1594 680 τὸ
1730 649 1736 726 ι

121 701 336 760 λεγόμενον
365 701 614 760 Κιρκήσιον,
649 704 828 757 κείμενον
860 705 916 753 εἷς
947 703 995 746 τὸ
1028 703 1155 758 μέσον
1182 708 1264 747 τῶν
1291 701 1593 760 ὃῦοῗότᾱμῶν
1616 719 1650 754 Ε

121 775 197 815 τοῦ
207 770 432 829 Εὐφράτου
452 773 610 815 καὶτοῦ
631 771 816 828 Ἀββορᾶ
830 785 840 795 ·
878 771 976 829 ὅπερ
999 771 1126 815 ἔκτισε
1139 771 1451 828 Διοκλητιανός,
1474 779 1599 829 βασι-

120 839 214 891 istic
227 839 450 895 Ῥωμαίων.
520 843 587 884 καὶ
606 843 776 897 μερίσας
798 840 868 883 τὸν
898 841 1076 897 στρατὸν
1097 839 1118 884 ὃ
1138 841 1262 891 αὐτὸς
1279 842 1473 895 βασιλεύς
1491 843 1597 898 πέμ-

64 917 110 952 1⁰
121 926 184 954 πει
211 909 276 952 ἐπὶ
300 909 378 965 τὴν
396 911 563 963 Νίσιβιν
585 908 754 960 ὁπλίτας
781 909 937 964 ἄνδρας
962 912 1136 966 μυρίους
1168 909 1459 966 ἑξακισχιλίους
1490 912 1597 967 μετὰ

119 975 195 1022 δύο
226 976 408 1035 ἐξάρχων
434 983 718 1034 Σεβαστιανοῦ
747 980 812 1022 καὶ
845 980 1101 1035 Προκοπιόυ.
1173 981 1240 1022 καὶ
1274 980 1537 1037 κατέφθασεν
1572 979 1595 1024 ὅ

119 1046 247 1100 αὐτὸς
269 1047 491 1098 Ἰουλιανὸς
521 1047 568 1091 τὸ
601 1045 827 1104 Κιρκήσιον
857 1046 1060 1104 κάστρον·
1107 1049 1173 1091 καὶ
1203 1046 1328 1099 ἐάσας
1353 1051 1421 1091 καὶ
1457 1050 1500 1092 ἐν
1533 1054 1595 1108 τῷ
1700 1047 1707 1078 ¹*

117 1117 333 1174 Κιρκησίῳ
361 1113 526 1176 κάστρῳ
560 1115 683 1167 ὅσους
703 1111 816 1174 εὗρεν
836 1106 1084 1172 ἕῇἆῧὲἷους
1108 1115 1366 1173 στρατιώτας
1391 1116 1594 1174 ἑξακισχι-

119 1185 251 1237 λίους,
289 1178 660 1241 προσθεῖξῄαὓτοΐς
687 1187 754 1228 καὶ
788 1185 940 1236 ἄλλους
968 1183 1136 1236 ὁπλίτας
1167 1186 1321 1243 ἄνδρας
1339 1204 1593 1244 τετρακισχι-
1616 1202 1649 1237 V
1671 1203 1694 1238 9

63 1260 108 1296 15
120 1254 234 1304 λίους
258 1254 362 1309 μετὰ
392 1252 571 1310 ἐξάρχων
595 1252 670 1297 δύο
699 1254 923 1309 Ἀκκαμὲου
953 1256 1020 1297 καὶ
1050 1253 1250 1312 Μαύρου.
1321 1258 1389 1299 καὶ
1422 1257 1596 1312 ἐξῆλθεν

118 1323 275 1366 ἐκεῖθεν
293 1325 361 1366 καὶ
384 1327 575 1380 παρῆλθε
594 1323 666 1366 τὸν
681 1323 888 1379 Ἀββοροῖν
904 1323 1091 1378 ποταμὸν
1112 1324 1180 1367 διὰ
1199 1329 1273 1380 τῆς
1293 1323 1486 1383 γεφύρης,
1511 1330 1594 1369 τῶν

117 1392 273 1435 πλοίων
301 1390 560 1450 φθασάντων
581 1394 637 1442 εἷς
657 1392 727 1435 τὸν
748 1391 975 1450 Εὐφράτην
1002 1391 1211 1448 ποταμόν·
1245 1388 1421 1438 ὧντινων
1444 1396 1597 1438 πλοίων

116 1457 296 1518 ὖπῆρχεν
335 1458 357 1504 ὃ
398 1461 580 1518 ἀριθμὸς
605 1463 749 1517 χιλίων
780 1463 998 1505 διακοσίων
1029 1461 1294 1518 πεντήκοντα.
1367 1465 1434 1506 καὶ
1466 1481 1596 1506 συνα-
1620 1478 1653 1513 0
1681 1480 1724 1514 18

62 1541 66 1545 ⁴
116 1531 298 1586 θροίσοις
325 1530 399 1573 τὸν
426 1531 532 1573 ἴδιον
559 1530 686 1574 αὐτοῦ
708 1529 911 1587 στρατόν,
945 1530 1045 1587 ἔχων
1063 1531 1158 1586 μεθ’
1186 1530 1335 1575 ἑαυτοῦ
1359 1531 1597 1576 Ἀνατόλιον

1703 1166 1709 1189 ἒ

59 1596 342 1655 ἳομάγιστρον
369 1601 435 1642 καὶ
457 1598 713 1644 Σαλούστιον
732 1599 908 1655 ἔπαρχον
929 1601 1190 1657 πραιτωρίων
1209 1602 1276 1643 καὶ
1297 1601 1395 1651 τούς
1413 1618 1594 1658 στρατη-

117 1665 248 1717 λάτας
265 1667 393 1710 αὐτοῦ
404 1700 417 1720 ,
457 1669 641 1712 ἀνελθών
662 1670 703 1711 ἓν
721 1667 872 1727 ὑψηλῷ
892 1667 1048 1724 βήματι
1070 1669 1127 1711 δι’
1152 1667 1301 1712 ἑαυτοῦ
1322 1667 1594 1727 προσεφώνη-

119 1752 165 1779 σε
193 1739 252 1794 τῷ
285 1741 474 1794 στρατῷ,
522 1737 696 1780 ἐπαινῶν
732 1737 882 1787 αὐτοὺς
912 1739 978 1779 καὶ
1006 1736 1332 1795 προτρεπόμενος
1362 1737 1593 1795 προθύμως

118 1808 186 1848 καὶ
204 1803 430 1862 σωφρόνως
449 1805 734 1862 ἀγωνίσασθαι
756 1806 862 1848 κατὰ
880 1809 1071 1864 Περσῶν.
1126 1808 1193 1849 καὶ
1213 1807 1368 1858 εὐθέως
1386 1809 1591 1863 ἐμβαίνειν

211 1904 244 1939 1.
267 1900 408 1944 πόλεως
423 1903 490 1937 Ox.
559 1905 592 1940 7.
611 1903 665 1939 12.
687 1905 740 1940 13.
765 1901 969 1949 Κιρκήσιον
986 1903 1064 1946 Ch„
1089 1905 1280 1950 Κιρκίσιον
1299 1905 1367 1939 Ox.
1438 1905 1493 1940 15.
1512 1901 1590 1940 Ἀκ-

207 1948 369 1998 καμέου]
395 1950 660 1985 Machameum
683 1954 718 1984 et
742 1951 904 1985 Maurum
927 1950 1050 1984 fratres
1073 1955 1236 1986 memorat
1259 1951 1453 1986 Ammianus
1475 1952 1587 1986 XXV.

209 1998 242 2032 1.
265 1998 299 2032 2.
325 2008 368 2031 ex
393 1996 642 2052 orthograpliia
663 1997 921 2040 monachorum,
954 1998 1184 2043 Μακαμοιῖον
1207 1997 1359 2032 Zosimus
1381 1997 1446 2032 111.
1470 1999 1528 2034 26.
1554 2000 1587 2034 8.

208 2044 264 2079 16.
287 2040 474 2090 γεφύρης]
498 2056 664 2089 γεφυρας
688 2043 751 2077 Ch.

114 2122 212 2165 bem,
247 2122 307 2168 qui
329 2123 468 2168 navigia
490 2122 725 2165 fabricarent,
761 2122 875 2167 lignea
898 2122 1085 2168 quaedam,
1112 2123 1278 2169 quaedam
1300 2135 1384 2163 vero
1409 2122 1588 2164 coriacea3

114 2169 167 2204 uti
189 2169 294 2203 habet
315 2170 577 2215 sapientissimus
602 2170 745 2214 Magnus
769 2170 965 2210 Carrensis,
992 2170 1302 2216 chronographus,
1327 2169 1385 2215 qui
1409 2171 1474 2203 hoc
1498 2170 1587 2204 bello

115 2216 176 2250 sub
199 2215 334 2250 Juliano
366 2216 535 2250 militavit.
592 2215 773 2261 Hierapoli
795 2220 907 2250 autem
930 2215 1103 2251 discedens
1126 2217 1338 2262 Imperator,
1378 2215 1504 2250 Carras
1528 2227 1590 2249 ve-

115 2261 188 2303 nit3
219 2261 310 2296 unde
331 2261 389 2296 via
412 2274 485 2296 sese
508 2261 542 2296 in
565 2269 682 2308 partes
705 2262 788 2296 duas
810 2262 930 2304 findit,
955 2273 1096 2308 quarum
1119 2274 1187 2297 una
1209 2263 1244 2296 in
1268 2261 1412 2297 Nisibim
1436 2261 1588 2303 abducit,

115 2307 234 2342 urbem
257 2307 417 2343 Romanis
440 2308 519 2343 olim
542 2310 749 2353 subjectam3
782 2308 892 2342 altera
914 2309 950 2343 in
972 2308 1158 2343 Circesium
1181 2308 1310 2351 tendit,
1335 2307 1491 2342 Castrum
1516 2308 1589 2341 Rc-

115 2362 270 2396 manum,
293 2354 384 2399 quod
410 2355 615 2400 Euphratem
639 2354 730 2388 inter
754 2358 790 2387 et
812 2355 984 2389 Abboram
1007 2354 1128 2389 fluvios
1151 2355 1307 2395 medium,
1332 2365 1353 2388 a
1372 2353 1587 2388 Diocletiano

115 2397 328 2445 Imperatore
361 2404 552 2435 extructum
577 2407 638 2435 est.
695 2399 847 2435 Julianus
878 2401 997 2446 itaque
1027 2401 1135 2435 diviso
1167 2400 1337 2441 exercitu,
1380 2404 1588 2433 armatorum

117 2454 190 2478 xvi.
213 2445 317 2480 millia
338 2446 484 2481 Nisibim
519 2458 636 2482 versus
659 2446 859 2492 expedivit,
897 2449 959 2482 sub
995 2447 1189 2481 Sebastiani
1214 2451 1249 2481 et
1272 2444 1436 2490 Procopii
1459 2445 1586 2480 ductu:

116 2489 196 2535 Ipse
218 2495 330 2526 autem
354 2492 397 2526 ad
424 2492 608 2527 Circesium
633 2499 783 2527 castrum
810 2492 904 2528 ducit
925 2494 1003 2528 iter.
1051 2494 1124 2528 Ubi
1148 2493 1285 2527 militum
1311 2491 1587 2526 stationariorum

118 2546 156 2570 v1
179 2535 335 2580 millibus,
359 2549 446 2583 quos
468 2539 517 2573 ibi
539 2540 683 2581 invenit,
714 2538 788 2585 ipse
811 2550 848 2574 lv
870 2540 976 2574 millia
999 2539 1138 2573 militum
1162 2539 1229 2573 alia
1254 2537 1393 2582 adjecit,
1417 2538 1585 2571 Accameo

119 2585 155 2616 et
177 2581 298 2635 Mpuro
322 2584 474 2619 Ducibus
499 2586 701 2620 constitutis.
749 2585 833 2620 Inde
857 2591 968 2620 autem
991 2586 1184 2626 discedens,
1208 2584 1303 2628 ipse,
1328 2594 1401 2616 cum
1426 2583 1585 2617 Anatolio

118 2627 312 2672 Magistro,
335 2629 504 2674 Sallustio,
536 2633 720 2666 Praefecto
744 2632 950 2674 Praetorio,
983 2631 1196 2676 caeterisque
1220 2629 1391 2671 Ducibus,
1426 2629 1587 2664 Abborae

117 2673 262 2707 fluminis
285 2680 391 2719 ponte
413 2678 574 2722 trajecto,
597 2678 734 2712 classem
757 2690 859 2719 suam,
885 2689 990 2712 lucen.
1014 2689 1119 2712 naves
1142 2686 1280 2710 numero
1305 2675 1497 2717 habentem,
1523 2687 1587 2721 per

118 2719 330 2764 Euphratem
361 2720 622 2766 adventantem,
665 2724 892 2769 praestolatus
928 2728 989 2758 est.
1051 2724 1141 2757 Tum
1166 2733 1249 2756 vero
1275 2721 1403 2755 coactis
1425 2721 1461 2755 in
1485 2733 1584 2756 unum

119 2764 243 2810 copiis,
268 2765 375 2800 locum
398 2767 575 2804 editiorem
597 2770 795 2804 conscendit
816 2770 910 2816 ipse,
934 2769 1024 2804 unde
1047 2767 1233 2802 exercitum
1256 2766 1425 2802 allocutus
1447 2772 1517 2802 est:
1549 2773 1585 2802 et

119 2812 282 2857 cujusque
306 2812 415 2846 fortia
437 2815 532 2849 facta
556 2815 811 2860 depraedicans,
835 2815 887 2850 uti
903 2814 1128 2861 paratissimo,
1153 2813 1348 2860 optimoque
1369 2813 1480 2848 animo
1502 2825 1584 2848 con-

119 2862 175 2892 tra
194 2858 317 2893 Persas
334 2857 369 2892 in
388 2858 494 2894 aciem
517 2860 764 2897 descenderent
781 2862 936 2897 hortatus
960 2864 1021 2895 est.
1069 2860 1240 2896 Posthaec
1261 2857 1402 2904 navigia.
1425 2871 1584 2896 conscen-
