1838 3230
220 205 316 252 136
622 194 908 242 IOANNIS
936 195 1273 240 MALALAE

212 317 413 377 Ὀρέστα,
452 316 527 361 οὐκ
553 311 686 366 ἄλλως
713 331 758 358 σε
789 313 1078 372 δεῖ-ἀργαλέας
1104 310 1230 357 νόσου
1251 314 1403 370 μανίαν
1429 310 1688 374 ἀποθέσθαι,-

218 389 252 431 εἰ
282 387 339 442 μὴ
369 382 550 444 περάσας
577 381 743 428 Πόντου
774 381 937 438 κύματα
968 383 1154 438 Σκυθίης
1193 399 1237 425 τε
1273 389 1394 439 γαῖαν
1437 379 1719 437 καταλάβοις”

165 460 195 494 Β
219 455 404 505 Αὐλίδος
423 471 466 497 τε
480 451 635 510 χώραν.
707 451 749 494 ἓν
770 451 862 510 ἱερῷ
882 450 1117 507 Ἀρτέμιδος
1143 451 1320 507 ληφθεὶς
1339 448 1516 508 σωθήσῃ
1534 451 1578 493 ἔκ
1598 454 1687 504 βω-

219 528 332 579 μῶν·
369 522 556 565 κάκεῖθεν
595 518 789 577 ἐκφυγών
810 520 853 562 ἐκ
884 521 1058 575 χθονίης
1084 517 1312 576 βαρβάρων
1337 516 1477 574 χθόνα
1507 516 1689 575 περάσας

70 598 104 632 O
132 597 199 634 173
221 589 459 648 καταλάβῃς
501 589 654 645 Συρίης
673 593 793 644 γαῖαν
828 587 1059 644 σειομένην,
1106 587 1288 637 αὐλῶνος
1308 591 1464 643 Σιλπῆς
1493 604 1535 630 τε
1566 586 1721 642 ὅρουςὸ

222 660 411 715 ἄντικρυς
439 655 621 714 εὑρήσεις
648 653 886 699 Μελάντιον
916 655 1098 711 τοῖἷνομα
1138 655 1229 711 ἔχον
1267 655 1386 712 ὅρος,
1432 655 1538 698 ἔνθα
1564 654 1690 711 μέγας

222 729 307 772 ἐστὶ
326 725 424 776 ναὸς
436 723 609 775 Ἑστίας.
683 725 765 767 ἐκεῖ
784 722 976 780 λυσσώδη
997 725 1148 779 μανίαν
1181 723 1392 768 ἇποτίθει·
1428 727 1590 768 θᾶττον
1607 723 1685 767 ἴθι.

222 799 355 840 ταῦτα
380 793 458 852 ἔφη
494 792 519 836 ἃ
545 793 707 850 γίνεται.
821 802 823 805 “
1687 832 1690 835 ⁴

325 865 410 906 Kal
430 866 552 906 τοῦτο
568 861 926 919 χρησμοδοτηθεὶς
945 858 966 904 ὅ
984 859 1179 924 Ὀρέστης
1200 857 1474 916 ἕσημειῶσατο
1490 873 1500 884 ·
1536 860 1602 902 καὶ
1622 858 1688 903 εὖ-

221 930 332 982 θέως
368 928 653 980 καταπλεύσας
683 928 770 985 ἅμα
797 933 856 988 τῷ
881 927 1060 987 Πυλάδῃ
1092 929 1352 987 κατέφθασεν
1373 929 1435 972 ἐπὶ
1456 928 1530 984 τὴν
1552 927 1686 972 Λῦλί-
1698 927 1743 963 10

223 1001 278 1042 δα
295 996 435 1056 χώραν
462 1003 534 1054 τῆς
555 999 754 1048 Σκυθίας.
826 999 892 1039 καὶ
923 995 1181 1041 ἀνελθόντων
1213 997 1348 1040 αὐτῶν
1369 998 1413 1040 ἐκ
1438 1001 1511 1040 τοῦ
1531 997 1686 1050 πλοίου,

224 1067 445 1125 προσέσχεν
477 1065 498 1110 ὅ
524 1066 719 1123 Ὀρέστης
746 1065 852 1123 ἱερὸν
880 1064 1009 1116 ἑστὼς
1039 1064 1094 1116 ὥς
1122 1065 1201 1109 ἀπὸ
1230 1067 1374 1120 μιλίων
1406 1063 1479 1108 δύο
1503 1069 1577 1119 τῆς
1605 1069 1690 1108 θα-

225 1133 377 1191 λάττης
414 1137 481 1178 καὶ
508 1132 724 1178 θανόντων
763 1132 997 1191 ἀνθρώπων
1026 1134 1244 1192 ἐρριμμένα
1276 1133 1410 1177 ὀστέα.
1493 1134 1562 1176 καὶ
1584 1133 1691 1189 ,λέγει

172 1207 203 1242 C
226 1202 406 1261 Πυλάδῃ
428 1202 449 1246 ὃ
474 1203 691 1260 Ὀρέστης,
729 1204 861 1246 Δοκεῖ
882 1218 946 1245 σοι
968 1207 1072 1253 θεᾶς
1095 1201 1193 1245 εἶναι
1215 1199 1312 1245 τάδε
1329 1202 1548 1259 μέλαθρα,
1585 1200 1689 1244 ἔνθα

227 1272 302 1315 σὺν
332 1273 474 1326 νηυσὶν
502 1270 681 1327 ἣκαμεν;
719 1269 802 1327 ὁρῶ
833 1271 878 1313 δὲ
904 1272 969 1313 καὶ
994 1275 1076 1314 τῶν
1101 1268 1319 1314 θανόντων
1335 1271 1456 1321 ξένων
1473 1270 1527 1314 τὰ
1552 1270 1685 1313 ὀστέα.
1701 1275 1745 1312 15

228 1342 294 1383 καὶ
313 1339 600 1397 προσεσχηκώς
617 1337 817 1394 Πυλάδης
835 1339 934 1395 λέγει
954 1343 1012 1397 τῷ
1026 1339 1222 1396 Ὀρέστῃ,
1258 1337 1455 1395 Φύγωμεν
1466 1371 1479 1392 ,
1515 1339 1584 1381 ἐὰν
1606 1356 1690 1382 σω-

227 1405 466 1463 θησόμεθα.
540 1406 560 1450 ὃ
582 1408 626 1450 δὲ
642 1407 837 1465 Ὀρέστης
854 1406 947 1464 ἔφη,
990 1407 1051 1450 Οὐ
1073 1405 1293 1464 φεύγομεν·
1330 1406 1422 1450 οὔτε
1441 1407 1518 1465 γὰρ
1533 1405 1690 1465 φεύγειν

229 1474 437 1530 εἰώθαμεν
459 1475 553 1519 οὐδὲ
570 1475 641 1519 τὸν
651 1475 836 1534 χρησμὸν
855 1473 1180 1530 κακιστεύσομεν.

332 1542 520 1594 Τούτους
551 1545 596 1587 δὲ
625 1542 848 1602 ἑωρακότες
881 1542 1072 1598 βουκόλοι
1103 1543 1281 1601 ἔδραμον
1315 1543 1417 1601 πρὸς
1444 1543 1518 1600 τὴν
1545 1542 1690 1600 Ἰφιγέ-

320 1678 352 1711 1.
387 1670 669 1729 ἄργαλέωςὈΧ.
775 1677 809 1711 2.
841 1673 1084 1722 καταλάβοις]
1117 1671 1327 1720 καταλάβῃς
1348 1673 1526 1709 Cedrenus
1549 1686 1585 1720 p.
1610 1674 1689 1712 134.

319 1720 364 1755 B.
428 1763 437 1777 ‹
469 1722 504 1757 3.
537 1722 696 1762 Αυλίδος
716 1733 755 1758 τε
777 1722 973 1777 Cedrenusu,
1005 1720 1191 1761 Λύσαιδος
1214 1719 1253 1756 δὲ
1276 1721 1345 1756 Ox,
1450 1720 1484 1756 4.
1509 1722 1690 1767 χθονίης]

319 1768 460 1810 χθονος
482 1767 674 1803 cedrenus,
785 1769 818 1803 5.
842 1767 1005 1813 Σιλπης]
1039 1767 1195 1823 Elin-lov
1220 1766 1407 1822 Oedrenus.
1517 1770 1550 1804 8.
1575 1769 1692 1803 ταῦτα

320 1811 417 1869 ἔφῃ]
437 1812 616 1871 ,‚llglallem
633 1813 762 1858 legere,
791 1825 866 1848 cum
884 1814 1052 1856 Cedreno,
1074 1825 1192 1872 ταυτα
1215 1811 1352 1871 ἔφην’ι
1377 1812 1443 1846 Ch.
1535 1813 1592 1850 14.
1617 1818 1692 1850 Δο-

319 1859 395 1902 κει]
425 1859 540 1912 hunp:
562 1859 709 1914 Iphfflj.
732 1871 764 1894 v.
784 1861 840 1915 69.
934 1862 989 1898 16.
1013 1861 1190 1906 Πυλαὸης
1210 1879 1257 1885 -
1291 1855 1451 1905 Ορέστῃ]
1475 1859 1576 1894 Immo
1600 1861 1691 1896 Ore-

320 1907 392 1984 sltgs
406 1903 953 1995 οΙζῃῖἰὲιὶιι,ΜήιῑῗιιέῖὲεΦυγαμῶν]
985 1918 1020 1941 v.
1045 1908 1122 1944 103.
1226 1907 1280 1942 17.
1302 1901 1492 1950 Ὀρέστης]
1528 1905 1690 1952 Pylades.

233 2099 256 2116 ,,
266 2074 431 2118 Orestes,
453 2087 520 2111 non
544 2076 681 2113 aliunde
705 2082 776 2121 est,
813 2081 857 2114 ub
881 2082 924 2116 ab
948 2080 1100 2116 insaniae
1122 2083 1202 2119 tuae
1222 2079 1338 2115 morbo
1362 2079 1602 2122 convalescas,
1626 2077 1691 2113 nisi

231 2121 387 2175 trajectis
411 2122 513 2175 [fonti
535 2122 715 2167 fluctibus,
752 2126 844 2160 Oras
867 2127 1049 2172 Scythicas
1073 2126 1256 2173 appuleris.
1303 2125 1375 2159 Ubi
1397 2125 1530 2160 Aulidis
1554 2125 1598 2159 ad
1619 2129 1693 2159 ter-

231 2177 302 2200 ram
325 2178 361 2200 m
385 2167 516 2221 Dianae
548 2170 671 2215 templo
695 2175 836 2217 captuS,
874 2172 1079 2207 destinatum
1103 2173 1203 2207 altari
1226 2171 1447 2212 sacrificium,
1489 2172 1615 2206 evades
1636 2174 1691 2205 ta-

192 2218 207 2228 ·
231 2223 326 2266 men:
373 2225 511 2259 orisque
534 2214 729 2249 Barbaricis
753 2220 912 2261 ereptus,
950 2219 1034 2252 mari
1055 2218 1271 2259 transmisso,
1306 2217 1549 2262 tremulamque
1568 2216 1693 2262 Syriae

231 2269 403 2303 regionem
426 2259 643 2305 pertingens,
666 2261 715 2295 Sil
742 2262 842 2307 ioque
865 2263 969 2297 monti
993 2266 1182 2309 oppositam
1205 2263 1400 2309 planitiem,
1427 2262 1626 2297 Melantium
1648 2261 1692 2295 ad

231 2307 376 2357 montem
424 2305 598 2346 ervenies;
638 2307 697 2341 ubi
751 2319 848 2342 anum
872 2313 968 2343 extat
990 2310 1118 2344 Vestae
1152 2320 1322 2354 magnum.
1365 2308 1546 2343 Rabiosam
1567 2308 1617 2342 ibi
1638 2307 1693 2341 in·-

233 2360 379 2415 samam“
418 2351 611 2396 epositurus
633 2363 686 2386 es:
734 2353 791 2387 fac
822 2353 893 2387 cito
916 2354 1081 2390 discedas.
1131 2355 1230 2396 Quae
1260 2358 1296 2388 te
1326 2358 1461 2388 manent
1483 2354 1592 2396 Fata,
1638 2351 1693 2386 di-

231 2405 352 2431 xlmus.

271 2485 280 2494 ι
322 2441 467 2476 Orestes
490 2445 602 2476 autem
619 2442 767 2478 Oraculo
790 2447 952 2478 annotato
975 2445 1048 2478 sine
1070 2456 1164 2479 mora
1186 2445 1287 2480 solvit
1309 2444 1406 2478 inde=
1431 2444 1584 2479 Aulidem
1603 2444 1692 2488 Scy-

232 2485 347 2527 thiae,
370 2498 437 2521 una
460 2499 534 2522 cum
557 2488 707 2533 Pylade,
747 2490 974 2534 profecturus.
1022 2490 1092 2523 Ubi
1115 2491 1357 2536 quamprimum
1380 2490 1609 2535 appulissent,
1630 2502 1692 2535 pe-

232 2530 408 2576 destrique
431 2532 555 2568 itinere
584 2534 649 2568 duo
673 2534 812 2569 circiter
833 2535 992 2569 milliaria
1014 2537 1188 2580 progressi
1211 2536 1375 2577 fuissent3
1412 2537 1556 2570 Orestes
1579 2537 1692 2571 fanum

233 2578 432 2621 conspexit,
471 2580 631 2625 circaque
653 2584 857 2615 mortuorum
880 2581 1048 2615 hominum
1072 2592 1150 2614 ossa
1174 2582 1338 2627 projecta.
1385 2581 1549 2625 Pyladem
1571 2583 1692 2626 itaque

234 2622 381 2656 Orestes
405 2625 629 2670 compellans;
674 2650 698 2667 ‚‚
709 2626 899 2668 Haeccine,
935 2626 1063 2671 inquit,
1101 2625 1165 2660 tibi
1187 2627 1282 2660 Deae
1304 2638 1402 2672 quam
1426 2627 1570 2672 petimus
1595 2627 1691 2661 delu-
1728 2640 1733 2642 ·

234 2667 296 2700 bra
316 2679 390 2721 esse
410 2669 597 2705 videntur?
622 2671 714 2712 Quin
730 2673 935 2706 advenarum
955 2671 1012 2705 hic
1028 2671 1212 2706 occisorum
1230 2683 1308 2705 ossa
1330 2672 1430 2718 plane
1454 2673 1689 2718 conspicimus.

232 2711 302 2764 Igno
326 2713 437 2755 video,
461 2716 575 2760 inquit
596 2717 765 2761 Pylades3
790 2721 825 2752 et
848 2717 1055 2763 capessenda
1077 2717 1155 2750 hinc
1178 2718 1260 2761 suga
1282 2722 1347 2759 est,
1372 2718 1401 2751 si
1421 2718 1507 2753 salvi
1531 2730 1607 2753 esse
1630 2730 1692 2753 ve-

231 2758 340 2791 llmus.
399 2760 648 2805 Nequaquam,
683 2762 861 2808 respondit
891 2764 1051 2798 Orestes:
1088 2773 1152 2797 nec
1183 2763 1270 2797 enim
1300 2764 1423 2809 fugere
1446 2763 1689 2800 consuevimus.

233 2802 303 2837 Sed
326 2814 389 2837 nec
413 2805 594 2841 oraculum
617 2807 810 2852 improbare
831 2808 951 2843 licet.“

325 2850 549 2886 Accurrentes
581 2852 714 2888 interim
747 2855 806 2900 qui
828 2854 921 2889 forte
943 2857 1189 2900 conspexerant
1218 2853 1294 2889 illos
1318 2855 1453 2890 bubulci
1475 2856 1520 2892 ad
1553 2855 1690 2902 Iphige-
