1838 3230
441 155 1082 203 CHRONOGRAPHIA.
1138 157 1188 200 L.
1220 158 1272 201 V.
1495 164 1591 210 103

129 281 183 321 32
209 276 313 334 πρὸς
342 276 415 320 τὸν
446 274 693 333 Τεύθραντα
711 276 908 330 βασιλέα,
948 278 1014 319 καὶ
1035 276 1259 332 συμβαλὼν
1281 274 1394 336 αὐτῷ
1416 274 1592 332 πόλεμον

129 346 235 402 ξίφει
251 345 413 403 ἀναιρεῖ
425 342 571 388 αὐτόν·
600 342 862 400 ἐκπορθήσας
885 345 930 388 δὲ
947 345 1021 400 τὴν
1043 344 1191 389 τούτου
1215 344 1333 398 πόλιν
1353 347 1421 388 καὶ
1444 345 1495 390 τὰ
1513 346 1589 389 αὐ-
1613 353 1646 388 D

128 418 204 457 τοῦ
222 411 359 458 πάντα
382 411 544 469 λαβών,
575 415 642 456 καὶ
661 413 736 468 τὴν
762 413 974 470 θυγατέρα
1000 413 1128 458 αὐτοῦ
1157 414 1401 470 Τέκμησσαν
1422 414 1506 470 ἄγει
1524 417 1593 458 καὶ

127 481 202 526 τὸν
223 482 351 526 αῧτοῢ
373 486 551 526 πλοῦτον
571 482 640 525 καὶ
663 480 801 525 πάντα
823 481 967 532 νυκτὸς
988 483 1051 524 ἐπὶ
1070 482 1166 533 τοὺς
1181 481 1393 538 Ἓλληνας.
1464 478 1515 540 ἦν
1543 486 1589 527 δὲ

94 548 153 607 5ἧ
178 550 400 607 Τέκμησσα
416 555 469 608 τῇ
483 548 617 610 ἡλικίᾳ
637 549 851 603 εὕστολος,
885 548 1157 609 μελάγχροος,
1195 549 1484 610 εὖόφθαλμος,
1521 555 1588 595 λε-

125 617 338 678 πτόρινος,
371 617 621 675 μελάνθριξ,
658 617 1054 676 λεπτοχαράκτηρος,
1091 621 1314 677 παρθένος,
1350 615 1454 663 οὖσα
1484 621 1587 664 ἐτῶν

125 686 188 740 ιζ’.
257 687 332 732 τὸν
353 688 398 730 δὲ
417 685 688 744 Πολύδωρον,
720 688 792 731 τὸν
809 687 898 731 υἱὸν
919 692 995 731 τοῦ
1013 687 1225 746 Πριάμου,
1250 689 1290 732 οἶ
1306 690 1467 732 Δαναοὶ
1486 687 1586 743 στή-

125 772 271 807 σαντες
297 755 507 799 κατέναντι
532 760 607 799 τοῦ
636 757 792 811 τείχους
820 754 1030 812 ἐδήλωσαν
1050 762 1109 816 τῷ
1126 755 1309 817 Πριάμῳ
1328 756 1488 811 πέμψαι
1512 757 1586 812 τὴν

119 822 283 880 Ἑλένην
309 826 376 868 καὶ
396 828 535 878 λαβεῖν
552 823 623 867 τὸν
642 823 899 882 Πολύδωρον
922 825 1013 868 υἱὸν
1031 825 1160 868 αὐτοῦ
1178 827 1244 869 καὶ
1266 826 1455 881 γενέσθαι
1476 824 1585 884 εἰρή-

69 902 116 938 10
126 907 223 950 νην·
259 893 342 936 ἐπεὶ
364 891 586 950 φονεύομεν
610 891 745 937 αὐτόν.
817 895 883 936 καὶ
904 894 978 948 οὐχ
999 895 1152 938 εἵλοντο
1187 892 1264 916 ***

223 959 306 984 *’*
341 978 409 1018 ρεν
430 961 473 1004 ἔκ
491 966 564 1017 τῆς
583 960 775 1017 κινήσεως
794 966 875 1004 τῶν
897 960 998 1005 ἑπτὰ
1022 965 1238 1018 πλανητῶν
1263 962 1366 1004 κατὰ
1397 962 1585 1018 μοιρικὴν

122 1026 249 1086 τύχην
274 1027 506 1086 ἐπαγόντων
527 1037 612 1080 τοῖς
636 1028 874 1086 ἀνθρώποις
897 1030 1031 1087 χαρὰς
1052 1033 1119 1074 καὶ
1145 1029 1299 1083 λύπας,
1344 1028 1484 1086 ὁρίσας
1510 1030 1584 1085 τὴν

121 1097 280 1153 τάβλαν
305 1098 378 1142 τὸν
405 1096 542 1154 γήινον
568 1096 745 1152 κόσμον,
784 1099 881 1148 τούς
905 1099 949 1141 δὲ
971 1100 1212 1142 δυοκαίδεκα
1241 1096 1394 1147 κάσους
1410 1098 1482 1140 τὸν
1503 1099 1579 1150 ζω-
1602 1112 1635 1146 13:

122 1167 262 1210 διακὸν
295 1165 500 1222 ἀριθμόν,
537 1166 584 1209 τὸ
616 1167 660 1209 δὲ
689 1164 936 1223 ψηφόβολον
963 1168 1030 1209 καὶ
1053 1167 1105 1210 τὰ
1122 1168 1164 1209 ἐν
1186 1166 1298 1225 αὐτῷ
1321 1165 1424 1208 ἔπτὰ
1443 1168 1582 1208 κοκκία
1606 1180 1639 1215 0
1667 1182 1733 1218 130

66 1244 112 1280 15
124 1235 175 1280 τὰ
197 1233 299 1278 ἔπτὰ
323 1234 455 1292 ἄστρα
463 1267 476 1287 ,
513 1234 584 1277 τὸν
604 1236 649 1278 δὲ
664 1233 816 1291 πύργον
834 1235 880 1278 τὸ
898 1234 1009 1290 ὕψος
1027 1240 1101 1279 τοῦ
1120 1234 1321 1293 οὐρανοῦ,
1360 1235 1403 1285 ἐξ
1428 1228 1476 1277 οὗ
1508 1234 1581 1277 ἆν-

120 1305 389 1348 ταποδίδοται
411 1307 512 1346 πᾶσι
535 1303 641 1346 καλὰ
659 1305 724 1345 καὶ
748 1301 867 1346 κακά.

220 1369 440 1428 Μηριόνης
467 1369 718 1426 κονδοειδής,
756 1369 932 1424 πλατύς,
972 1369 1126 1424 λευκός,
1165 1369 1369 1428 εὗπώγων,
1403 1370 1581 1427 μεγαλό-

120 1444 332 1499 φθαλμος,
366 1438 628 1496 μελάγκορος,
667 1438 877 1497 οὖλόθριξ,
914 1439 1134 1495 πλατόψις,
1171 1438 1469 1498 στρεβλόρινος,
1507 1457 1579 1482 πε-

120 1509 324 1568 ρίγοργος,
357 1506 666 1564 μεγαλόψυχος,
703 1506 959 1564 πολεμιστής.

63 1588 111 1624 20
167 1643 174 1650 ⁸
215 1577 440 1632 Ἰδομενεὺς
464 1578 728 1634 διμοιριαῒος,
762 1575 1035 1634 μελάγχρους,
1074 1573 1354 1634 εὖόφθαλμος,
1392 1575 1573 1628 εὔθετος,
1601 1594 1632 1629 v
1655 1593 1702 1631 43

209 1686 244 1721 2.
280 1682 422 1730 αὐτοῦ]
458 1682 555 1721 αὐτοὶ
579 1686 646 1720 Ox.
784 1687 838 1721 10.
874 1684 936 1720 καὶ
960 1683 1028 1729 οὐχ
1051 1683 1192 1720 εἴλοντο
1219 1683 1279 1728 ”]
1315 1683 1489 1725 „Lacuna
1511 1683 1576 1717 ista

209 1743 254 1766 ex
277 1731 457 1773 cedreno,
489 1732 603 1776 aliqua
626 1742 670 1766 ex
692 1734 813 1776 parte,
847 1736 883 1765 et
905 1731 992 1764 Isac.
1015 1731 1364 1776 Porphyrogenneta,
1398 1728 1442 1762 de
1474 1740 1577 1773 prae-

208 1777 370 1812 termissis
394 1777 437 1812 ab
457 1777 620 1819 Homero,
643 1776 793 1822 suppleri
814 1776 927 1821 possit.
939 1778 963 1796 “
987 1776 1052 1810 Ch.
1169 1779 1224 1813 11.
1250 1775 1262 1790 ‘
1288 1787 1351 1820 ρεν
1371 1772 1410 1810 ἐκ
1433 1775 1499 1819 τῆς
1521 1788 1577 1809 κι-

207 1821 368 1868 νήσεως]
404 1823 492 1865 „De
525 1822 710 1857 Palamede
738 1822 888 1867 loquitur
919 1822 1124 1866 Tabulaque
1146 1820 1292 1855 Lusoria
1315 1821 1358 1855 ab
1381 1820 1500 1855 eodem
1523 1821 1576 1854 in-

208 1873 332 1904 ventu
363 1867 408 1903 de
430 1868 552 1914 quibus
575 1867 654 1902 vide
676 1867 837 1909 Suidam,
863 1867 1174 1908 Cedrenum‚·1sac.
1198 1866 1576 1912 Porphyrogennetam‚

207 1914 280 1995 Ἓξ
292 1926 336 1949 ex
355 1916 491 1994 §nimii
512 1917 627 1994 nostgo
637 1912 964 1993 Jistabdesgipsisse
994 1912 1163 1992 vgdgntur.
1210 1912 1263 1992 DZ
1285 1911 1384 1992 Lutdo
1409 1913 1475 1977 ¹¹3⁰
1496 1911 1575 1991 vgle

209 1972 230 1995 e
281 1972 312 1994 m
391 1971 469 2004 yan
495 1972 524 1994 n
564 1972 584 1994 e
660 1971 720 1993 aco
745 1971 758 1992 1
835 1970 895 1992 oar
934 1970 967 1992 m
1037 1971 1056 1993 e
1081 1969 1194 1993 renum
1264 1969 1329 1992 nno
1348 1969 1367 1991 a
1385 1969 1417 1993 a.
1564 1983 1572 1992 .

210 2007 266 2044 13.
287 2003 426 2047 κάσους
448 2005 622 2041 cedrenus
644 2016 679 2051 p.
697 2006 775 2043 125.
792 2004 842 2047 C,
863 2003 1024 2046 κάσσους
1046 2005 1114 2039 Ox.
1184 2006 1241 2040 20.
1268 2005 1479 2049 διμνριαῖος
1503 2003 1573 2038 Ox.

116 2098 244 2143 Regem
268 2097 517 2133 Teuthrantem
538 2097 712 2143 profectus
734 2099 805 2131 est:
828 2107 971 2142 quocum
993 2094 1166 2131 commisso
1190 2094 1338 2141 praelio,
1363 2094 1477 2140 gladio
1497 2106 1572 2129 eum

117 2143 272 2179 sustulitz
296 2144 448 2188 urbeque
471 2145 543 2189 ejus
564 2143 729 2189 spoliata,
754 2142 875 2188 opibus
898 2142 1041 2187 direptis
1063 2141 1232 2184 omnibus,
1256 2141 1359 2176 filiam
1382 2142 1453 2186 ejus
1478 2141 1573 2174 Tec-

116 2201 255 2225 messam
288 2189 491 2235 divitiasque
523 2200 637 2224 omnes
675 2200 739 2235 per
767 2192 899 2223 noctem
938 2188 983 2222 ad
1014 2189 1222 2222 Graecorum
1264 2192 1379 2222 castra
1422 2185 1570 2220 devexit.

116 2236 208 2271 Erat
229 2239 342 2270 autem
364 2235 566 2278 Tecmessa,
593 2235 733 2270 formam
757 2233 846 2279 quod
867 2237 1022 2280 spectat,
1043 2234 1131 2268 bene
1154 2235 1297 2274 ornata,
1320 2233 1436 2268 colore
1458 2231 1570 2275 nigro,

117 2281 223 2316 oeulis
245 2281 415 2327 pulchris,
437 2293 519 2316 naso
542 2281 711 2324 tenuiori,
735 2279 857 2325 capillo
880 2279 1000 2324 nigro,
1032 2279 1123 2314 facie
1145 2279 1262 2322 tenui,
1294 2283 1331 2312 et
1352 2277 1470 2321 virgo,
1494 2286 1568 2310 xvn

117 2338 222 2363 annos
243 2331 335 2362 nata.
381 2327 586 2372 Polydorum
608 2338 711 2368 vero,
747 2325 876 2360 Priami
897 2325 1021 2370 filium,
1045 2337 1065 2360 e
1088 2324 1230 2369 regione
1251 2324 1336 2358 muri
1359 2322 1569 2357 constit-uen-

116 2377 192 2416 tes,
229 2372 365 2407 Priamo
389 2373 602 2418 significant,
633 2372 685 2407 uti
707 2372 839 2406 Helena
861 2371 1016 2414 reddita,
1052 2374 1088 2406 et
1109 2370 1280 2416 Polydoro
1303 2368 1447 2403 vicissim
1471 2379 1571 2402 acce—

115 2422 198 2498 pto,
220 2430 288 2464 pax
308 2422 423 2461 mutua
445 2420 563 2454 fieret:
597 2419 650 2453 sin
671 2418 778 2453 minus
800 2417 1005 2462 Polydorum
1028 2429 1064 2452 se
1086 2416 1163 2451 neci
1184 2416 1335 2450 daturos.
1382 2412 1569 2447 Abnuenti-

140 2475 178 2499 us
210 2469 322 2499 autem
346 2465 506 2487 ******
528 2464 658 2499 invenit
692 2475 734 2498 ex
757 2466 849 2498 motu
882 2468 1011 2510 septem
1040 2462 1276 2502 Planetarum3
1321 2459 1409 2494 unde
1442 2458 1568 2502 gaudia

115 2508 258 2544 subinde
280 2521 321 2544 ac
343 2508 494 2553 dolores,
525 2511 624 2555 juxta
646 2510 818 2544 Fortunae
846 2514 990 2551 sortem,
1025 2507 1229 2544 Mortalibus
1249 2505 1464 2539 inducuntur.
1510 2504 1567 2538 In-

117 2553 230 2589 stituit
256 2555 382 2598 etiam,
413 2561 451 2591 ut
481 2556 620 2591 Tabula
652 2559 742 2590 esset
763 2554 910 2589 Mundus
932 2553 1124 2596 terrestris3
1159 2553 1264 2587 Casus
1287 2562 1368 2585 vero
1392 2549 1567 2584 duodecim

117 2599 259 2635 zodiaci
278 2613 449 2636 numerum
483 2602 731 2647 Psephobolum
754 2611 857 2643 vero,
887 2604 923 2634 et
946 2612 1034 2646 quae
1055 2600 1090 2634 in
1114 2611 1155 2634 eo
1179 2599 1317 2632 fuerunt
1339 2601 1487 2630 tesserae
1509 2607 1564 2630 se—

117 2648 230 2690 ptem,
257 2651 383 2692 septem
413 2648 551 2682 stellae:
595 2647 718 2682 Turris
747 2658 830 2682 vero
855 2646 954 2682 Coeli
980 2645 1145 2688 altitudo;
1183 2643 1274 2678 unde
1301 2643 1390 2677 bona
1412 2640 1564 2676 omnibus

115 2696 154 2725 et
174 2691 264 2725 mala
284 2703 344 2726 sua
363 2693 606 2738 rependuntur.

206 2735 377 2771 Meriones
399 2743 477 2774 erat
499 2742 633 2780 curtus,
665 2738 770 2780 latus,
794 2737 975 2778 candidus,
998 2736 1181 2776 barbatus,
1205 2733 1307 2768 oculis
1330 2731 1476 2778 magnis,
1499 2743 1564 2778 pu-

116 2780 206 2828 pillis
228 2781 346 2826 nigris,
368 2783 508 2829 crispus,
533 2784 627 2819 vultu
647 2783 730 2826 lato,
752 2795 832 2818 naso
855 2784 999 2823 obunco,
1028 2792 1118 2822 acer,
1142 2779 1380 2824 magnanimus,
1404 2778 1559 2813 bellator.

207 2827 404 2863 Idomeneus
435 2834 509 2864 erat
530 2834 660 2866 statura
691 2830 891 2864 mediocrem
914 2830 1116 2873 superante,
1155 2827 1268 2862 colore
1298 2824 1414 2871 nigro,
1457 2824 1561 2859 oculis
