1838 3230
264 179 362 227 378
658 177 945 222 IOANNIS
976 180 1319 226 MALALAE

262 297 450 351 φυγοῦσα
469 294 543 350 τὴν
562 297 667 340 {alar
687 296 812 352 αὐτῆς
826 297 983 353 μητέρα
1001 296 1143 358 λάθρᾳ
1162 301 1229 342 καὶ
1249 298 1275 355 ἦ
1293 301 1514 355 βασίλισσα
1529 299 1718 362 Ἀριάδνη

263 364 318 412 εἷς
339 363 414 418 τὴν
429 362 632 421 Ἰσαυρίαν
646 379 656 389 ·
691 366 758 408 καὶ
777 367 907 421 διῆγεν
929 364 1015 421 ἅμα
1033 372 1090 425 τῷ
1109 369 1199 426 ἰδίῳ
1222 368 1350 424 αὐτῆς
1370 369 1498 426 ἀνδρί.

208 434 241 470 D
365 433 450 474 Καὶ
476 433 578 485 μετὰ
606 433 652 477 τὸ
680 440 816 489 φυγεῖν
850 431 1023 488 Ζήνωνα
1046 434 1118 478 τὸν
1148 437 1320 489 βασιλέα
1338 439 1404 480 καὶ
1417 435 1632 495 Ἀριάδνην
1649 437 1718 482 εὗ-

260 498 369 548 θέως
390 501 689 555 προεχειρίσατο
709 499 733 555 ἦ
757 501 861 556 αὐτὴ
891 502 1082 544 δέσποινα
1110 506 1269 559 Βηρΐνα
1296 506 1490 558 βασιλέα,
1527 507 1717 561 στέψασα

259 567 505 610 Βασιλίσκον
534 568 604 611 τὸν
635 568 738 611 ἴδιον
766 568 892 624 αὐτῆς
919 568 1118 627 ἀδελφόν·
1157 573 1223 614 καὶ
1249 573 1505 625 ἐβασίλευσεν
1537 571 1558 616 ὅ
1591 573 1748 624 αὗτός5

261 635 505 684 Βασιλίσκος
536 634 557 678 ὅ
586 635 761 692 ἀδελφὸς
790 638 970 693 Βηρίνης
994 642 1069 693 τῆς
1101 643 1303 696 πενθερᾶς
1333 639 1524 696 Ζήνωνος
1557 640 1626 697 ἴτη
1655 640 1712 697 β’.

139 708 172 743 V
192 709 239 745 32
263 700 287 756 ἡ
316 703 360 744 δὲ
383 702 486 758 αὐτὴ
507 707 664 760 Βηρῖνα
687 703 752 747 ὅτε
777 704 900 748 αὐτὸν
915 706 1110 759 βασιλέα,
1147 706 1332 762 ὠνόμασε
1351 710 1416 751 καὶ
1435 708 1594 752 ὕπατον
1611 710 1714 764 μετὰ

251 768 456 826 Ἀρμάτου
476 773 755 828 προαχθέντος
774 773 886 829 παρὰ
906 775 1154 818 Βασιλίσκου
1184 775 1468 833 στρατηλάτου
1490 782 1564 820 τοῦ
1585 774 1713 834 μεγά-

133 844 166 877 O
191 845 235 879 88
257 843 330 881 λου
351 839 591 892 πραισέντου
605 855 614 864 ·
651 843 716 883 καὶ
736 839 967 885 ὑπάτευσαν
985 842 1023 884 οἱ
1041 840 1129 886 δύο.

354 905 402 949 Ὁ
424 908 468 949 δὲ
487 909 610 958 αὐτὸς
623 911 868 960 Βασιλίσκος
885 908 912 965 ἢ
932 907 1058 964 μόνον
1079 910 1346 965 ἐβασίλευσεν,
1369 910 1512 966 ἴστεψε
1531 911 1603 956 τὸν
1620 912 1711 956 υἱὸν
1722 925 1767 960 10

258 974 384 1018 αὐτοῦ
400 978 571 1029 βασιλέα
591 975 759 1032 ὀνόματι
778 976 980 1035 Μάρκον·
1017 980 1082 1021 καὶ
1104 979 1368 1032 ἐβασίλευσαν
1392 980 1429 1022 οἱ
1450 977 1538 1023 δύο.

354 1042 440 1085 Ἐπὶ
475 1046 519 1087 δὲ
550 1050 623 1101 τῆς
652 1045 779 1088 αὐτοῦ
806 1047 1014 1100 βασιλείας
1043 1047 1291 1090 Βασιλίσκου
1322 1049 1388 1090 καὶ
1417 1045 1599 1104 Μάρκου
1633 1051 1708 1091 τοῦ

254 1111 346 1155 υἱοῦ
382 1110 508 1156 αὐτοῦ
543 1112 694 1156 ἔπαθεν
722 1112 801 1157 ὑπὸ
836 1116 1060 1171 θεομηνίας
1097 1112 1212 1164 πόλις
1245 1119 1320 1170 τῆς
1355 1113 1518 1171 πρώτης
1557 1117 1710 1170 Συρίας

255 1178 424 1235 ὀνόματι
452 1181 625 1236 Γάβαλα
656 1183 752 1237 μηνὶ
773 1184 969 1241 γορπιαίῳ
1000 1185 1055 1234 εἷς
1078 1183 1125 1226 τὸ
1154 1179 1298 1239 αὗγος·
1334 1185 1401 1226 καὶ
1422 1183 1636 1239 ἐχαρίσατο
1657 1188 1709 1241 τῇ

255 1249 360 1306 αὐτῇ
397 1246 508 1294 πόλει
540 1251 561 1295 ὅ
596 1250 787 1306 βασιλεὺς
818 1252 1063 1301 Βασιλίσκος
1104 1253 1159 1301 εἷς
1191 1251 1412 1295 ἀνανέωσιν
1445 1253 1616 1309 χρυσίου
1646 1253 1708 1294 λί-
1720 1263 1763 1299 15

253 1334 354 1374 τρας
373 1314 422 1359 ν’.

202 1398 233 1433 Β
354 1386 440 1428 Καὶ
467 1384 672 1439 ἐπανῆλθε
702 1383 846 1441 Ζήνων
879 1384 1122 1440 ὅῖβασιλεῦς
1150 1386 1252 1440 μετὰ
1278 1384 1466 1441 πλήθους
1489 1391 1642 1430 πολλοῦ
1664 1387 1708 1430 ἔκ

253 1457 326 1509 τῆς
342 1453 546 1511 Ἰσαυρίας
565 1454 627 1495 ἐπὶ
644 1452 1089 1507 Κωνσταντινούπολιν,
1124 1454 1291 1509 πέμψας
1311 1457 1365 1504 εἷς
1376 1453 1616 1509 Ἀντιόχειαν
1631 1455 1706 1498 τὶν

251 1637 351 1682 fugit.
399 1637 510 1678 Quem
531 1636 735 1682 Imperatrix
759 1649 895 1683 quoque
917 1637 1087 1681 Ariadna,
1109 1640 1251 1673 matrem
1272 1650 1363 1674 suam
1387 1639 1472 1674 clam
1495 1638 1647 1684 fugiens,
1668 1639 1704 1679 in

251 1682 411 1718 Isauriam
433 1688 551 1718 secuta
573 1689 643 1726 est3
667 1683 725 1718 ubi
749 1684 851 1718 etiam
872 1695 947 1719 cum
969 1684 1042 1719 viro
1064 1695 1123 1720 suo
1147 1684 1254 1729 degit.

485 1808 1472 1857 BASILISCUS

735 1908 1214 1944 IMPERATOR

343 2008 464 2043 Statim
488 2020 571 2045 vero
595 2012 673 2056 post
695 2010 840 2045 Zenonis
862 2013 898 2045 et
920 2009 1088 2045 Ariadnae
1111 2008 1248 2054 fugam,
1285 2007 1410 2043 Verina
1432 2009 1583 2054 Augusta
1605 2008 1702 2043 Basi-

251 2055 376 2097 liscum,
399 2056 540 2089 fratrem
562 2067 669 2097 suum,
693 2056 892 2091 Diademate
908 2056 1111 2101 insignitum,
1135 2056 1375 2109 Imperatorem
1389 2054 1610 2089 renunciavit.
1634 2055 1701 2088 Im·-

251 2101 380 2146 perium
402 2104 514 2135 autem
535 2102 647 2135 tenuit
668 2101 865 2144 Basiliscus,
902 2103 1052 2135 Verinae
1074 2102 1218 2135 Zenonis
1240 2111 1355 2135 socrus
1377 2100 1505 2141 frater,
1541 2098 1635 2133 annis
1659 2110 1699 2135 11.

252 2146 431 2181 Consulem
455 2157 590 2190 quoque
613 2147 749 2189 eodem,
786 2159 851 2192 quo
876 2148 1136 2192 Imperatorem,
1178 2152 1328 2190 tempore
1349 2144 1539 2189 designavit
1561 2143 1700 2187 Ver-ina,

252 2203 322 2226 una
343 2203 416 2226 cum
439 2192 595 2233 Armate,
633 2203 731 2236 quem
754 2193 932 2228 Basiliscus
965 2193 1038 2238 ipse
1062 2191 1181 2236 Magni
1204 2190 1395 2226 Praesentis
1417 2189 1564 2224 Militiae
1586 2189 1701 2234 Magi—

252 2243 356 2272 strum
379 2237 616 2273 constituerat=
642 2237 708 2270 duo
731 2237 848 2282 itaque
872 2238 907 2272 hi
930 2238 1142 2272 Consulatum
1165 2247 1232 2270 una
1253 2239 1438 2280 gesserunt.

342 2283 520 2317 Basiliscus
542 2293 622 2317 vero
645 2281 739 2316 simul
764 2295 804 2316 ac
825 2284 992 2329 imperare
1014 2282 1139 2328 coepit,
1174 2282 1327 2316 Marcum
1348 2280 1451 2315 filium
1472 2291 1567 2315 suum
1587 2280 1699 2327 Impe-

250 2331 398 2363 ratorem
421 2327 654 2369 renunciavit3
678 2329 840 2372 amboque
864 2329 959 2363 simul
982 2330 1176 2373 regnarunt.

342 2373 586 2418 imperantibus
609 2377 718 2407 autem
740 2374 900 2408 Basilisco
924 2380 960 2408 et
983 2374 1102 2408 Marco
1126 2372 1217 2413 filio,
1255 2371 1401 2406 divinam
1423 2371 1508 2406 iram
1530 2382 1627 2417 passa
1649 2374 1700 2406 est

251 2419 376 2463 Syriae
399 2419 534 2453 Primae
555 2419 653 2461 urbs,
677 2418 808 2452 nomine
831 2420 984 2460 Gabala,
1007 2431 1117 2452 mense
1139 2417 1350 2462 Septembri,
1372 2417 1432 2451 sub
1456 2421 1566 2451 ortum
1589 2417 1698 2451 Solis:

252 2465 308 2500 cui
330 2465 374 2500 de
395 2476 483 2500 novo
506 2464 760 2508 instaurandae,
802 2464 977 2499 Basiliscus
999 2464 1187 2521 Imperator
1211 2463 1313 2497 libras
1335 2461 1408 2498 auri
1430 2473 1452 2496 ῐ,
1475 2462 1616 2508 largitus
1635 2466 1696 2497 est.

685 2590 722 2636 Z
854 2587 897 2635 E
1029 2588 1076 2635 N
1213 2586 1261 2635 Ο

731 2686 1204 2723 ῐΜΡΕΒΑΤοκ

336 2789 428 2824 Inter
451 2790 536 2825 haec
552 2790 646 2825 Zeno
670 2789 868 2834 Imperator,
892 2799 1065 2823 numeroso
1088 2787 1193 2822 milite
1215 2786 1369 2832 stipatus,
1393 2799 1434 2822 ex
1457 2785 1585 2822 Isauria
1603 2784 1695 2819 Con-

247 2834 494 2881 stantinopolim
526 2835 651 2878 rediit3
695 2835 798 2871 missis
830 2834 1040 2872 Antiochiam
1071 2833 1228 2879 Magnam
1258 2832 1422 2868 Militibus
1447 2829 1693 2871 Praesidiariis,
