1838 3230
304 218 401 265 580
785 203 1247 254 ANNOTATIONES.

306 341 382 378 que
416 332 510 378 post
547 337 693 364 cccxu.
731 335 850 361 annos
892 319 1051 359 tandem
1093 324 1242 358 erectus
1281 318 1423 367 fuerit,
1475 315 1554 355 hoe
1589 314 1734 368 ¹facttum

305 383 443 422 suisset
469 395 546 421 non
576 382 621 419 ab
651 379 869 425 Hadriano,
910 376 976 414 sed
1007 375 1211 414 Domitiani
1242 375 1339 425 Imp.
1369 385 1470 411 anno
1498 376 1541 412 ι’.
1590 367 1734 408 chron.

306 440 417 478 Alex.
446 443 593 476 auctor.
625 435 826 473 Colossum
853 431 1049 470 Rhodium
1079 431 1290 470 excitatum
1323 429 1440 467 fuisse
1469 425 1624 476 scribit,
1661 425 1737 464 Ve-

307 493 475 546 spasiani
511 492 606 542 Imp.
647 504 706 528 an.
742 503 814 529 vn.
852 487 1086 539 Vespasiano
1116 500 1157 525 v.
1198 492 1237 525 et
1264 485 1352 526 Tito
1389 497 1448 522 111.
1478 484 1586 523 Coun.
1624 479 1737 522 ·En=2

308 546 461 590 τούτων
495 549 576 586 τοῖν
615 543 777 585 ’ὑπάτων
815 544 857 585 ἐν
897 541 1008 594 Ρόδῳ
1047 542 1071 582 o‘
1109 539 1310 588 Κολοσσός
1345 535 1568 589 ἆνεστᾶθη,
1608 539 1742 590 μῆκος

309 605 404 656 ἔχων
443 603 577 642 ποδῶν
615 598 686 654 ρξ’.
754 599 942 638 Eusebius
978 597 1054 635 hoc
1084 597 1226 635 factum
1263 598 1318 634 ait
1352 596 1489 635 eodem
1510 592 1737 645 Vespasiani

307 661 491 710 Imperat.
522 671 620 695 anno
648 669 703 704 Vt,
733 656 811 693 Titi
838 667 891 693 ιν.
922 654 1139 692 consulatu.
1195 651 1257 690 Ad
1283 652 1512 690 hunovero
1530 646 1738 702 Vespasia-

307 716 350 753 ni
378 715 558 764 Imperat.
590 725 731 750 annum
769 711 815 748 ab
846 709 1087 761 Olympiadis
1115 721 1279 747 cxxxix.
1322 721 1423 746 anno
1457 719 1500 744 Π.
1541 718 1618 756 quo
1648 715 1740 742 cor·

307 771 391 808 ruit
421 769 624 817 colossus,
651 766 741 804 anni
770 771 860 804 sunt
889 778 1059 803 ccxcvu.
1113 764 1189 802 Jos.
1218 763 1388 814 Scaliger
1417 774 1504 800 eum
1535 774 1558 799 a
1585 760 1750 798 Nerone·
1802 777 1806 783 =

309 830 482 864 erectum
509 823 618 871 vult,
660 822 788 874 capite
829 835 900 859 suo
930 819 1055 859 eidem
1082 819 1289 871 imposit03
1328 833 1351 856 a
1379 816 1615 869 Vespasiano
1642 827 1740 853 vero

309 881 521 928 refectum,
553 879 710 929 dempto
739 877 900 915 Neronis
930 875 1076 926 capite,
1116 875 1267 924 solique
1306 874 1489 911 dicatum.
1545 871 1621 910 Ios.
1648 871 1740 908 Sca-

310 937 377 986 lig.
405 935 551 973 Annot.
582 934 631 972 ad.
660 933 803 971 Chron.
825 931 1027 971 Eusebian.
1063 930 1112 968 ad
1127 943 1271 968 annum
1288 943 1432 967 Miuxm.
1462 926 1606 966 Clu-on.
1624 925 1741 965 Alex.

313 997 451 1029 auctor
480 990 682 1027 Colossum
709 987 836 1028 Rhod.
871 985 1056 1025 Hadriani
1097 986 1168 1024 sub
1196 986 1358 1037 imperio
1396 984 1565 1037 primum
1592 987 1743 1022 motum

314 1059 394 1086 esse
422 1045 570 1084 scribit.

423 1100 520 1151 Pag-
550 1103 643 1143 279.
674 1103 739 1141 17.
781 1095 834 1151 μὴ
875 1094 1118 1150 ἀπολομένου
1166 1095 1206 1145 ἐξ
1247 1091 1392 1146 αὐτοῦ]
1434 1092 1574 1132 Strabo
1609 1091 1744 1131 aliter:

313 1159 438 1197 κεῖται
470 1154 512 1195 δὲ
539 1158 615 1195 νῦν
645 1152 725 1195 ino*
767 1156 930 1206 σεισμοῦ
970 1150 1100 1193 πεσών
1136 1150 1411 1203 περικλασθεὶς
1447 1146 1524 1190 ἀπὸ
1562 1151 1644 1188 ταῖν
1679 1159 1758 1200 γο-’

315 1209 458 1252 νάτων.
532 1210 592 1248 Ad
633 1209 795 1248 eundem
839 1212 951 1247 etiam
989 1221 1140 1247 sensum
1178 1207 1327 1246 Plinius
1370 1205 1440 1245 lib.
1477 1207 1542 1247 34.
1582 1217 1667 1256 cap.
1703 1205 1757 1245 7.

320 1266 438 1304 Vasti
465 1280 596 1317 specus
625 1264 752 1314 hiant,
783 1263 972 1318 defractis
997 1262 1196 1312 membris,
1227 1269 1302 1302 etc.
1380 1256 1383 1260 Α

431 1324 524 1372 Pag.
554 1323 650 1362 279.
679 1323 745 1361 22.
789 1317 1042 1370 Μανιχαϊκόν
1078 1315 1245 1371 μυσερὸν
1281 1314 1471 1370 δόγματα]
1512 1316 1595 1353 Scr-
1625 1324 1748 1366 μυσα-

319 1373 388 1429 ρόν
415 1372 551 1427 δόγμα.
610 1375 922 1414 Manichaeorum
951 1381 1078 1412 tamen
1109 1387 1249 1411 nomen
1277 1373 1452 1410 nondum
1480 1370 1656 1408 auditum
1675 1375 1747 1407 est.

434 1434 525 1482 Pag.
556 1433 650 1473 280.
680 1431 718 1472 4.
747 1431 953 1481 Αδριανοῦ
971 1426 1131 1481 θήρας]
1156 1429 1301 1480 Mysiae
1326 1428 1420 1465 urbs
1442 1426 1538 1464 haec
1563 1431 1641 1474 est3
1671 1430 1707 1461 et
1726 1438 1749 1461 a

322 1486 511 1545 Cedreno,
539 1487 745 1538 Αδριανοῦ
765 1485 890 1538 θῆραι
914 1485 956 1526 ἐν
975 1490 1056 1530 τοῖς
1078 1481 1259 1535 μιτάτοις.
1283 1483 1478 1521 Cedrenus
1499 1481 1539 1518 in
1556 1479 1749 1518 Adriano:

323 1545 438 1589 οὗτος
466 1541 508 1581 ἐν
536 1543 677 1596 Μυσίᾳ
707 1538 910 1591 θηράσας,
951 1535 1177 1593 ᾠκοδόμησε
1210 1534 1346 1588 πόλιν,
1384 1537 1451 1577 καὶ
1476 1532 1749 1588 μετωνόμασεν

323 1593 470 1648 αὕτήν,
501 1597 704 1647 Αὸριανοῦ
721 1593 850 1648 θήρας
868 1595 909 1635 ε’ν
930 1599 1013 1642 τοῖς
1033 1591 1215 1646 μιτάτοις.

437 1655 531 1702 Pag.
561 1655 653 1693 280.
682 1650 719 1692 5.
749 1648 801 1702 ἣν
819 1648 997 1690 ἐκάλεσεν
1017 1649 1196 1699 Λντίνω]
1227 1643 1436 1689 Αντινόεια
1458 1646 1653 1698 Stephano
1680 1652 1750 1695 est,

326 1708 372 1746 ab
410 1706 589 1754 Antinoi,
625 1706 736 1757 pueri
766 1705 936 1743 Adriano
966 1705 1005 1742 in
1035 1704 1201 1752 deliciis,
1232 1704 1384 1741 nomine
1412 1703 1467 1740 sic
1488 1702 1605 1741 dicta.
1660 1703 1751 1740 Ste-

324 1763 444 1815 phan.
474 1761 523 1799 de
550 1762 636 1800 urb.
681 1757 911 1810 Αντινόεια,
953 1756 1066 1806 πόλις
1104 1756 1330 1811 Αἰγύπτου,
1375 1754 1567 1798 Αντινόου
1598 1755 1751 1805 παιδός.

328 1817 390 1855 16.
449 1813 598 1867 ἐκλήθη
618 1816 646 1868 ἦ
669 1814 781 1863 πόλις
800 1816 868 1855 καὶ
893 1812 1220 1867 Αδριανούπολις.
1275 1814 1534 1864 Hieronymus
1553 1812 1659 1864 apud
1676 1814 1753 1851 Eu-

328 1873 406 1910 seb.
429 1872 521 1911 Chr.
541 1872 610 1912 lib.
630 1876 668 1913 2.
723 1871 921 1910 Antinous
948 1886 1041 1923 puer
1067 1871 1189 1922 regius
1209 1870 1374 1908 eximiae
1393 1866 1690 1922 pulchritudinis
1709 1869 1751 1906 in

328 1926 512 1978 Aegypto
537 1928 721 1965 moritur.-
756 1942 864 1979 quem
892 1924 1123 1963 Hadrianus
1147 1924 1373 1963 vehementer
1403 1923 1609 1976 deperiens,
1640 1923 1753 1971 (nam

329 1983 372 2019 in
394 1980 541 2019 deliciis
559 1981 766 2032 habuerat)
795 1982 835 2019 in
853 1981 955 2020 Deos
978 1980 1093 2036 refert
1107 1994 1121 2019 .·
1149 1994 1202 2019 ex
1224 1981 1331 2032 cujus
1358 1980 1507 2018 nomine
1533 1979 1643 2016 etiam
1662 1976 1753 2015 urbs

331 2034 523 2088 appellaia
541 2046 606 2074 est.

444 2093 536 2141 Pag.
566 2094 659 2132 280.
698 2094 739 2132 6.
778 2087 1022 2144 ὖδροπιᾶσας
1051 2089 1120 2142 δὲ]
1160 2091 1243 2130 Scr.
1273 2084 1544 2142 ὖδρωπιᾶσαςε
1583 2086 1752 2126 Partici-

333 2145 442 2197 pium
465 2159 544 2185 aor.
570 2149 604 2186 1.
625 2146 672 2183 ab
693 2144 922 2198 ὕδρωπιάω,
948 2146 1152 2198 ὕδρωπιῶ,
1180 2143 1364 2197 Hydrope
1384 2142 1530 2182 laboro.

445 2197 547 2240 Ibid.
603 2203 758 2254 τελευτᾷ
776 2202 818 2241 ἐν
839 2199 1001 2249 Βάταις]
1030 2202 1087 2239 Ita
1113 2200 1206 2238 cod.
1226 2201 1302 2239 MS.
1321 2199 1513 2245 rescribo,
1542 2196 1584 2237 ἐν
1601 2197 1752 2245 Βαΐαις,

336 2268 385 2349 ἷξε
402 2254 540 2295 Euseb.
557 2254 646 2292 Chr.
667 2256 758 2296 ean.
783 2255 977 2309 Αδριανὸς
992 2254 1148 2310 ὕδρωπι
1173 2257 1328 2309 τελευτᾷ
1355 2254 1397 2295 ἐν
1414 2253 1551 2300 Βαΐαις
1567 2254 1640 2303 τῆς
1665 2255 1755 2291 Ιτα-

361 2325 432 2356 ιας.

452 2367 545 2417 Pssg·
575 2368 668 2407 281·
697 2368 737 2406 1.
766 2362 938 2417 στρώσας
954 2364 1028 2416 τήν
1054 2363 1118 2406 διὰ
1138 2365 1297 2418 μυλίτου
1320 2361 1467 2416 λίθου]
1498 2361 1598 2400 forte
1623 2361 1753 2411 legen-

339 2418 466 2513 guin,-
485 2416 658 2473 στρώσας
688 2416 826 2472 αὐτήν.
893 2420 942 2458 de
966 2421 1195 2459 Porticubus
1225 2433 1317 2460 vcro
1341 2419 1424 2456 istis
1450 2417 1540 2456 vide
1566 2430 1685 2468 supra
1711 2418 1755 2454 in

371 2488 384 2511 1
413 2488 508 2514 erlo.

452 2533 545 2582 Pag.
575 2533 667 2572 281.
697 2532 736 2572 8.
767 2529 808 2571 ἐν
830 2527 973 2585 Εφὲσῳ
995 2533 1066 2582 τῆς
1075 2530 1214 2581 Ασίας]
1243 2528 1372 2567 Asiam
1388 2527 1452 2566 hic
1471 2527 1649 2578 intelligit
1666 2539 1757 2579 pro-

341 2584 425 2636 prie
443 2584 499 2623 sic
517 2585 679 2634 dictam,
709 2599 805 2636 quae
837 2599 928 2636 pars
953 2592 1008 2623 est
1034 2586 1146 2623 Asiae
1165 2584 1341 2633 Minoris,
1371 2585 1549 2634 Europae
1575 2584 1757 2635 proxime

342 2641 546 2690 opposita,
578 2654 655 2691 quo
676 2654 790 2680 sensu
809 2641 942 2687 etiam,
971 2642 1150 2692 Europae
1168 2640 1331 2688 nomine,
1362 2640 1561 2677 Graeciam
1577 2640 1757 2688 frequen-

342 2700 403 2731 ter
428 2695 625 2745 indigetat.
680 2696 869 2735 Troadem
891 2702 1027 2745 autem,
1055 2702 1261 2748 partesque
1282 2694 1451 2743 vicinas,
1482 2695 1528 2733 ab
1547 2694 1637 2732 Asio
1661 2706 1756 2744 quo-

343 2749 432 2787 dam
458 2749 694 2802 Philosopho
723 2752 835 2790 Asiae
863 2765 1001 2790 nomen
1027 2752 1244 2803 accepisse,
1274 2764 1390 2802 supra
1415 2751 1482 2789 lib.
1510 2749 1548 2791 5.
1571 2747 1757 2788 ostendit:

343 2805 412 2844 ubi
437 2806 547 2844 etiam
575 2819 732 2859 regnum
762 2807 991 2860 Trojanum‚
1028 2814 1067 2848 et
1092 2806 1349 2860 Ephesinum,
1374 2807 1481 2848 idem
1506 2818 1587 2845 esse
1609 2802 1755 2842 statuit.
