1838 3230
283 168 381 217 558
503 145 508 154 '
773 162 1239 208 ANNOTATIONES.

285 276 348 328 ἐφ’
369 273 398 335 ᾗ
416 277 441 321 ὅ
455 275 691 334 Σωστράτου
711 282 785 321 τοῦ
806 276 1056 332 Δεξιφάνους
1078 276 1246 334 πύργος,
1275 276 1496 334 ὄμωνυμως
1522 275 1730 334 λεγομενος

288 334 435 390 Φάρος.
491 347 493 349 ’

403 406 493 456 Pag.
523 406 617 447 218-
658 406 721 445 17.
769 400 1029 455 ὁπλισάμενος
1063 401 1161 444 κατοὲ
1187 406 1260 456 τῆς
1291 399 1567 457 Κλεοπάτρας]
1595 402 1679 443 Imo
1707 417 1730 443 a

285 459 441 499 Parthis
468 460 669 511 repulsus,
698 458 921 511 Aegyptum
949 474 990 498 se
1017 460 1174 498 tandem
1199 460 1371 511 recepit,
1400 459 1468 497 ubi
1500 459 1731 511 Cleopatrae

288 530 328 555 se
350 523 477 554 totum
510 515 674 553 dedidit.
729 515 834 556 Flor.
862 515 931 554 lib.
957 516 998 558 4.
1029 529 1116 568 cap.
1147 520 1211 558 11.
1274 514 1423 567 Quippe
1435 524 1526 567 post
1547 513 1731 562 Parthos.

287 588 402 626 quum
423 587 564 610 exosus
581 585 692 610 arma
716 571 757 609 in
778 572 857 609 otio
878 586 922 624 αδ,
906 587 968 609 er
969 581 1022 620 et
1055 581 1190 623 captus
1209 585 1340 610 amore
1363 568 1599 624 Cleopatrae,
1620 572 1733 624 quasi

289 629 379 666 'bene
392 628 509 680 gestis
529 626 660 676 rebus,
690 627 731 665 in
756 628 859 679 regio
878 643 916 665 se
937 629 1024 665 sinu
1053 627 1257 680 reficiebat.
1313 627 1447 676 Nugae
1473 627 1606 678 itaque
1628 632 1732 676 sunt,

291 697 390 735 quae
408 683 590 734 deinceps
616 683 665 722 de
688 682 861 722 Antonio
882 689 919 721 et
941 684 1149 736 Cleopatra
1171 684 1322 735 profert
1342 682 1492 721 Auctor
1508 688 1657 724 noster.

399 749 501 802 Pag.
531 753 624 793 219.
657 754 696 792 3
734 747 1050 790 υπονοθούσασα
1077 746 1218 818 αυτὸν]
1257 750 1382 800 forte,
1410 745 1735 792 ὖπονοθεύουσα.

290 806 528 858 Hesychius:
562 801 759 846 Νοθεύει·
792 802 1058 859 απαλλοτριοῖ,
1089 802 1245 862 ἀπατᾷ,
1273 802 1489 848 κολακεύει.

401 872 500 925 Pag.
531 876 625 915 219
655 877 693 916 6
721 888 789 913 και
808 871 994 925 μυστικη]
1027 872 1193 926 μυστικῆ
1215 873 1282 912 hic
1301 879 1438 924 verto,
1473 873 1624 924 ingenio
1643 870 1736 911 sub-

291 928 372 976 tili,
405 943 473 968 seu
494 929 653 977 solerti,
683 935 837 981 praeter
868 943 1113 968 communem
1135 930 1320 968 vocabuli
1344 944 1480 970 usum:
1509 942 1737 980 generosam

293 999 388 1024 vero
420 985 502 1037 ejus
530 985 701 1023 indolem
729 992 769 1024 et
792 985 869 1025 Jul.
900 987 1062 1031 Caesar,
1092 992 1130 1024 et
1159 986 1358 1036 Augustus
1378 985 1539 1035 deinde,
1568 985 1658 1030 ille,
1687 984 1737 1022 ab

293 1042 434 1091 exilio,
464 1042 636 1092 stragulo
659 1042 858 1079 involutae
888 1043 937 1080 ad
964 1056 1003 1080 se
1029 1042 1299 1094 introductae3
1336 1041 1421 1090 hic,
1450 1040 1659 1092 Triumphi
1676 1038 1738 1078 sui

295 1111 402 1148 spem
435 1098 642 1135 maximam
681 1098 900 1146 eludentis,
935 1098 1117 1136 admirati
1142 1104 1248 1138 sunt.
1283 1098 1377 1137 vide
1408 1098 1547 1137 Zonar.
1565 1097 1676 1136 Tom.
1696 1100 1739 1139 2.

296 1153 353 1192 Jo.
383 1155 513 1193 Tzetz.
537 1153 634 1191 Chil.
654 1157 692 1195 9.
709 1153 799 1191 hist.
818 1154 911 1196 253.

514 1209 597 1249 Καὶ
623 1211 869 1280 Πτολεμαίου
887 1206 1077 1261 σύναιμος
1095 1208 1283 1251 δέσποινα
1303 1205 1549 1276 Κλεοπάτρα,

517 1260 628 1306 Οὗσα
651 1263 778 1318 σοφή,
805 1265 872 1306 καὶ
890 1263 1117 1318 εὔγλωττος,
1146 1281 1523 1320 πανευμορφοτατη,
1554 1269 1631 1304 etc.

407 1332 506 1384 Pag.
537 1336 632 1375 219
665 1336 728 1375 12.
757 1329 928 1384 ποιήσας
946 1335 1062 1372 πλοῖα
1084 1331 1291 1385 δρομόνων
1319 1333 1515 1385 πολλῶν]
1531 1331 1741 1371 Dromoni-

294 1388 390 1436 bus,
421 1401 490 1426 seu
505 1389 687 1427 Liburnis
708 1388 882 1426 Antonio
905 1389 1074 1425 Classem
1105 1389 1271 1427 adornat
1296 1389 1443 1427 Auctor
1470 1396 1621 1428 noster:
1650 1389 1741 1427 Flo-

294 1458 362 1482 rus
386 1451 513 1482 tamen
533 1445 690 1482 navium
708 1444 791 1496 ejus
814 1444 1117 1493 magnitudinem
1143 1445 1345 1496 praedicat
1362 1445 1433 1484 lib.
1450 1444 1490 1485 4.
1519 1443 1582 1482 his
1607 1445 1740 1483 verbis

295 1499 422 1539 Nobis
438 1498 743 1552 quadringentae
762 1498 929 1552 amplius
942 1514 1081 1550 naves‚·
1111 1499 1295 1539 ducentae
1314 1515 1388 1539 non
1409 1501 1534 1538 minus
1550 1500 1742 1539 hostium:

297 1554 365 1594 sed
387 1570 581 1593 numerum
600 1554 827 1607 magnitudo
843 1554 1040 1608 pensabat.
1100 1554 1248 1608 Quippe
1266 1571 1291 1594 a
1312 1557 1410 1594 senis
1438 1557 1479 1594 in
1498 1570 1663 1596 novenos
1681 1571 1742 1595 re-

297 1626 447 1649 morum
470 1584 694 1661 ordinibus,
725 1609 780 1648 ad
800 1610 874 1650 hoc
895 1609 1086 1659 turribus,
1117 1622 1231 1664 atque
1248 1610 1436 1649 tabulatis
1457 1610 1646 1660 allevata,
1676 1627 1743 1651 ca·

297 1665 497 1705 stellomm
515 1676 549 1705 et
565 1665 716 1705 urbium
735 1667 881 1720 specie,
911 1681 987 1705 non
1009 1667 1090 1705 sine
1101 1669 1247 1720 gemitu
1273 1668 1416 1716 maris,
1445 1676 1480 1704 et
1497 1665 1631 1707 labore
1656 1682 1743 1706 ven-

299 1732 425 1761 torum
435 1721 678 1776 ferebantur.

414 1782 509 1830 Pag.
536 1781 631 1820 219
659 1781 725 1820 23.
753 1777 821 1818 καὶ
838 1780 1122 1832 στρατιωτικῶν
1142 1774 1351 1831 δυναμεων
1369 1774 1508 1830 αὐτοῦ]
1532 1780 1616 1820 Ser.
1635 1790 1744 1832 στρα-

302 1840 499 1882 τιωτικαῖς
520 1831 747 1886 δυνάμεσιν.

414 1889 510 1942 Peg.
546 1894 640 1933 220
669 1893 705 1932 6.
736 1888 833 1932 ὥστε
850 1906 898 1931 τα
917 1887 1043 1931 ’ὕδατα
1057 1893 1128 1943 τῆς
1154 1886 1362 1942 θαλασσης
1389 1890 1525 1943 αἵμασι
1552 1888 1742 1943 μηγέντα]

305 1947 390 1984 Ser.
422 1945 591 1998 μιγέντα.
620 1945 718 1985 haec
743 1961 840 1986 vero
869 1961 918 1985 ex
935 1947 1086 1986 Aeneae
1117 1947 1274 1999 Clypei,
1304 1947 1469 1987 Vulcani
1493 1946 1646 1998 operis,
1675 1945 1746 1984 de-

307 2001 541 2053 scriptione,
570 2003 666 2040 Aen.
690 2003 756 2042 lib.
777 2007 814 2045 8.
837 2003 1073 2054 desumpsit:

522 2055 571 2095 In
594 2056 719 2097 medio
742 2058 884 2098 classes
901 2069 1073 2107 aeratas,
1102 2057 1227 2097 Actia
1253 2056 1364 2097 bella.

527 2110 683 2151 Cernere
701 2124 794 2163 erat,
822 2124 1018 2167 totumque
1036 2116 1221 2153 instructo
1239 2113 1374 2153 Marte
1389 2111 1532 2151 videres

521 2166 677 2206 Fervere
695 2169 912 2219 Leucaten,
941 2185 1111 2224 auroque
1129 2168 1464 2225 effulgerefluctus
1484 2178 1557 2208 etc.

392 2230 431 2263 et
446 2224 565 2275 paulo
582 2229 691 2275 post,

525 2278 844 2335 Stupeaflamma
859 2295 1001 2331 manu,
1030 2278 1189 2334 telisque
1206 2277 1524 2335 volatileferrum

525 2334 755 2389 Spargitur.-
784 2350 879 2374 arva
901 2350 1001 2375 nova
1020 2335 1216 2388 Neptunia
1242 2333 1357 2375 caede
1377 2334 1589 2374 rubescunt.

421 2391 521 2444 Pag·
553 2395 648 2434 220
677 2396 718 2434 7.
749 2387 938 2442 ἐφόνευσε
954 2390 1023 2432 τόν
1040 2389 1266 2441 Λντώνιον]
1297 2391 1379 2428 Imo
1396 2391 1588 2428 Antonius
1608 2389 1655 2429 ab
1671 2388 1748 2428 Au-

310 2453 423 2498 gusto
445 2448 576 2484 navali
596 2448 745 2499 praelio
772 2447 973 2496 devictus,
1006 2447 1048 2485 in
1072 2448 1290 2500 Aegyptum
1313 2447 1404 2497 fuga
1427 2447 1569 2493 evasit3
1605 2446 1674 2484 ubi
1707 2459 1748 2485 se

310 2508 440 2555 ipsum
460 2503 670 2542 interfecit.

425 2573 520 2622 Pag-
550 2573 646 2612 220.
680 2570 745 2613 15.
785 2568 828 2611 ἐν
852 2571 903 2626 τῇ
924 2566 1043 2636 Ραίμῃ
1069 2567 1393 2623 σμυρνιασθὲντα,
1407 2573 1421 2617 ]
1452 2570 1536 2609 Scr.
1563 2580 1749 2636 σμυρνια·

313 2624 424 2666 σθὲν.
452 2626 636 2664 Auctoris
658 2626 786 2665 nostri
810 2610 1052 2681 σμυρνιάζω,
1080 2626 1136 2667 Jo.
1162 2627 1320 2664 Tzetzes
1346 2639 1420 2677 per
1448 2640 1637 2680 ταριχευω
1659 2623 1749 2663 red-

315 2682 375 2721 dit
396 2681 495 2722 Chil.
518 2686 557 2724 9.
579 2681 671 2722 hist.
692 2684 786 2724 253.

533 2739 567 2778 Ο
584 2741 738 2791 Καῖσαρ
758 2734 792 2778 δ’
813 2732 1028 2784 Οκταούϊος
1045 2735 1199 2789 ἐκείνην
1213 2732 1454 2809 ταριχεύσας,

537 2795 596 2848 Τῇ
611 2754 766 2849 ἀδελφῇ
780 2796 830 2850 τῇ
848 2793 989 2834 ἑαυτοῦ
1006 2790 1222 2874 κατήγαγεν
1244 2794 1299 2842 εἰς
1323 2789 1478 2846 Ρωμην.
