1838 3230
304 191 402 238 396
696 184 987 230 IOANNIS
1017 186 1352 231 MALALAE

304 305 400 360 ρι’ων
432 300 914 353 Κωνσταντινουπόλεως·
962 305 1028 346 καὶ
1055 302 1184 359 ἐδόθη
1227 307 1283 354 εἲς
1314 304 1362 347 τὸ
1386 301 1596 362 Πράσινον
1617 305 1739 363 μέρος

158 373 191 406 Ο
215 373 278 408 111
298 372 536 426 Ἀντιοχείας
570 372 634 413 ἐπὶ
678 371 890 413 Βασιλείου
934 369 1107 426 κόμητος
1137 374 1380 415 Αἷδεσινοῢ·
1443 374 1509 416 καὶ
1535 373 1738 430 παρέλαβε

303 439 373 483 τὸν
395 443 570 482 σταῦλον
597 442 670 481 τοῦ
688 439 899 492 Πρασίνου
927 439 1075 494 μέρους
1101 437 1326 493 λιπόμενον,
1363 441 1428 483 καὶ
1464 442 1616 496 ἐνίκησε
1634 440 1739 484 κατὰ

303 505 463 563 κράτος.
531 507 596 548 καὶ
614 506 698 559 μετ’
719 506 851 562 ὀλίγον
871 506 1008 561 καιρὸν
1025 508 1261 563 ἐπετελέσθη
1291 509 1331 550 ἐν
1350 513 1401 565 τῇ
1419 506 1572 566 Δάφνῃ
1587 508 1739 553 Ἀντιο-

301 575 413 630 χειάς
446 573 550 616 κατὰ
587 573 631 616 τὸ
670 573 767 623 ἔθος
801 571 826 628 ἡ
860 573 1055 629 συνήθεια
1087 580 1166 617 τῶν
1197 575 1428 629 Ὀλυμπίων
1462 574 1486 630 ἦ
1527 576 1772 632 λεγομένη·5

304 644 372 684 καὶ
406 645 478 684 τοῦ
507 638 693 695 πλήθους
721 645 802 684 τῶν
822 640 1054 696 Ἀντιοχέων
1086 641 1330 693 ἀνελθόντος
1354 644 1395 685 ἐν
1423 642 1600 701 Δάφνῃ,
1636 644 1674 687 οἳ
1698 645 1741 686 ἐκ

304 713 378 764 τῆς
410 710 631 758 εῗσελασιάς
673 707 920 765 ὁρμήσαντες
960 709 1062 763 μετὰ
1099 715 1172 752 τοῦ
1216 709 1376 765 ἡνιόχου
1415 710 1632 754 Καλλιόπα
1665 728 1742 754 κα-

304 775 515 826 τελθόντες
539 778 580 818 ἐν
615 780 665 833 τῇ
695 781 905 833 συναγωγῇ
940 781 1019 819 τῶν
1046 777 1252 820 Ἰουδαίων
1279 783 1330 835 τῇ
1359 778 1460 835 οὔσῃ
1490 781 1530 821 ἓν
1559 783 1610 835 τῇ
1637 778 1740 835 αὐτῇ

305 843 459 901 Δάφνῃ
495 844 713 899 ἐνέπρησαν
744 842 889 898 αὐτήν,
944 843 1254 898 πραιδεύσαντες
1288 844 1419 889 πάντα
1431 846 1522 890 ,ὅσα
1555 842 1604 901 ἦν
1631 847 1672 888 ἓν
1689 850 1741 903 τῇ

306 916 516 968 συναγωγῇ
546 914 612 953 καὶ
638 909 856 968 ἐφόνευσαν
888 910 1083 964 πολλούς,
1119 915 1215 968 μηνὶ
1238 915 1375 971 ιὀυλίῳ
1399 913 1460 966 θ’,
1498 916 1742 964 ἲνδικτιῶνος
1754 927 1797 960 10

307 977 374 1022 ιε’·
427 981 493 1022 καὶ
518 977 714 1034 πήξαντες
746 980 824 1022 ἐκεῖ
855 979 925 1022 τὸν
963 981 1093 1034 τίμιον
1124 980 1301 1036 σταυρὸν
1335 983 1525 1036 ἐποίησαν
1554 982 1743 1037 γενέσθαι

244 1054 276 1088 Β
305 1045 528 1103 μαρτύριον
553 1051 625 1090 τοῦ
658 1045 770 1103 ἁγίου
790 1048 1004 1091 Λεοντίου.
1049 1088 1052 1093 ,
1074 1046 1228 1090 τούτων
1249 1049 1293 1090 δὲ
1316 1049 1578 1104 γνωσθέντων
1592 1053 1650 1106 τῷ
1668 1049 1744 1091 αὖ·

306 1119 363 1174 τῷ
390 1115 639 1173 Ἀναστασίῳ
662 1120 840 1169 βασιλεῖ’,
878 1112 1122 1172 προηγάγετο
1150 1114 1306 1171 κόμητα
1337 1117 1536 1170 ἀνατολῆς
1562 1116 1632 1159 τὸν
1662 1116 1743 1160 ἀπὸ

305 1183 623 1240 κομμερκιαρίων
654 1181 890 1239 Προκόπιον
920 1183 991 1226 τὸν
1014 1183 1239 1238 Ἀντιοχέα·
1276 1183 1385 1232 ὅστις
1412 1183 1621 1240 κατήνεγκε
1646 1183 1740 1238 μεθ’

307 1251 452 1293 ἓαυτοῦ
475 1250 553 1292 ἀπὸ
573 1252 686 1292 θείου
712 1250 837 1292 τύπου
864 1251 1135 1306 νυκτέπαρχον
1170 1255 1324 1306 ,Μηνᾶν
1355 1249 1545 1306 ὀνόματι,
1581 1250 1741 1304 Βυζάν-
1755 1263 1798 1299 15

306 1335 403 1361 τιον.
475 1319 540 1359 καὶ
570 1322 749 1372 ταραχῆς
775 1318 986 1372 γενομένης
1014 1319 1123 1373 παρὰ
1145 1324 1225 1361 τῶν
1245 1324 1316 1361 τοῦ
1339 1321 1551 1375 Πρασίνου
1579 1320 1741 1376 μέρους,

305 1383 513 1440 ἐβουλήθη
546 1384 566 1428 ὃ
600 1385 720 1434 αὐτὸς
752 1389 899 1439 Μηνᾶς
926 1393 1137 1439 κατασχεῖν
1169 1403 1282 1435 τινας
1310 1392 1390 1428 τῶν
1419 1385 1626 1430 ἀτάκτων·
1679 1389 1745 1430 καὶ

303 1451 463 1508 γνόντες
493 1454 630 1495 ἐκεῖνοι
664 1454 914 1508 προσέφυγον
937 1455 998 1502 ·εἷς
1020 1453 1089 1495 τὸν
1113 1453 1223 1509 ἅγιον
1254 1452 1440 1508 Ἰωάννην
1473 1454 1550 1504 ἔξω
1575 1458 1647 1509 τῆς
1669 1453 1744 1497 πό-

157 1529 190 1563 O
216 1530 281 1566 112
307 1526 417 1569 λεως.
488 1522 552 1562 καὶ
581 1521 699 1575 γνοὺς
721 1526 840 1562 τοῦτο
863 1519 882 1562 ὃ
902 1521 1172 1575 νυκτέπαρχος
1205 1522 1246 1563 ἓν
1277 1526 1333 1578 τῷ
1354 1523 1591 1578 μεσημβρίῳ
1611 1521 1744 1576 ἀπῆλ-

306 1593 358 1631 θε
377 1587 480 1642 μετὰ
499 1591 538 1630 Γ
535 1592 702 1642 οτθικῆς
722 1589 918 1642 βοηθείας
937 1590 990 1637 εἷς
1011 1588 1079 1630 τὸν
1096 1587 1207 1643 ἅγιον
1226 1587 1434 1643 Ἰωάννην·
1470 1591 1536 1630 καὶ
1556 1591 1743 1644 ἐξαίφνης
1753 1600 1799 1633 20

308 1659 494 1711 εἰσῆλθεν
522 1656 576 1704 εἷς
607 1656 677 1698 τὸν
713 1656 823 1711 ἅγιον
853 1654 973 1707 οῗκον,
1011 1657 1076 1697 καὶ
1105 1650 1214 1711 εὗρεν
1233 1657 1312 1698 ε’κεΐ
1330 1654 1519 1698 ὑποκάτω
1539 1661 1611 1710 τῆς
1631 1655 1747 1711 ἁγίας

306 1725 503 1778 τραπέζης
536 1727 608 1765 τοῦ
643 1725 936 1778 θυσιαστηρίου
966 1723 1054 1766 τινὰ
1085 1727 1165 1766 τῶν
1195 1722 1377 1765 ἀτάκτων
1413 1721 1578 1777 ὀνόματι
1610 1724 1745 1766 Ἐλευ-

306 1792 469 1848 θέριον·
506 1792 570 1833 καὶ
604 1789 795 1846 κεντήσας
818 1790 942 1833 αὐτὸν
970 1792 1071 1847 ξίφει
1090 1792 1179 1843 ἐκεῖ,
1215 1789 1342 1847 σύρας
1359 1793 1402 1833 ἐκ
1424 1795 1495 1833 τοῦ
1517 1796 1746 1852 θυσιαστη-

397 1900 432 1933 2.
455 1899 666 1944 Αἰδεσινοῦ]
701 1899 840 1942 „Forte
858 1896 1110 1943 Ἐδεσσηνοῦ.“
1132 1899 1195 1932 Ch.
1285 1900 1319 1935 7.
1349 1899 1546 1940 εἰσελασίας
1568 1899 1654 1944 Ch.,
1692 1899 1745 1941 εἰς

401 1944 544 1986 ἐλασίας
567 1946 632 1980 Ox.
725 1946 779 1981 13.
802 1943 868 1980 τὸν
887 1946 971 1989 ch„
993 1945 1067 1980 τῶν
1090 1944 1158 1979 Ox.

308 2045 426 2088 itaque
448 2056 587 2079 vacuum
611 2057 650 2079 eo
680 2049 832 2092 tempore
854 2046 1068 2081 Prasinorum
1091 2046 1255 2080 stabulum
1278 2045 1480 2092 occupavit,
1511 2043 1744 2088 Aurigantium

311 2090 437 2134 ubique
462 2089 589 2124 Victor.
638 2092 741 2125 Paulo
774 2098 884 2126 autem
909 2098 985 2137 post
1019 2092 1175 2136 temporis
1199 2092 1467 2136 Olympicorum‚
1501 2101 1588 2135 quae
1609 2094 1744 2131 vocant,

311 2134 470 2169 solennia
490 2135 634 2179 Daphne
656 2136 868 2171 Antiochensi
894 2149 956 2181 pro
981 2149 1072 2172 more
1096 2137 1266 2171 celebrata
1286 2142 1372 2170 sunt.
1431 2136 1581 2188 Cumque
1604 2135 1744 2180 populus

310 2180 540 2217 Antiochensis
563 2182 768 2215 numerosior
791 2182 834 2215 ad
852 2183 1025 2227 Daphnem
1049 2183 1277 2223 convenissem
1300 2182 1358 2226 qui
1380 2193 1422 2215 ex
1446 2181 1611 2224 Equitatu
1629 2183 1744 2220 erant,

310 2237 377 2259 una
401 2237 472 2259 cum
495 2225 649 2270 Calliopa
672 2227 816 2269 Auriga,
858 2228 1070 2272 Synagogam
1092 2227 1293 2261 Judaeorum
1317 2226 1359 2260 ad
1381 2226 1552 2270 Daphnem
1573 2224 1670 2259 sitam
1691 2224 1745 2258 in-

312 2271 486 2311 vadentes,
510 2269 671 2305 incendiis
694 2278 877 2313 vastarunt,
914 2274 1031 2306 occisis
1055 2273 1200 2315 plurimis
1224 2271 1439 2315 abreptisque
1461 2281 1548 2314 quae
1574 2269 1609 2303 in
1632 2270 1744 2315 Syna-

311 2327 403 2360 goga
426 2319 523 2350 erant
545 2315 702 2349 omnibus.
747 2317 886 2351 Factum
911 2319 974 2352 hoc
996 2317 1076 2351 Julii
1099 2316 1154 2350 die
1177 2328 1230 2357 nr,
1253 2316 1448 2350 Indictionis
1470 2326 1527 2349 XV.
1573 2315 1661 2349 Tum
1684 2327 1745 2349 ve-

308 2373 348 2394 ro
373 2361 485 2394 defixa
517 2360 564 2394 ibi
588 2361 699 2395 eruce
732 2362 936 2403 venerabili,
980 2363 1013 2396 in
1038 2363 1078 2395 D.
1104 2362 1234 2395 Leontii
1260 2361 1459 2404 Martyrium
1493 2365 1743 2394 converterunt.

309 2406 496 2450 Imperator
519 2411 627 2439 antem
651 2407 860 2448 Anastasius,
884 2408 934 2441 his
958 2407 1100 2448 auditis,
1125 2407 1274 2440 Orientis
1296 2405 1457 2439 Comitem
1481 2405 1677 2446 constituit,
1702 2415 1745 2439 ex

309 2451 595 2491 Cummerciariis,
630 2451 828 2496 Procopium
860 2454 1025 2495 quendam
1056 2451 1329 2490 Antiochensem;
1373 2451 1432 2494 qui
1467 2454 1502 2483 et
1524 2450 1745 2493 Byzantinum

310 2497 496 2540 quendam,
522 2495 653 2530 nomine
675 2496 827 2537 Menam,
862 2497 975 2531 divino
1001 2497 1214 2541 Imperatoris
1237 2507 1278 2529 ex
1300 2496 1445 2537 Edicto,
1469 2495 1745 2540 Nycteparchum

309 2542 374 2575 sibi
398 2541 526 2575 habuit.
583 2541 745 2575 Tumultu
767 2548 877 2575 autem
901 2553 920 2574 a
944 2542 1089 2575 Prasinis
1112 2542 1146 2576 in
1170 2542 1293 2586 populo
1318 2541 1484 2581 excitato,
1521 2540 1680 2583 quosdam
1703 2550 1744 2574 ex

310 2586 475 2620 seditiosis
499 2588 781 2630 comprehendere
811 2586 930 2620 statuit
952 2587 1086 2620 Menas:
1125 2586 1214 2630 quod
1235 2585 1293 2620 ubi
1316 2585 1463 2620 seditiosi
1485 2585 1539 2620 isti
1561 2584 1745 2619 intellexis-

309 2635 395 2672 sent,
431 2631 474 2664 ad
496 2632 536 2664 D.
560 2632 696 2667 Joannis
719 2633 855 2673 Aedem,
883 2637 980 2665 extra
1001 2633 1115 2665 urbem
1138 2631 1246 2671 sitam,
1269 2632 1504 2675 confugerunt.
1550 2631 1746 2675 Nyctepar-

312 2678 392 2710 chus
417 2682 528 2710 autem
551 2677 593 2710 de
617 2679 680 2711 hoc
702 2677 824 2712 certior
846 2677 966 2717 factus,
990 2680 1118 2721 sumpto
1142 2675 1204 2709 sibi
1226 2676 1374 2709 Gothico
1398 2675 1580 2720 praesidio,
1603 2686 1643 2709 eo
1667 2678 1746 2709 «ξοη-

310 2722 421 2754 tendit
443 2726 593 2766 tempore
613 2722 813 2756 meridiano:
835 2722 1057 2766 templumque
1075 2721 1182 2756 subito
1199 2720 1376 2763 ingressus,
1399 2732 1440 2754 ex
1455 2719 1620 2755 seditiosis
1640 2729 1746 2763 quen-

312 2766 407 2807 dam,
443 2766 573 2800 nomine
606 2768 853 2808 Eleutherium,
888 2767 948 2801 sub
970 2777 1066 2800 saera
1090 2765 1212 2799 Altaris
1246 2777 1356 2799 mensa
1378 2765 1586 2806 latitantem,
1622 2764 1745 2798 ibidem

312 2811 501 2853 transfixit;
525 2817 710 2859 truncoque
731 2813 810 2848 inde
832 2816 995 2854 extracto,
1018 2815 1120 2857 caput
1143 2810 1174 2845 ei
1197 2811 1406 2857 amputavit:
1430 2810 1515 2845 adeo
1539 2815 1578 2845 ut
1597 2813 1746 2844 sanctum
