1838 3230
185 351 287 389 049

189 1567 288 1604 v26

314 180 412 226 716
906 180 1174 226 BENTLEII

529 319 747 399 ΠΟΡΦ
765 353 954 401 ΥΡΙο
971 355 1017 400 Υ
1056 316 1543 407 ΦΙΛΟΣΟΦΟΥ.

425 447 528 502 Περὶ
553 452 625 490 τοῦ
650 450 846 503 Κναξζβὶ,
871 448 1070 504 χθύπτης,
1101 453 1284 508 φλεγμώ,
1313 452 1422 510 δρόψ
1449 453 1647 509 ἑρμηνεία.

311 530 376 568 Εν
386 530 560 578 Δελφοῖς
572 527 628 574 εἰς
644 524 708 568 τὸν
719 525 819 568 ναόν
819 528 1104 594 ἐπιγέγραπται
1118 529 1261 598 τράγος
1273 529 1391 584 ι’χθύϊ
1399 532 1463 573 ἐπὶ
1479 534 1666 585 δελφῖνος
1675 533 1756 575 ἔπι-

311 584 503 634 κείμενος.
542 580 655 631 Κνᾶξ
685 581 754 634 μὲν
778 581 854 637 γάρ
879 585 982 625 ἐστιν
1007 586 1031 627 6'
1055 584 1198 655 τράγος
1216 586 1316 628 nato?
1331 585 1542 640 ἀποκοπὴν
1558 604 1638 630 των
1657 602 1757 631 στοι-

310 640 444 705 χείων
442 640 515 679 τοῦ
532 654 611 686 κως
630 639 729 691 (lege
746 637 869 711 κων)
864 640 931 680 καὶ
942 639 1063 682 πάλιν
1083 639 1292 697 ἀφαίρεσιν
1314 645 1408 694 (imo
1426 642 1666 699 πρόσθεσιν)
1683 649 1757 686 τοῦ

312 696 348 743 ξ.
367 691 517 735 κνᾶκον
533 710 607 747 γαρ
625 699 808 745 καλεῖται,
838 712 890 743 ως
904 697 971 736 καὶ
994 695 1204 753 Θεόκριτος
1227 699 1268 740 ἐν
1292 697 1497 752 βουκόλοις
1515 699 1651 754 λέγειν
1670 697 1758 742 οἷον

311 747 455 803 τράγος
473 749 540 790 καὶ
563 748 690 802 ι’χθῦς,
713 750 736 791 o‘
753 751 824 803 μὲν
842 750 1137 820 φλεγόμενος,
1117 772 1138 797 ο
1157 754 1200 795 δὲ
1219 753 1321 807 δρὸψ
1339 753 1457 806 ὄψον.
1493 755 1613 826 Λέγει
1630 753 1720 798 &U
1696 773 1758 797 οτι

313 806 338 846 ὁ
347 822 490 874 τραγος
505 803 735 859 φλεγόμενὸς
753 807 831 847 ἐστι
849 806 1016 850 πάντοτε
1032 808 1112 851 υπὸ
1131 813 1305 881 λαγνίας,
1323 827 1383 851 οτι
1401 808 1471 852 ἐάν
1483 828 1542 860 τις
1555 827 1625 860 τας
1641 813 1756 865 ῥῖνας

313 858 438 902 αυτοῦ
459 859 721 912 ἄποσφαλίσει
741 863 840 913 (leg.
863 860 1162 936 απασφαλίσῃ),
1192 864 1257 907 ὃιοῖ
1281 883 1361 907 των
1381 883 1556 934 κερατων
1573 864 1754 910 ἀναπνεῖ.

313 921 411 969 ,Εχει
439 916 482 957 δὲ
500 917 567 957 καὶ
598 917 732 972 ἑτέραν
759 919 969 971 ἑρμηνείαν
997 936 1136 970 ουτως·
1180 920 1232 963 To
1258 923 1418 974 κναξζβὶ
1431 920 1531 976 γαλα
1554 923 1683 974 ἐστὶν,
1711 922 1756 964 τὸ

315 971 359 1013 δὲ
374 971 554 1026 χθυπτης
569 973 698 1027 τυρὸς,
717 973 824 1029 δροψ
844 974 886 1015 δὲ
907 974 1141 1032 ἅνθρωπος·
1171 980 1322 1033 δρῶπες
1338 976 1412 1033 γοέρ
1423 979 1465 1020 οἷ
1477 977 1686 1033 ἅνθρωποι
1699 979 1758 1020 λέ-

314 1059 462 1111 γονται
531 1044 613 1084 Καὶ
645 1045 753 1099 ε’τερα
782 1044 824 1086 ὁὲ
850 1050 1009 1087 πλεῖστα
1039 1050 1201 1088 τοιαῦτα
1239 1046 1305 1088 διὰ
1339 1051 1420 1089 τοῖν
1457 1051 1516 1090 κδ
1556 1043 1757 1118 στοιχείων

314 1095 573 1153 ἆπαρτίζοντα
596 1101 699 1141 ι’ὃιον
719 1099 865 1142 σκοπὸν
885 1100 1062 1156 εὕρομεν,
1093 1101 1198 1145 οἷον·
1224 1100 1342 1150 Βέδυ,
1374 1102 1468 1156 ζοὲψ,
1496 1102 1598 1158 χθω,
1629 1109 1756 1157 πλῆκ-

313 1171 428 1220 τρον,
459 1157 588 1222 σφίγξ.
623 1154 646 1197 6
663 1156 766 1202 ἐστιν
783 1155 927 1206 οὕτως·
959 1160 1061 1200 Βὲδυ
1081 1160 1183 1200 ἔστιν
1202 1176 1227 1211 η
1246 1158 1347 1227 ὑγρά
1365 1157 1497 1210 ουσία,
1533 1159 1613 1211 ζοέψ
1630 1159 1661 1213 ἦ
1681 1177 1756 1202 πυ-

314 1207 445 1262 ρωδης
465 1207 602 1261 ου’σία,
631 1210 719 1263 χθαῗ
735 1212 763 1265 ἡ
779 1217 849 1266 γῆ,
879 1218 1076 1282 πλῆκτρον
1095 1215 1137 1256 δὲ
1165 1215 1185 1256 ὅ
1207 1212 1308 1267 οἷηρ,
1339 1216 1457 1270 σφὶγξ
1474 1216 1503 1269 ἦ
1521 1214 1670 1258 τούτων
1690 1233 1756 1268 φι-

312 1267 379 1305 λία
398 1263 462 1306 διοῖ
483 1282 526 1307 το
546 1269 842 1321 συνεσφίγχθαι.
902 1268 1079 1319 Κλώδιος
1101 1270 1144 1312 δὲ
1165 1271 1190 1313 ὁ
1214 1273 1464 1324 Νεαπολίτης
1490 1269 1615 1320 οὕτως
1630 1269 1757 1325 ἡρμή-

311 1334 427 1362 νευσε
452 1319 496 1363 vd
517 1324 805 1389 προκείμενον·
850 1342 949 1378 αηρ,
988 1324 1192 1377 θάλασσα,
1230 1331 1302 1381 γῆ,
1341 1325 1466 1379 ἥλιος.
1522 1326 1607 1368 Καὶ
1632 1327 1779 1383 ἕτεροί,

311 1392 415 1425 τινες
433 1376 651 1428 φιλόσοφοί
677 1395 718 1419 τε
738 1379 804 1419 καὶ
822 1381 982 1446 ποιηταὶ
1000 1386 1141 1423 τοῦτον
1165 1380 1230 1423 τὸν
1247 1381 1396 1424 σκοπόν
1413 1381 1678 1436 ἡρμήνευσαν.

422 1434 509 1471 Non
526 1434 641 1485 longe
662 1449 682 1472 a
710 1436 904 1487 principio
932 1439 989 1476 sic
1021 1439 1167 1476 scribe:
1197 1436 1356 1478 κνάκων
1383 1437 1457 1491 γὰρ
1476 1442 1671 1490 καλεῖται,
1699 1454 1755 1487 ως

310 1488 334 1531 6
353 1486 563 1544 Θεόκριτος
584 1490 625 1530 ἐν
640 1494 893 1539 Βουκολικοῐς
910 1493 1020 1578 λέγει.
1077 1496 1203 1532 Locus
1223 1501 1281 1532 est
1299 1495 1442 1546 Idyllio
1461 1497 1597 1534 tertio·

528 1585 581 1590 ——
611 1584 663 1589 —
693 1584 745 1590 —
774 1561 841 1602 καὶ
860 1561 926 1602 τὸν
947 1561 1110 1616 ἐνόρχαν

533 1615 610 1658 Τὸν
629 1615 807 1670 Λιβυκὸν
824 1634 1011 1659 κνακωνα
1031 1615 1248 1670 φυλασσεο,
1279 1636 1332 1672 μη
1352 1635 1398 1659 τυ
1420 1616 1593 1675 κορύψῃ.

310 1688 416 1727 Illud
442 1694 567 1726 autem
596 1689 712 1726 nimis
741 1689 922 1727 festivum
947 1696 1025 1738 est,
1066 1690 1173 1740 quod.
1211 1690 1409 1740 aliquanto
1437 1696 1530 1741 post
1556 1689 1752 1741 sequitur:

312 1747 458 1796 Capras
483 1745 655 1793 scilicet,
687 1745 809 1795 siquis
830 1746 876 1782 iis
901 1759 1011 1783 nares
1044 1745 1221 1795 obturet,
1251 1746 1436 1784 cornibus
1460 1747 1618 1797 spirare.
1675 1746 1754 1784 Sed

312 1815 386 1853 pro
406 1798 580 1853 κεράτων
600 1801 813 1839 certissime
835 1802 1116 1839 emendandum
1135 1808 1193 1839 est
1213 1798 1368 1841 ου’άτων
1390 1802 1456 1840 vel
1478 1800 1600 1842 ὤτων.
1655 1801 1751 1840 Var-

313 1871 359 1895 ro
403 1857 452 1894 de
482 1858 537 1894 Re
565 1857 744 1895 Rustica:
780 1857 840 1895 De
868 1857 1005 1910 quibus
1035 1856 1308 1895 admirandum
1335 1856 1463 1906 illud,
1501 1855 1607 1910 quod
1636 1858 1752 1895 etiam

313 1910 536 1951 Archelaus
565 1911 724 1964 scribit‚·
767 1910 914 1965 Capras
945 1928 1041 1959 non,
1078 1923 1120 1951 ut
1148 1911 1295 1965 reliqua
1329 1910 1542 1962 animalia,
1581 1913 1751 1962 nar-ibim,

314 1966 382 2005 secl
403 1966 560 2005 auribus
585 1970 759 2018 spiritum
789 1967 922 2006 ducere
946 1967 1076 2007 solere.
1134 1969 1242 2006 Idem
1269 1975 1429 2006 narrant
1448 1969 1596 2006 Plinius
1618 1975 1656 2006 et
1677 1968 1752 2006 Ae-

314 2023 453 2062 liranus.
524 2024 684 2060 Clodius
721 2025 793 2061 iste
830 2025 1102 2075 Neapolitanus
1137 2025 1282 2062 librum
1311 2025 1529 2075 composuit
1565 2023 1751 2062 adversus

316 2092 403 2125 eos,
434 2078 500 2129 qui
532 2092 648 2116 carne
676 2080 932 2128 abstinerent3
972 2087 1017 2119 ut
1046 2080 1156 2118 testis
1192 2086 1249 2118 est
1282 2081 1368 2130 ipse
1393 2078 1634 2131 Porphyrius
1659 2077 1753 2131 περὶ

315 2131 468 2186 ἀποχῆς
496 2132 696 2185 ἐμψύχων.
752 2149 877 2186 neque
916 2137 1014 2174 alius
1049 2136 1252 2187 quisquam
1284 2135 1390 2174 illius
1416 2135 1605 2184 meminit,
1641 2135 1752 2184 quod

315 2191 446 2230 sciam.
503 2190 637 2228 Fidem
655 2190 693 2227 id
712 2191 824 2239 facit,
852 2192 1011 2230 minime
1039 2192 1344 2245 ψευδεπίγραφοι
1369 2191 1464 2230 haec
1482 2204 1583 2239 esse,
1614 2190 1684 2228 sed.
1701 2203 1751 2228 ex

314 2245 536 2298 Porphyrio
554 2247 656 2284 bona
672 2246 748 2284 fide
769 2254 966 2298 excerpta.

426 2303 467 2340 P·
499 2305 589 2344 181.
647 2302 726 2342 Καὶ
753 2300 845 2354 μετὰ
873 2306 988 2343 τοῦτο
1010 2302 1176 2352 Μίνως,
1205 2302 1273 2342 καὶ
1300 2292 1392 2354 μετᾶ
1414 2301 1563 2340 Μίνωα
1583 2295 1749 2348 Αὕλέας.

312 2357 404 2395 Dixi
425 2371 548 2396 meam
570 2358 814 2396 senteniiam:
839 2359 1025 2396 nimirum
1058 2366 1122 2397 aut
1147 2359 1243 2396 vitio
1276 2357 1422 2395 codicis
1451 2362 1517 2394 aut
1542 2355 1748 2395 memoriae

312 2414 456 2452 falsum
477 2428 557 2452 esse
574 2415 775 2462 Joannem3
804 2419 842 2452 et
860 2414 907 2451 ad
927 2413 1032 2451 hune
1050 2415 1209 2452 modum
1234 2429 1253 2451 u
1274 2413 1400 2464 prima
1421 2425 1538 2449 manu
1558 2412 1749 2461 scriptum

312 2469 461 2517 videri,
492 2469 573 2509 Καὶ
599 2468 692 2520 μετοὶ
718 2473 857 2510 τοῦτον
887 2472 985 2519 Ιων,
1015 2470 1081 2509 καὶ
1110 2468 1204 2521 μετὰ
1231 2473 1334 2508 Ιωνοι
1361 2465 1564 2519 Αἰσχύλος.
1624 2469 1748 2505 Porro

189 2535 220 2567 0
244 2534 290 2569 50
311 2525 387 2562 iste
413 2525 485 2563 Jon
512 2533 629 2577 poeta
654 2526 729 2564 suit
754 2525 959 2575 Tragicus‚
989 2526 1144 2563 natione
1177 2525 1314 2563 Chius:
1344 2524 1392 2561 de
1422 2537 1498 2574 quo
1524 2523 1612 2560 ideo
1633 2523 1750 2574 plura

313 2581 511 2629 dicemus,
542 2583 632 2632 quia
653 2582 849 2633 Thespide
873 2587 911 2619 et
934 2580 1127 2631 Aeschylo
1153 2581 1350 2631 aliquanto
1373 2585 1428 2617 est
1447 2579 1636 2629 ignotior3
1665 2585 1750 2616 tum
1780 2576 1784 2586 ¹

314 2643 439 2674 autem
458 2643 505 2675 ut
526 2638 635 2687 quasi
663 2639 856 2689 specimen
887 2637 1021 2675 demus
1046 2636 1157 2674 istius
1185 2636 1334 2686 operis,
1365 2635 1477 2685 cujus
1507 2641 1618 2672 antea
1649 2634 1749 2672 feci-

313 2706 400 2730 mus
417 2693 670 2743 mentionem,
702 2707 780 2745 quo
808 2691 1026 2746 Belliquias
1052 2693 1174 2730 omnis
1206 2690 1374 2729 Graecae
1405 2690 1585 2738 Poeseos,
1615 2689 1750 2727 Philo-

313 2748 518 2799 sophicae,
547 2724 713 2800 EpicziQ
738 2749 959 2799 Elegiacae‚
996 2746 1255 2795 Dramatieae,
1296 2747 1537 2797 Ljricaeque
1566 2745 1749 2794 colligere

315 2805 521 2843 voluimus.
579 2806 654 2844 Sed
670 2805 767 2844 haec
783 2806 953 2844 suerunt.
1010 2803 1205 2856 Principio
1226 2809 1353 2841 autem
1374 2816 1451 2840 uon
1469 2801 1606 2854 injuria
1630 2800 1747 2838 Chius
