1838 3230
303 224 401 250 wa
410 224 450 250 11
812 200 1266 246 PROLEGOMENA.

411 318 616 358 XXXVII.
673 318 723 357 Ut
754 331 802 356 ex
830 317 940 356 hisce
969 323 1133 369 apparet
1163 316 1354 356 Antorem
1381 322 1561 355 nostrum
1589 329 1640 355 ex
1657 315 1762 355 Scri-

301 386 482 440 ptoribus
512 385 598 424 aliis
625 385 817 424 verbatim
847 383 1070 423 exscribere
1099 385 1247 435 solere,
1288 385 1462 436 adeoque
1490 398 1567 422 non
1595 397 1678 423 esse
1695 397 1764 423 ne-

301 454 509 493 cessarium
539 458 584 490 ut
615 453 681 490 illa
701 465 802 503 quae
822 450 1020 490 habentur
1038 452 1079 489 in
1106 450 1296 491 Chronico
1323 455 1412 492 Pas.
1433 465 1521 490 cum
1541 451 1650 490 illius
1673 464 1766 491 ver-

300 523 362 561 bis
381 519 656 567 consonantia,
686 531 736 556 ex
755 518 824 556 illo
853 519 1127 558 existimentur
1155 525 1332 570 sumpta;
1360 518 1416 557 sic
1440 519 1515 557 alia
1533 524 1625 557 sunt
1642 532 1767 571 quae-

302 590 389 628 dam
412 587 624 640 peculiaria
648 593 874 636 argumenta
901 601 1000 638 quae
1021 588 1088 626 illa
1104 586 1305 640 speciatim
1326 600 1403 624 non
1421 586 1542 625 fuisse
1565 584 1614 624 ex
1629 599 1675 625 eo
1695 585 1766 624 de-

302 656 451 708 scripta
472 654 717 693 confirmant.
775 653 861 692 Hoc
889 654 931 692 in
965 655 1103 707 primis
1133 654 1370 704 notandum,
1397 655 1437 692 in
1458 653 1655 706 aliquibus
1673 653 1765 692 illo-

301 738 390 762 rum
406 723 607 770 locorum,
639 734 739 772 quae
757 734 845 758 cum
875 720 916 759 in
933 721 1080 761 Nostro
1102 728 1186 761 tum
1207 722 1248 760 in
1269 720 1462 760 Chronico
1484 719 1671 761 Paschali
1687 720 1764 778 ha·-

301 792 471 839 bentur‚
501 789 687 827 advocari
705 788 929 839 Scriptores
949 787 1142 841 Laiin035
1173 803 1271 841 quos
1297 803 1347 828 ex
1369 789 1489 828 dictis
1508 789 1764 841 conspicuum

301 858 481 897 redditur
500 870 588 895 eum
620 856 750 908 ipsum
770 869 970 907 nunquam
991 857 1142 907 legisse.
1203 857 1268 894 Sic
1291 857 1334 894 in
1354 857 1585 897 Narratione
1605 856 1655 896 de
1674 855 1766 896 Ro-

302 923 407 964 mulo
440 932 479 963 et
507 922 641 962 Roma
674 923 876 976 praedicta
920 924 1093 962 citantur
1132 922 1344 977 Virgilius,
1391 922 1566 970 Plinius,
1611 923 1763 974 Livius,

301 995 476 1044 itemque
506 991 688 1030 Licinius
717 990 987 1030 Romanorum
1023 989 1364 1044 Chronographus:
1402 1006 1474 1043 pro
1507 1004 1676 1043 quorum
1698 1004 1764 1030 se-

303 1061 435 1099 cundo
467 1067 506 1098 et
530 1058 646 1097 tertio
678 1059 783 1110 apud
807 1056 1027 1098 Chronicon
1043 1058 1189 1098 Pasch.
1220 1072 1271 1097 ex
1301 1059 1556 1110 corruptione
1580 1059 1766 1109 leguntur

302 1126 543 1182 Apollonius
563 1133 601 1164 et
623 1124 780 1164 Silvius.
839 1126 882 1163 ln
911 1127 1000 1165 loco
1021 1127 1087 1178 qui
1106 1127 1185 1177 agit
1203 1125 1252 1164 de
1272 1124 1549 1180 Chlamyclibus
1565 1123 1766 1166 Romano-

303 1210 386 1233 rum
419 1195 564 1232 citatur
594 1191 850 1245 (Suetonius)
883 1192 1161 1247 Tranquillus,
1193 1193 1262 1244 qui
1302 1199 1342 1231 et
1371 1194 1460 1232 loco
1491 1193 1629 1232 eodem
1657 1193 1765 1245 apud

306 1261 524 1302 Chronicon
543 1259 683 1299 Pasch.
704 1260 926 1310 adducitur,
955 1260 1076 1311 idque
1101 1260 1235 1298 addito
1259 1261 1415 1299 nomine
1431 1261 1628 1312 Suetonio,
1655 1261 1765 1314 quod
1835 1274 1838 1278 ⁴

303 1345 323 1368 a
345 1330 489 1367 Nostro
510 1341 589 1366 non
612 1329 850 1378 agnoscitur.
908 1328 1211 1365 Observandum
1241 1328 1436 1372 secundo.
1469 1327 1578 1380 quod.
1593 1329 1634 1367 in
1660 1330 1766 1368 mul-

304 1397 352 1436 tis
379 1410 516 1435 eorum
541 1396 718 1434 locorum
750 1410 849 1447 quae
876 1396 916 1434 in
943 1394 1090 1434 Nostro
1120 1394 1236 1433 simul
1265 1401 1304 1433 et
1322 1394 1511 1435 Paschali
1535 1403 1764 1447 occurrunt,

303 1464 482 1515 quamvis
511 1463 653 1513 partim
686 1464 737 1502 ad.
764 1464 927 1503 verbum
967 1462 1226 1510 conveniant,
1262 1461 1459 1502 habentur
1492 1471 1622 1503 tamen
1655 1465 1765 1517 apud

307 1528 496 1571 Paschale
514 1531 702 1568 nonnulla
732 1545 832 1582 quae
858 1530 963 1569 nulla
994 1530 1059 1567 vel
1076 1530 1119 1568 vi
1139 1530 1203 1568 vel
1225 1535 1307 1568 arte
1330 1543 1379 1568 ex
1397 1529 1542 1570 Nostro
1561 1531 1765 1584 potuerint

304 1598 406 1637 elici.
462 1597 507 1635 In
531 1596 728 1648 aliquibus
750 1596 1072 1642 Narrationibus‚
1101 1603 1146 1635 ut
1172 1596 1213 1634 in
1240 1597 1316 1635 illis
1343 1597 1392 1636 de
1415 1595 1688 1638 Valentiniani
1712 1599 1764 1638 ad

302 1665 513 1717 Imperium
535 1664 775 1713 elevatione,
805 1664 853 1703 de
869 1662 1006 1716 pluvia
1026 1661 1200 1703 Cinerum
1219 1664 1292 1702 sub
1310 1663 1462 1715 Leone,
1492 1665 1619 1717 deque
1636 1673 1764 1706 morte

304 1732 465 1782 Ιυειίηἰ,
497 1745 575 1783 quo
602 1746 727 1770 mense
751 1745 830 1783 quo
861 1730 923 1769 die
954 1731 1192 1782 contigerint
1218 1732 1326 1784 apud
1346 1731 1534 1773 Pasckale
1552 1734 1764 1773 memoriae

305 1800 581 1851 consignatur,
613 1812 700 1837 cum
732 1804 859 1837 tamen
891 1799 939 1836 de
968 1808 1134 1850 tempore
1154 1798 1260 1850 apud
1277 1798 1462 1838 Nostrum
1480 1799 1628 1838 mentio
1644 1801 1764 1841 nulla.

305 1867 408 1914 Quin
430 1873 469 1906 et
489 1873 578 1904 sunt
599 1879 699 1917 quae
716 1863 762 1918 ¹)
782 1865 1048 1918 conjiciuntur
1075 1865 1182 1918 apud
1200 1864 1396 1905 Paschale
1420 1866 1470 1904 ad
1490 1874 1618 1907 certos
1640 1882 1762 1907 annos

395 2089 433 2126 S.
456 2089 682 2132 Hieronymus
713 2088 747 2122 in
771 2089 941 2124 Chronico
974 2090 1187 2133 Eusebian03
1235 2091 1332 2134 Quae
1365 2090 1604 2138 (Laurentia)
1623 2097 1763 2138 propter

392 2146 681 2191 pulchritudinem
719 2150 753 2179 et
783 2148 1012 2190 rapacitatem
1042 2149 1189 2193 eorporis
1220 2150 1415 2193 quaestuosi
1448 2149 1546 2194 Lupa
1578 2161 1602 2183 a
1637 2150 1764 2184 Vicinis

394 2203 645 2247 appellabatur.
696 2203 793 2237 Unde
816 2204 863 2237 ad
885 2208 1036 2238 nostram
1059 2206 1258 2239 memoriam
1284 2207 1498 2240 meretricum
1520 2207 1663 2241 cellulae
1686 2207 1763 2241 Lu-

394 2259 538 2303 panaria
560 2259 726 2293 dicuntur.

351 2315 392 2359 ¹)
418 2316 516 2356 Quae
540 2315 642 2349 habet
668 2316 795 2350 Noster
817 2316 861 2350 de
887 2317 1192 2362 Hierosolymorum
1215 2330 1278 2364 per
1297 2320 1412 2354 Titum
1436 2320 1696 2366 expugnatione,
1720 2333 1762 2355 ea

397 2373 618 2406 conferuntur
636 2373 725 2418 apud
745 2374 906 2407 paschale
921 2373 964 2407 ad
981 2385 1102 2408 annum
1121 2375 1363 2421 Assumptionis
1380 2377 1577 2412 Dominicae
1595 2377 1759 2412 XXXIX.

396 2434 432 2463 et
460 2430 661 2473 Vespasiani
680 2432 1047 2479 soliusrConsulatum:
1094 2434 1307 2480 Τριακοστῷ
1329 2431 1467 2478 iuvas-qv
1493 2432 1563 2469 ἔτει
1585 2439 1653 2470 etc.
1685 2446 1760 2468 cum

395 2490 509 2520 tamen
530 2485 566 2520 in
587 2487 710 2521 Nostro
734 2499 895 2533 expresse
913 2488 1133 2532 perhibeatur
1155 2490 1340 2535 contigisse
1362 2491 1397 2524 id
1424 2496 1556 2536 gestum
1576 2502 1661 2525 anno
1683 2496 1763 2536 post

397 2542 570 2577 Christum
594 2549 798 2588 assumptum
821 2544 1016 2578 XXXVIII.
1049 2546 1226 2580 Commodo
1251 2553 1285 2581 et
1309 2548 1400 2591 Ruso
1424 2547 1520 2582 Coss.
1546 2547 1606 2592 qui
1627 2547 1760 2593 quidem

397 2601 615 2635 Consulatum
638 2600 821 2644 gerebant,
847 2606 968 2636 autore
992 2603 1211 2644 Cassiodoro,
1235 2608 1315 2648 post
1337 2608 1470 2648 captam
1493 2604 1760 2650 Hierosolymam

396 2657 553 2691 triennio.
600 2657 653 2690 De
683 2656 750 2691 illis
777 2658 940 2692 Paschale
969 2658 1099 2693 omnino
1133 2659 1222 2693 silet.
1269 2659 1374 2704 Cujus
1408 2661 1626 2695 Narrationis
1659 2672 1761 2706 prae-

395 2716 490 2746 terea
514 2725 593 2758 pars
617 2725 739 2757 magna
761 2712 796 2747 in
822 2714 941 2749 Codice
957 2716 1180 2750 Holseeniano
1203 2716 1278 2760 (uti
1302 2720 1381 2750 ante
1404 2721 1574 2751 ostensum
1597 2717 1675 2761 est)
1700 2716 1761 2750 de-

396 2770 578 2803 sideratur.
626 2770 678 2803 Ad
701 2771 842 2805 eundem
875 2784 995 2806 annum
1016 2773 1051 2807 in
1076 2773 1236 2806 Paschali
1260 2774 1410 2807 refertur
1441 2785 1514 2808 cum
1542 2774 1620 2819 Cyri
1643 2774 1759 2808 Patri-

396 2826 440 2858 cii
463 2825 630 2868 dedecuS‚
655 2832 724 2862 tum
747 2833 990 2871 terraemotus,
1022 2829 1080 2874 qui
1104 2830 1290 2875 imperante
1317 2830 1503 2865 Theodosio
1521 2830 1656 2875 juniore
1680 2841 1760 2865 con·
