1838 3230
424 150 1051 196 CHRONOGRAPHIA.
1089 149 1277 194 ⁴1„.>1;11.
1375 132 1378 134 ’
1487 155 1587 201 297

116 271 293 330 ἤκουσεν
318 270 343 317 ὃ
369 273 548 331 στρατὸς
578 270 706 315 αὐτοῦ
741 269 805 315 ὅτι
841 270 1046 315 ἀπέθανε·
1084 272 1160 314 Υκαὶ
1184 266 1462 326 ὖπολαβόντες
1486 268 1587 315 Ῥω-
1608 276 1639 311 Β

117 342 270 397 μαίους
292 338 589 400 καταφθάσαι,
627 339 777 398 ἔφυγον
807 341 871 383 ἐπὶ
889 340 935 383 τό
966 341 1123 394 λίμιτον
1144 337 1312 394 πάντες,
1352 337 1591 394 διωκόμενοι

118 407 202 454 vimi
231 414 316 454 τῶν
348 410 547 469 ἃγροίκων
574 411 642 453 καὶ
671 413 745 453 τοῦ
778 409 915 466 ἱερέως
945 407 1287 466 Σαμψιγεράμου,
1325 406 1516 459 ἐάσαντες
1537 408 1590 451 τὰ

121 483 198 534 τῆς
213 480 392 536 πραίδας
410 477 570 532 πάντα,
608 479 777 535 ἀφανεῖς
801 479 994 533 ἐγένοντο.
1065 477 1269 534 ὑπήντησε
1297 479 1342 521 δὲ
1361 478 1500 528 αὐτοῖς
1521 478 1590 520 διὰ

89 551 198 592 5τοῦ
225 548 400 602 λιμίτου,
437 545 767 601 ἀντιποιούμενος
797 545 1021 602 Ῥωμαίων,
1047 546 1243 600 '‘Eva-909,
1280 547 1474 601 βασιλεὺς
1501 551 1592 590 Σα-

121 620 307 673 ρακηνῶν
331 613 580 674 βαρβάρων,
620 614 641 659 ὃ
672 620 835 673 κρατῶν
866 617 941 672 τὴν
959 616 1157 672 Ἀραβίαν
1169 615 1337 673 χώραν·
1374 614 1486 666 ὅστις
1513 615 1591 672 εἶχε

119 692 290 742 γυναῖκα
323 687 534 740 Ζηνοβίαν
569 682 762 740 ὀνόματι,
799 685 1045 741 Σαρακηνὴν
1068 687 1326 739 βασίλισσαν.
1398 687 1465 728 καὶ
1486 683 1592 727 πάν-

119 769 196 804 τας
220 753 318 804 τοὺς
347 754 516 809 Πέρσας
550 754 648 803 τοίς
675 758 748 809 τῆς
779 756 979 809 βοηθείας
1017 752 1198 810 Σαπώρη
1234 751 1440 809 ἀνήλωσεν
1466 753 1593 797 ’Eva-⁴

119 825 224 876 θος,
259 823 453 876 βασιλεὺς
481 827 758 878 Σαρακηνῶν,
805 822 948 873 καθὼς
976 824 1183 876 Δομνΐνος
1219 821 1240 866 ὁ
1277 822 1409 879 σοφὸς
1434 840 1586 879 χρονο-
1610 835 1642 870 0
1666 834 1736 871 393

67 903 111 936 10
122 889 283 948 γράφος
306 893 493 943 ἕξέθετο’
531 890 552 934 ὃ
580 893 624 934 δὲ
654 889 897 948 σοφώτατος
923 890 1206 948 Φιλόστρατος
1237 891 1372 941 ἄλλως
1392 890 1591 948 συνεγρά-

119 971 234 1014 ψατο
262 960 314 1004 τὰ
343 962 434 1016 περὶ
466 958 682 1016 Σάπωρος,
720 960 921 1014 βασιλέως
949 964 1140 1016 Περσῶν,
1180 959 1302 1005 εἰπών
1337 959 1399 1003 ὅτι
1428 962 1495 1003 καὶ
1515 961 1590 1016 τὴν

121 1029 277 1085 Συρίαν
308 1031 513 1086 παρέλαβε
548 1031 615 1072 καὶ
647 1029 792 1072 ἔκαυσε
810 1029 884 1072 σὺν
905 1034 955 1086 τῇ
982 1027 1137 1087 μεγάλῃ
1160 1028 1382 1088 Ἀντιοχείᾳ
1416 1031 1483 1071 καὶ
1516 1029 1592 1072 ἅλ-
1616 1038 1647 1072 C

122 1101 200 1148 λας
219 1096 354 1148 πόλεις
375 1096 551 1152 πολλάς,
592 1095 743 1152 ὁμοίως
765 1099 808 1140 δὲ
826 1099 893 1140 καὶ
923 1098 997 1153 τὴν
1015 1099 1201 1141 Κιλικίαν
1223 1098 1452 1155 παρέλαβε,
1489 1096 1592 1141 καύ-

122 1183 201 1216 σας
217 1165 520 1223 Ἀλεξάνδρειαν
550 1166 626 1222 τὴν
653 1167 803 1223 μικρὰν
838 1168 905 1210 καὶ
933 1165 1112 1210 Ῥωσσὸν
1147 1168 1213 1209 καὶ
1239 1164 1492 1223 Ἀπ’άζαρβον
1523 1169 1592 1210 καὶ

68 1242 111 1278 15
122 1235 258 1292 Λῗγὰς
286 1237 353 1279 καὶ
375 1234 600 1279 Νικόπολιν
635 1238 702 1278 καὶ
728 1234 857 1291 ἄλλας
876 1235 1030 1285 πολλὰς
1049 1233 1183 1286 πόλεις
1202 1241 1276 1291 τῆς
1294 1238 1494 1288 Κιλικίας,
1525 1238 1594 1279 καὶ

123 1304 193 1348 διὰ
221 1309 298 1361 τῆς
323 1305 628 1355 Καππαδοκίας
658 1308 865 1360 κατῆλθεν
892 1305 954 1346 ἐπὶ
983 1304 1035 1347 τὰ
1065 1304 1250 1362 Περσικὰ
1272 1305 1400 1361 μέρη,
1442 1307 1508 1347 καὶ
1531 1304 1594 1348 ὅτι

122 1371 353 1430 ἇπήντησεν
373 1374 486 1434 αὐτῷ
498 1373 702 1427 ’Ἐναθος,
739 1373 934 1429 βασιλεὺς
952 1378 1229 1430 Σαρακηνῶν,
1267 1376 1323 1424 εἷς
1355 1376 1592 1429 συμμαχίαν

122 1441 265 1497 αὐτοῦ,
303 1444 443 1501 φησίν,
480 1441 631 1496 ἐλθών,
659 1444 726 1485 καὶ
748 1441 963 1501 ἐφόνευσεν
985 1441 1124 1487 αὐτόν.
1194 1444 1401 1498 Δομνΐνος
1425 1444 1469 1485 δὲ
1491 1443 1594 1498 ἀλη-

120 1511 320 1567 θέστερον
346 1515 505 1567 μᾶλλον
538 1513 715 1566 ἐξέθετο,
755 1511 924 1567 εἰρηκὼς
959 1510 1021 1554 ὅτι
1054 1511 1116 1555 ἐπὶ
1144 1511 1218 1567 τὴν
1250 1512 1440 1555 Κιλικίαν
1475 1510 1597 1555 Σπά-

66 1590 198 1636 ΞΟτην
230 1580 303 1624 τὸν
330 1579 546 1637 σατράπην
573 1581 700 1624 αὐτοῦ
736 1582 932 1635 ἐξέπεμψε
961 1581 1065 1636 μετὰ
1091 1579 1294 1636 πλήθους.

222 1669 271 1715 Ὁ
303 1673 347 1714 δέ
374 1672 623 1728 Βαλεριανός
641 1672 833 1726 βασιλεὺς
852 1671 1030 1723 ἐξελθὼν
1053 1671 1134 1714 ἀπὸ
1153 1669 1313 1726 Ῥώμης
1333 1667 1384 1727 ἦν
1404 1671 1598 1715 ἀπελθών

124 1742 181 1790 εἷς
207 1739 384 1795 πόλεμον
407 1742 462 1790 εἷς
483 1739 766 1792 Μιζουλανόν·
804 1743 870 1784 καὶ
901 1738 1089 1795 ἐγνώσθη
1111 1740 1223 1798 αὗτῷ
1257 1740 1325 1783 διὰ
1347 1740 1420 1796 τὴν
1444 1740 1596 1783 ἄνατο-

124 1807 225 1865 λήν,
271 1811 338 1852 καὶ
366 1808 514 1866 ἤθελεν
543 1807 802 1868 ὑποστρέψαι
836 1812 903 1853 καὶ
935 1813 1149 1852 κατελθεῖν
1179 1809 1234 1860 εἷς
1263 1809 1337 1864 τὴν
1371 1808 1589 1866 ἀνατολήν,
1616 1823 1647 1857 D

216 1931 252 1967 3.
274 1927 371 1976 rimi]
396 1930 500 1966 Immo
525 1929 566 1967 δὲ
588 1927 676 1967 ὑπὸ.
769 1933 823 1970 15.
846 1931 982 1978 Αἰγὰς]
1006 1928 1118 1978 Αἶγας
1140 1931 1209 1966 Ox.

123 2037 217 2071 ctum
240 2047 313 2070 esse
333 2034 586 2072 intellexerunt.
642 2035 811 2071 Romanos
833 2036 952 2082 itaque
973 2034 1105 2070 venisse
1128 2034 1378 2077 existimantes,
1417 2034 1454 2068 in
1476 2035 1591 2079 fugam

123 2093 162 2116 se
185 2081 370 2126 conjiciunt
393 2094 526 2125 omnes;
552 2082 751 2128 praedaque
773 2086 849 2117 tota
872 2082 1006 2124 relicta,
1028 2081 1112 2116 fines
1134 2093 1210 2116 suos
1233 2084 1416 2127 repetunt3
1441 2080 1593 2126 Sampsi-

124 2138 264 2172 geramo
288 2128 466 2164 sacerdote
490 2128 646 2170 interim,
670 2140 743 2163 cum
766 2130 867 2163 turba
889 2140 951 2162 sua
974 2129 1122 2168 rustica,
1144 2127 1219 2162 illos
1242 2132 1477 2174 persequente.
1527 2128 1593 2160 Per

124 2173 247 2208 limites
271 2185 353 2210 vero
376 2175 559 2210 redeuntes
583 2186 641 2210 eos
664 2175 803 2210 adortus
824 2179 876 2209 est
899 2175 1074 2216 Enathus,
1105 2174 1333 2208 Romanorum
1355 2172 1482 2214 socius,
1514 2173 1592 2207 Rex

123 2219 353 2255 Barbarorum
387 2221 653 2256 sarracenorum
687 2226 723 2256 et
757 2221 906 2256 Arabiae
929 2220 1099 2255 dominus:
1140 2219 1198 2266 qui
1221 2231 1360 2254 uxorem
1383 2219 1503 2253 habuit
1524 2219 1592 2252 Ze·-

125 2265 279 2308 nobiam,
304 2266 457 2312 reginam
480 2267 749 2302 Sarracenicam.
798 2267 867 2302 Hic
890 2265 1031 2313 Saporis
1056 2267 1235 2301 Persarum
1257 2265 1348 2311 regis
1374 2265 1489 2310 copias
1512 2276 1595 2310 pro-

124 2311 259 2358 fligavit
282 2324 415 2355 omnes3
457 2314 508 2348 uti
532 2314 617 2348 haec
642 2312 789 2348 tradidit
812 2312 945 2359 sapiens
967 2312 1149 2347 Domninus
1173 2311 1473 2356 chronographus.
1522 2309 1596 2343 Ali-

125 2360 182 2392 ter
202 2364 316 2393 autem
340 2359 406 2394 ista
429 2359 473 2394 de
495 2360 641 2406 Sapore,
678 2360 858 2394 Persarum
881 2371 975 2404 rege,
998 2358 1134 2405 scriptis
1157 2358 1223 2392 suis
1246 2357 1393 2392 tradidit
1416 2354 1595 2402 sapientis-

127 2414 200 2438 mus
223 2405 468 2448 Philostratus,
504 2407 676 2441 affirmans
701 2405 835 2452 Syriam
858 2417 979 2452 nempe
1001 2416 1076 2439 eum
1100 2416 1245 2445 omnem,
1277 2402 1491 2437 Antiochiam
1514 2401 1596 2435 item

127 2460 303 2494 magnam,
347 2451 499 2498 aliasque
533 2453 635 2486 urbes
670 2451 831 2498 plurimas
861 2450 1018 2486 incendio
1053 2451 1256 2486 devastasse.
1322 2448 1446 2482 Cilicia
1479 2447 1595 2490 etiam,

129 2495 270 2541 ejusque
291 2498 448 2541 urbibus,
487 2498 693 2533 Alexandria
717 2498 864 2541 minore,
888 2497 1025 2539 Rhose,
1047 2497 1247 2538 Anazarbo,
1273 2493 1395 2538 Aegis,
1421 2492 1595 2539 Nicopoli,

128 2539 270 2586 aliisque
291 2543 442 2589 plurimis
466 2544 600 2590 ignibus
624 2544 829 2590 absumptis,
861 2543 1036 2578 Persidem
1058 2555 1151 2577 suam
1176 2552 1240 2588 per
1263 2539 1517 2585 Cappadociam
1540 2551 1597 2574 re·-

127 2587 284 2632 petenti,
306 2587 498 2633 Enathum,
525 2590 774 2625 Saracenorum
796 2601 925 2635 regem,
950 2601 1013 2624 ceu
1034 2588 1117 2623 belli
1139 2588 1277 2628 socium,
1301 2585 1334 2620 θὶ
1358 2585 1491 2620 ObViam
1514 2597 1596 2632 P1'0‘

131 2632 290 2676 cessisse,
322 2636 527 2682 tandemque
548 2636 771 2672 interfecisse.
817 2636 1000 2671 Caeterum
1023 2635 1075 2670 his
1099 2634 1237 2669 veriora
1259 2635 1356 2673 sunt,
1394 2643 1482 2676 quae
1506 2631 1596 2677 apud

130 2678 328 2714 Domninum
360 2681 549 2724 habentur;
594 2683 655 2728 qui
689 2684 831 2728 spatem
863 2682 1047 2728 Satrapam
1079 2692 1100 2715 a
1126 2680 1262 2725 Sapore
1284 2677 1320 2713 in
1345 2677 1499 2712 Ciliciam
1523 2688 1598 2713 cum

130 2725 283 2760 exercitu
305 2725 435 2762 missum
455 2727 558 2763 fuisse
580 2731 736 2764 testatur.

220 2794 412 2840 Imperator
433 2799 544 2831 autem
566 2797 792 2839 Valerianus,
826 2798 934 2831 Roma
959 2795 1154 2842 profectus,
1191 2792 1227 2827 in
1250 2792 1480 2829 Mediolanum
1503 2804 1599 2829 arma

131 2840 257 2875 movit:
287 2839 344 2876 ubi
367 2840 410 2876 de
432 2842 575 2878 motibus
598 2843 831 2880 Orientalibus
856 2842 982 2878 certior
1005 2841 1128 2885 factus,
1153 2839 1197 2875 ab
1220 2838 1383 2887 incoepto
1407 2851 1513 2887 opere
1536 2840 1598 2875 de-
