1838 3230
316 163 416 213 598
802 157 1266 203 ANNOTATIONES.

317 275 431 326 ponit
448 273 499 311 ad
512 286 653 311 annum
669 271 912 311 Constantini
921 271 972 313 M.
983 285 1077 312 xxv.
1089 286 1168 325 quo
1181 286 1282 312 anno
1297 271 1515 325 Hesychius
1524 273 1755 314 Illusffis—-in

316 330 421 369 Patr.
452 329 649 371 Constant.
679 329 815 367 urbem
843 328 1060 367 dedicatam
1096 329 1239 368 tradit:
1280 342 1402 368 annus
1437 342 1530 369 vero
1567 329 1635 368 hic
1649 337 1757 379 ’ωεστ

318 385 463 424 Christi
482 385 635 435 vulgari
653 397 836 433 cccxxxx,
857 384 982 423 Acrae
1003 397 1099 423 vero
1121 383 1386 423 Antiochenae
1404 397 1527 424 annus
1547 381 1757 436 cccuxxrsx.

317 441 465 480 Auctor
482 447 611 479 tamen
628 447 759 478 noster
778 440 902 490 infra,
931 440 1043 478 urbis
1071 439 1188 493 hujus
1221 436 1690 480 dedicationem'2'confert
1716 442 1758 479 in

317 496 487 549 ejusdem
511 497 628 534 Acrae
647 509 790 534 annum
810 508 1048 537 cccrxxvm,
1078 496 1121 534 id
1142 503 1199 535 est
1221 497 1262 534 in
1287 509 1429 535 annum
1449 495 1601 535 Christi·
1622 497 1758 547 vulga-

315 565 399 590 rem
419 565 586 590 cccxxx.
617 551 684 603 qui
715 551 957 589 Constantini
984 552 1082 603 Imp.
1113 558 1173 590 est
1200 565 1313 590 xxw.
1351 552 1612 604 Hieronymus
1643 553 1758 592 etiam

316 608 357 645 in
382 607 650 658 supplemento
674 619 745 655 suo
770 607 820 644 ad
839 607 929 648 Chr.
952 604 1093 647 Euseb.
1123 608 1316 646 Encaenia
1340 606 1438 646 haec
1456 608 1571 659 ponit
1590 607 1641 646 ad
1655 608 1760 647 ⁴Con-

317 662 475 701 stantini
507 676 649 700 annum
679 675 794 701 xxiv.
835 676 914 714 quo
951 677 1052 701 anno
1081 663 1183 702 Fasti
1214 663 1420 714 Capitolini
1451 664 1692 702 Gallicanum
1719 669 1759 703 et

316 717 590 770 Symmachum
615 717 762 757 habent
798 718 904 758 Coss.
962 718 1105 756 Verum
1125 719 1174 758 de
1199 718 1274 756 hac
1298 718 1408 757 Urbis
1430 719 1758 771 Constantinopo-

315 775 459 812 litanae
480 775 753 812 encaeniorum
772 773 951 825 Epocha,
980 774 1072 812 vide
1089 774 1165 814 Jos.
1183 775 1356 826 Scaliger
1386 774 1434 813 de
1454 774 1613 813 Emend.
1636 780 1756 827 temp.

315 830 383 867 lib
404 843 444 868 v.
475 835 514 867 et
537 829 709 881 ejusdem
730 830 824 868 Can.
846 829 991 880 isagog.
1017 830 1043 867 1.
1061 843 1124 870 111.

430 887 523 937 Pag.
553 888 646 926 319.
674 889 739 928 22
787 882 1036 938 Ποιήσαντος
1067 881 1285 938 πρόκεσσον
1313 884 1379 925 ἐπὶ
1417 882 1545 925 πολὺν
1578 880 1755 937 χρόνον.]

318 936 567 989 Πρόκεσσος,
608 946 646 979 et
681 937 919 991 πρόκενσος,
964 942 1195 981 Processus:
1241 939 1486 1008 Quocunque
1524 941 1757 992 Imperator,

316 995 454 1034 relicto
478 996 647 1048 palatio,
687 996 952 1048 proficiscitur
983 996 1090 1049 apud
1116 997 1350 1034 recentiores
1382 991 1603 1048 πρόκεσσον
1629 1000 1758 1036 ποιεῖν

318 1051 484 1100 dicitur,
514 1053 596 1089 sive
615 1057 741 1100 terra,
773 1053 855 1090 sive
872 1052 990 1102 mari,
1024 1053 1106 1090 sive
1128 1052 1339 1103 voluptatis
1361 1057 1531 1101 tantum,
1561 1055 1629 1089 aut
1645 1052 1758 1090 etiam

317 1081 520 1156 religionis
549 1121 663 1144 causa
689 1107 764 1145 iter
793 1114 1017 1159 susceptum
1043 1108 1104 1148 sit.
1172 1107 1506 1157 Peregrinationes
1528 1119 1646 1156 vere,
1675 1107 1759 1146 sive

319 1175 492 1201 secessus
511 1163 760 1212 remotiores,
787 1164 1081 1214 longioresque,
1113 1160 1359 1214 μακρόκενσα
1380 1162 1592 1212 vocabant,
1619 1161 1662 1200 id
1685 1169 1754 1210 est,

311 1214 536 1286 ,μακρότερα
562 1214 769 1283 πρόκενσα.
810 1219 1087 1256 Constantinus
1115 1219 1164 1256 de
1192 1218 1417 1257 Administr.
1449 1218 1545 1268 Imp.
1578 1231 1620 1255 ca
1653 1220 1757 1261 5.1.

318 1289 385 1313 και
406 1289 482 1340 γαρ
501 1273 556 1319 εἰς
572 1269 817 1324 μακρόκενσα
828 1270 955 1341 οἷπῄει
976 1273 1000 1314 o‘
1019 1289 1215 1339 μακαοιος
1229 1268 1344 1320 οὗτος
1367 1271 1561 1325 βασιλευς,
1593 1288 1614 1313 ο
1635 1288 1680 1313 ον
1702 1273 1758 1320 εἰς
1804 1303 1811 1316 ,

320 1325 619 1395 Νικομήδειαν,
653 1329 708 1375 εἷς
730 1326 799 1369 τόν
819 1326 1044 1394 ”Ολυμπον,
1075 1330 1130 1376 εἰς
1149 1326 1308 1368 Πύθια·
1338 1327 1406 1368 καὶ
1437 1326 1502 1368 διὰ
1529 1331 1644 1369 τοῦτο
1673 1328 1757 1368 ἐπε-

319 1380 531 1435 τηδεύσατο
547 1381 594 1422 w*
613 1379 708 1423 δύο
721 1379 945 1452 δρομώνια,
976 1384 1032 1432 εἰς
1053 1383 1272 1437 ὑπηρεσίαν
1297 1383 1364 1423 καὶ
1385 1380 1612 1424 ἄναπαυσιν
1631 1383 1754 1424 αὐτου

318 1454 381 1489 τε,
411 1438 478 1479 καὶ
501 1441 580 1478 τῶν
601 1434 797 1491 ἆρχόντων
814 1435 950 1479 αὐτοῦ.

429 1496 530 1547 Pag.
560 1497 653 1536 320.
682 1498 720 1535 9.
754 1495 900 1543 Κτίσας
917 1493 984 1535 καὶ
1000 1491 1129 1548 φόρον
1147 1493 1285 1548 μέγα]
1316 1494 1401 1533 Scr.
1421 1492 1555 1547 μέγαν.
1575 1491 1598 1534 ὁ
1617 1489 1756 1546 φόρος,

319 1550 488 1598 Forum,
519 1549 814 1588 recentioribus.

433 1606 860 1657 Pag.320.13.1339
878 1602 922 1645 τὸ
933 1602 1057 1644 Ἴλιον
1085 1600 1289 1655 ἕστηκῶς.]
1320 1603 1611 1655 Hieronymus
1599 1618 1640 1642 m
1660 1617 1754 1655 sup-

319 1661 516 1713 plemento
545 1674 614 1698 suo
644 1661 694 1698 ad
714 1659 856 1699 Chron.
876 1660 1014 1698 Euseb.
1043 1673 1205 1698 numero
1224 1658 1755 1699 Mmcccxrvx.Constan1i-

320 1731 396 1769 nop
401 1715 474 1755 olis
493 1714 714 1761 dedicatur,
742 1731 835 1768 pene
859 1716 1026 1755 omnium
1053 1714 1202 1753 urbium
1226 1713 1407 1753 nuditate.
1464 1717 1639 1753 Statuam
1659 1729 1754 1754 vero

319 1771 434 1820 hanc,
464 1771 657 1822 Apollinis
674 1771 781 1809 Iliaci
801 1771 929 1819 fuisse
939 1771 1075 1808 asserit
1094 1771 1286 1809 Zonaras:
1313 1769 1466 1838 λέγεται
1480 1769 1522 1809 δὲ
1541 1770 1609 1810 καὶ
1625 1768 1755 1811 Απόλ-

320 1830 444 1874 λωνος
471 1824 569 1867 εἶναι
590 1823 803 1879 στήληνῡτὸ
831 1824 1006 1879 ἄγαλμα,
1035 1825 1102 1865 καὶ
1129 1828 1410 1880 μετενεχθῆναι
1442 1822 1522 1865 ἄπο
1546 1829 1618 1877 τῆς
1649 1825 1691 1866 ἐν
1706 1829 1757 1880 τῇ

324 1884 477 1937 Φρυγία
509 1878 659 1929 πόλεως
688 1885 759 1922 τοῦ
800 1884 921 1922 Ιλίου.
989 1884 1143 1919 Statuae
1176 1881 1268 1919 huic
1307 1876 1578 1919 Constantinus
1614 1895 1755 1918 nomen
1788 1894 1791 1896 “

322 1950 435 1974 suum
455 1923 627 1986 indidit,
669 1937 789 1975 clavis
815 1937 928 1975 etiam
962 1937 1196 2001 quibusdam
1225 1937 1445 1975 Dominicae
1477 1936 1606 1974 crucis
1636 1937 1755 1987 capiti

321 1992 496 2030 insertis.
526 1993 586 2029 uti
606 1967 708 2031 i'de‘ffi
730 1994 900 2031 Zonaras
915 1999 1101 2042 testatur,
1131 1993 1199 2043 qui
1229 1993 1342 2030 etiam
1370 2005 1452 2029 eam
1482 1991 1532 2030 ad.
1553 2004 1666 2030 suum
1687 2004 1752 2029 us-

323 2060 399 2099 que
418 2054 571 2098 tempus
590 2048 749 2087 durasse
769 2050 926 2096 asserit,
956 2050 1064 2086 Tom.
1084 2051 1124 2118 3.
1144 2049 1183 2085 in
1201 2048 1468 2088 Constantino.

434 2101 529 2157 Pog.
560 2106 652 2145 321.
682 2107 718 2144 8
734 2105 896 2150 Κτίσας
913 2101 1025 2156 ἔγγὺς
1040 2103 1104 2144 καὶ
1126 2098 1341 2154 βασιλικήν.
1353 2102 1368 2154 ]
1397 2098 1632 2158 Βασιλικην,
1658 2115 1752 2153 pro-

320 2157 407 2208 prie
424 2153 555 2195 eadem
576 2164 650 2205 est,
684 2172 783 2209 quae
805 2159 951 2196 Latinis
973 2160 1111 2208 Regia:
1143 2159 1308 2195 sumitur
1331 2165 1458 2195 tamen
1485 2170 1560 2208 pro
1581 2163 1753 2194 structu-

322 2227 367 2251 ra
388 2215 522 2263 quavis
543 2214 743 2263 ampla,e
724 2220 761 2251 et
788 2214 941 2263 Regali,
970 2215 1050 2252 sive
1076 2214 1226 2265 publici
1254 2213 1332 2251 sive
1357 2212 1500 2264 privati
1528 2225 1637 2251 usus:
1666 2212 1751 2250 Hoc

322 2269 437 2311 loco,
469 2266 722 2315 senaculum,
750 2269 889 2318 signat.

434 2322 649 2375 Bag-321.
683 2327 745 2365 12.
786 2322 963 2371 Καλέσας
983 2320 1052 2363 τὸν
1078 2320 1218 2372 τόπον,
1256 2319 1568 2389 ΛυγουστιῶναᾸ
1606 2321 1751 2360 Forum

323 2378 400 2417 hoc
419 2382 690 2432 Λυγουσταῖον
709 2384 826 2416 vocat
842 2379 1078 2429 Procopius.
1109 2378 1257 2415 Codino
1278 2374 1532 2429 Αυγουστεων
1551 2376 1725 2415 dicitur.-

437 2437 530 2485 Pag·
560 2438 652 2477 322
684 2437 747 2476 10.
790 2432 1097 2486 Διριγευομὲνην
1126 2432 1205 2474 ὑπὸ
1230 2436 1308 2472 τῶν
1341 2432 1618 2498 amaricatam]
1659 2432 1750 2471 Chr.

325 2487 436 2527 Alex.
466 2489 584 2527 habet
611 2487 937 2555 δηρηγευομένην.
996 2485 1249 2542 δηρηγεύειν,
1279 2493 1316 2525 et
1345 2483 1590 2540 δηριγενειν,
1618 2489 1682 2526 vel
1708 2493 1751 2526 ut

323 2551 455 2582 noster
470 2544 587 2582 habet
603 2547 704 2598 διριγ
707 2540 834 2593 εύειν,
862 2543 1035 2595 Dirigere
1054 2549 1182 2591 sonat3
1205 2542 1398 2580 vocabulo
1422 2543 1558 2581 Latino
1583 2544 1748 2581 Graeca-

325 2600 450 2638 nicam
472 2601 634 2638 formam
652 2562 853 2638 induente.
909 2599 1008 2636 Hinc
1037 2594 1349 2664 δηριγενόμενος,
1384 2604 1422 2636 et
1449 2595 1746 2665 διριγευόμενος.

435 2653 537 2693 16ἰᾶ
596 2656 677 2695 Καὶ
707 2654 957 2709 καμπαγίων]
997 2650 1229 2705 Καμπαγια,
1263 2659 1301 2691 et
1330 2668 1556 2705 καμπακια,
1595 2655 1748 2692 Calcea-

327 2710 446 2748 menti
462 2710 655 2773 quoddam
675 2723 816 2760 genus:
846 2710 894 2749 de
918 2723 995 2761 quo
1016 2707 1106 2746 vide
1131 2709 1187 2746 Jo.
1209 2708 1408 2757 Vossium,
1440 2710 1487 2748 de
1504 2709 1608 2748 vitiis
1628 2711 1746 2748 Serm.

326 2772 366 2803 et
383 2766 591 2804 Meursium
619 2766 659 2805 in
679 2766 897 2817 messario,
925 2771 964 2805 et
988 2765 1081 2805 Ben.
1109 2763 1372 2816 Baldwinum‚
1404 2764 1452 2805 de
1469 2765 1606 2806 calceo
1627 2765 1745 2816 antiq.
