1838 3230
392 142 1026 190 CHRONOGRAPHIA.
1085 142 1133 186 L.
1161 142 1317 189 XVIII.
1472 148 1574 197 463

104 263 292 324 πάραλον
324 269 401 323 τῆς
431 264 600 323 Συρίας.
670 268 755 309 τῶν
785 263 831 309 δὲ
858 266 1098 322 στρατηγῶν
1127 260 1337 318 Ῥωμαίων
1355 262 1572 320 δηλωσάν-

104 353 188 380 των
221 333 385 386 ἑαυτοῖς
423 338 500 378 τοῦ
523 332 695 389 ἑτοίμως
717 332 820 389 ἔχειν
837 337 1087 391 συγκροῦσαι
1111 331 1198 387 μετ’
1229 331 1364 376 αὐτῶν
1378 346 1388 357 ·
1417 328 1470 390 ἦν
1489 333 1570 391 γὰρ

89 405 295 461 χδηλωθὲν
337 404 383 447 ἐκ
425 407 510 447 τῶν
541 406 719 461 Περσῶν
761 407 836 446 τοῦ
870 406 1137 461 συναφθῆναι
1163 400 1236 445 τόν
1263 399 1463 458 πόλεμον,
1501 404 1570 446 καὶ

103 469 416 530 παραλαβόντες
434 476 573 516 πᾶσαν
600 472 676 528 τὴν
696 473 900 528 πραΐδαν,
939 471 1085 521 νυκτὸς
1111 470 1286 529 ἔφυγον·
1319 473 1387 514 καὶ
1414 471 1569 527 μαθών

70 546 238 586 5ταῦτα
255 539 496 598 Βελισάριος
529 542 597 584 καὶ
631 541 671 584 οἱ
699 539 861 597 ἴξαρχοι
885 538 1118 594 Ῥωμαίων,
1151 537 1430 591 ἐπιδιώξαντες
1449 540 1570 584 κατέ-

100 614 231 665 λαβον
255 607 426 661 αὐτούς·
463 610 531 653 καὶ
548 610 797 667 στραφέντες
821 610 860 653 οἳ
878 609 1039 667 Πέρσαι
1070 608 1262 664 ἔστησαν,
1286 611 1354 652 καὶ
1374 607 1569 661 τάξαντες
1591 617 1626 653 Ο
1649 619 1720 655 202

101 677 275 730 ἕαυτοὺς
297 676 533 735 ἐσκήνωσαν
557 679 620 721 ἐπὶ
650 678 697 722 τὸ
731 680 889 733 λίμιτον
933 679 1061 734 πέραν
1096 682 1171 721 τοῦ
1194 676 1420 735 Εὐφράτου
1463 684 1569 733 βου-

99 745 320 803 λευόμενοι.
391 745 542 803 ὁμοίως
571 748 702 790 δὲκαὶ
731 748 770 791 οἶ
797 747 958 803 ἒξαρχοι
977 745 1189 801 Ῥωμαίων
1210 745 1568 805 στρατολογήσαν-

98 832 166 867 τες
201 817 379 872 ἔστησαν
398 816 608 860 κατέναντι
631 821 715 860 τῶν
734 818 936 873 Περσῶν,
959 816 1064 859 κατὰ
1081 813 1213 859 νώτου
1236 814 1392 860 ἑαυτῶν
1411 815 1564 868 τάξαν-
1587 822 1620 857 V
1649 822 1696 858 70

43 892 90 927 10
100 901 166 936 τες
185 884 259 929 τὸν
278 883 519 943 Εὐφράτην,
554 887 800 943 Βελισαριόυ
819 885 1116 940 ἐπιτρέψαντος
1136 884 1190 928 τὰ
1212 889 1334 928 πλοΐα
1361 886 1475 944 παρὰ
1492 886 1568 937 τὰς

98 953 233 1009 ὄχθας
254 958 329 997 τοῦ
347 959 538 1008 ποταμοῦ
557 952 736 998 ἑστάναι.
809 956 866 1004 εἷς
894 954 939 997 δὲ
968 953 1017 997 τὸ
1040 953 1145 996 κατὰ
1164 955 1425 1012 μεσημβρίαν
1442 955 1567 1012 μέρος

97 1020 322 1078 ἐσκήνωσεν
347 1023 526 1081 Ἀρέθας
555 1023 660 1077 μετὰ
698 1022 930 1079 Δωροθέου
977 1023 1044 1065 καὶ
1073 1020 1348 1077 111άμαντιος,
1385 1022 1566 1080 ἐξάρχων

92 1089 312 1150 Ἰσαύρων,
350 1094 408 1143 εἲς
429 1092 475 1135 δὲ
491 1091 539 1135 τὸ
561 1091 746 1150 ἆρκτῷον
766 1092 967 1141 Σουνίκας
985 1093 1052 1134 καὶ
1071 1093 1237 1146 Σιζιιμας
1258 1090 1415 1147 ἔχοντες
1435 1109 1565 1150 στρα-

96 1157 182 1204 τόν.
228 1161 297 1204 καὶ
327 1165 379 1218 τῇ
407 1158 470 1204 ιθ’
525 1165 600 1204 τοῦ
631 1160 846 1216 ἂπριλλίου
890 1160 932 1203 ἐν
959 1157 1060 1218 ἁγίῳ
1089 1158 1291 1220 σαββάτῳ
1320 1165 1395 1204 τοῦ
1425 1159 1566 1217 πάσχα

41 1238 86 1273 15
97 1229 248 1286 ἐγένετο
268 1226 296 1285 ἦ
319 1229 507 1285 συμβολὴ
527 1234 602 1273 τοῦ
625 1229 818 1283 πολέμου.
892 1226 1162 1285 ὁρμησάντων
1184 1229 1263 1286 γὰρ
1285 1234 1370 1273 τῶν
1388 1233 1566 1288 Περσῶν

98 1297 204 1341 κατὰ
223 1299 402 1342 §omina
419 1300 487 1341 καὶ
506 1300 664 1353 Σίμμα,
703 1299 770 1341 καὶ
800 1295 1076 1341 ἀντιστάντων
1095 1295 1319 1353 Ῥωμαίων,
1359 1297 1468 1358 δόλῳ
1497 1300 1566 1343 δέ·

95 1368 233 1410 δωκαν
251 1366 291 1410 οἶ
307 1366 470 1424 Πέρσαι
495 1371 607 1411 νῶτα
636 1369 700 1409 ἐπὶ
727 1366 825 1417 τοῦς
856 1368 986 1416 ἰδίους
1014 1364 1185 1411 ἑαυτῶν.
1255 1369 1321 1410 καὶ
1340 1366 1410 1426 ὑφ’
1431 1366 1476 1411 ἓν
1497 1386 1565 1425 γε·

93 1432 255 1491 νόμενοι
276 1435 463 1494 Πέρσαι,
499 1433 825 1493 προσεσχηκότες
846 1434 908 1478 ὅτι
923 1434 1115 1490 Ῥωμαῖοι
1135 1435 1242 1479 κατὰ
1275 1434 1408 1480 νώτου
1427 1436 1564 1493 ἔχουσι

93 1503 164 1548 τὸν
192 1502 442 1562 Εὐφράτην,
474 1502 730 1562 ὁρμήσαντες
761 1504 837 1548 σὺν
865 1512 951 1555 τοῖς
982 1508 1243 1561 Σαρακηνοΐς
1287 1506 1565 1563 συνέκρουσαν

36 1569 166 1616 zoi&
181 1571 372 1628 πόλεμον,
399 1575 467 1617 καὶ
485 1578 649 1617 πολλῶν
668 1571 876 1617 πεσόντων
898 1573 941 1624 ἐξ
968 1572 1213 1630 ἀμφοτέρων
1230 1578 1313 1618 τῶν
1331 1579 1483 1632 μερῶν,
1522 1575 1565 1619 ἒν
1587 1575 1619 1611 Β

94 1639 154 1692 οἷς
172 1641 314 1686 ἔπεσον
341 1641 423 1685 ἀπὸ
453 1643 528 1697 μὲν
547 1646 725 1699 Περσῶν
744 1639 981 1698 Ἀνδράζης,
1010 1643 1233 1698 χιλίαρχος,
1271 1645 1338 1686 καὶ
1360 1641 1562 1698 Νααμάν,

91 1709 181 1760 υἱὸς
194 1708 546 1768 Ἀλαμουνδάρου,
582 1711 626 1753 ἐκ
648 1711 693 1754 δὲ
715 1709 927 1765 Ῥωμαίων
946 1715 1200 1767 Σαρακηνῶν
1223 1709 1389 1770 ἐλήφθη
1413 1711 1566 1770 Ἄβρος

94 1776 265 1834 ὀνόματι
300 1777 423 1831 δούξ·
479 1780 549 1822 καὶ
579 1777 862 1837 Στεφανάκιος
890 1780 935 1822 δὲ
970 1781 1134 1836 πληγεὶς
1173 1778 1302 1825 ἔπεσε.
1381 1786 1456 1838 τῆς
1483 1782 1563 1840 γὰρ

183 1900 240 1936 16.
263 1895 525 1937 ἆνθιστάντων
549 1900 618 1936 Ox.
683 1900 766 1936 ibid.
784 1898 966 1947 δέδωκαν]
990 1900 1033 1936 V.
1044 1912 1077 1948 p.
1089 1913 1159 1948 seq.
1172 1903 1266 1944 v.7-‚
1280 1913 1385 1948 supra
1407 1912 1443 1948 p.
1451 1903 1508 1939 58.
1517 1902 1564 1938 E.

90 2013 146 2036 ces
169 2000 306 2037 interim
329 2001 475 2039 Romani
498 2015 575 2038 suos
597 2003 799 2045 hortantur,
829 2003 865 2038 in
887 2003 1051 2050 praelium
1074 2015 1111 2038 se
1134 2008 1278 2051 parent:
1320 2007 1359 2040 ut
1383 2005 1466 2051 qui,
1499 2017 1563 2051 per

88 2047 228 2083 nuncios
251 2060 272 2083 a
294 2049 409 2084 Persis
432 2049 565 2092 missos,
602 2061 660 2084 eos
684 2061 822 2096 quoque
852 2062 991 2096 pugnae
1023 2050 1130 2086 aleam
1160 2056 1353 2086 tentaturos
1374 2051 1563 2087 intellexis-

88 2099 176 2129 sent.
223 2093 407 2130 Caeterum
431 2096 570 2138 Persae,
593 2096 743 2130 abducta
765 2107 875 2131 secum
900 2095 1029 2142 praeda
1052 2096 1154 2139 omni,
1178 2101 1282 2132 noctu
1305 2097 1419 2142 fugam
1442 2110 1562 2144 capes-

88 2144 178 2175 sunt.
233 2140 335 2182 Quae
364 2141 550 2177 Belisarius
581 2146 618 2176 et
652 2142 791 2176 exarchi
822 2143 1051 2178 Romanorum
1081 2143 1140 2178 ubi
1170 2143 1380 2186 rescierunt,
1417 2143 1560 2179 insecuti

88 2190 404 2233 praeterverterunt
435 2199 504 2224 eos.
556 2187 723 2222 Conversi
753 2188 872 2233 itaque
905 2189 1032 2224 Persae
1061 2189 1284 2231 restiterunt3
1325 2189 1502 2236 copiisque
1523 2189 1558 2224 in

90 2231 240 2267 ordinem
265 2233 414 2277 coactis,
441 2234 486 2268 ad
508 2233 706 2268 ulteriorem
729 2234 915 2280 Euphratis
937 2234 1045 2280 ripam
1064 2237 1165 2280 juxta
1186 2235 1327 2278 limites,
1359 2240 1472 2270 castra
1491 2248 1558 2291 po-

89 2283 249 2320 suerunt,
283 2291 373 2324 quae
402 2279 447 2315 ad
478 2280 600 2314 bellum
627 2281 825 2315 referebant
858 2281 995 2315 consilia
1016 2281 1145 2316 inituri.
1194 2281 1422 2316 Consimiliter
1454 2286 1557 2316 etiam

91 2322 232 2359 Romani
250 2323 375 2369 Duces,
403 2326 589 2360 exercitum
607 2338 703 2361 suum
727 2327 974 2372 recolligentes,
997 2327 1111 2362 Persis
1134 2328 1169 2362 in
1193 2327 1351 2374 opposito
1373 2331 1557 2371 steterunt,

90 2368 255 2405 ordinatis
276 2369 328 2405 ita
350 2372 551 2417 agminibus,
575 2377 615 2406 ut
638 2384 658 2406 a
681 2376 781 2417 tergo
803 2373 982 2419 Euphrate
1003 2374 1138 2416 relicto,
1170 2374 1290 2419 (cujus
1313 2373 1356 2407 ad
1380 2373 1472 2419 ripas
1495 2385 1557 2408 na·-

88 2413 255 2458 vigiorum
273 2417 452 2452 stationem
468 2418 651 2453 Belisarius
669 2419 931 2464 constituerat,)
954 2419 1133 2455 Meridiem
1156 2431 1272 2455 versus
1293 2420 1455 2461 Arethas,
1479 2431 1555 2455 cum

89 2459 265 2496 Dorotheo
289 2467 326 2497 et
347 2463 542 2506 Mamante,
567 2464 718 2498 Ducibus
750 2465 893 2507 Isauris,
927 2470 1041 2500 castra
1065 2471 1231 2512 poneret;
1269 2476 1290 2500 a
1313 2465 1560 2510 Septentrione

88 2515 172 2540 vero
196 2505 339 2543 Sunioas
362 2514 399 2544 et
432 2510 575 2545 Simmas
617 2522 710 2544 suum
733 2511 898 2546 ducerent
921 2511 1118 2546 exercitum.
1165 2511 1320 2546 sabbato
1346 2516 1458 2546 autem
1481 2523 1556 2546 san-

88 2557 144 2585 cto
167 2550 348 2606 I’aschali,
373 2555 465 2601 quod
487 2555 523 2590 in
548 2556 676 2602 Aprilis
698 2567 769 2591 xlx.
794 2556 941 2599 incidit,
966 2557 1057 2593 acies
1079 2557 1224 2592 invicem
1248 2555 1558 2593 committebantur.

87 2596 203 2631 Persis
225 2597 334 2642 igitur
355 2600 391 2636 in
413 2601 574 2636 Sunicam
597 2606 634 2636 et
656 2602 813 2637 Simmam
834 2603 1062 2646 irruentibus,
1095 2602 1240 2637 Romani
1262 2602 1320 2637 ubi
1343 2603 1559 2647 restitissent,

87 2642 228 2685 Persae,
252 2655 315 2690 per
337 2645 451 2682 dolum
467 2652 570 2692 terga
593 2647 724 2691 dantes,
748 2649 794 2684 ad
810 2661 886 2684 suos
909 2654 1130 2684 recesserunt.
1178 2649 1268 2683 Tum
1290 2659 1374 2683 vero
1397 2648 1434 2683 in
1455 2660 1557 2685 unum

87 2687 221 2722 redacti
243 2689 304 2724 ubi
326 2691 554 2728 advertissent
587 2694 756 2730 Romanos
778 2695 994 2741 Euphratem
1018 2706 1040 2729 a
1061 2699 1162 2740 tergo
1185 2695 1334 2737 habere,
1375 2695 1559 2731 Saracenis

87 2733 155 2768 suis
180 2733 365 2779 irruentes,
404 2749 517 2774 manus
539 2751 670 2775 rursum
692 2746 950 2782 conseruerunt,
988 2740 1138 2786 pluribus
1161 2740 1322 2786 utrinque
1345 2741 1475 2786 praelio
1499 2753 1558 2776 ca·-

87 2779 263 2815 dentibus=
301 2793 343 2815 ex
367 2783 487 2828 quibus
509 2789 608 2819 erant
630 2797 651 2820 a
675 2786 787 2821 Persis
811 2787 984 2822 Andrazes
1008 2786 1246 2828 Chium-chus,
1271 2786 1450 2828 Naaman,
1474 2787 1556 2822 Αἰα-

86 2826 242 2861 mundari
264 2826 374 2871 filius3
405 2840 427 2865 a
449 2829 609 2866 Romanis
631 2843 715 2868 vero
738 2832 920 2868 Saracenis
943 2832 1022 2867 Dux
1044 2833 1154 2868 Abrus
1177 2838 1297 2880 captus
1317 2838 1382 2876 est,
1403 2835 1558 2879 Stepha-
