1838 3230
393 169 1021 216 CHRONOGRAPHIA.
1076 171 1127 216 L.
1155 169 1312 217 XVIII.
1467 176 1566 227 435

119 289 312 345 ραλαβών
344 285 556 347 ἐφόνευσεν
593 286 742 332 αὐτόν·
783 283 834 345 ἦν
869 289 946 346 γὰρ
976 290 1079 344 μετὰ
1107 288 1300 347 χιλιάδων
1330 289 1563 349 τριάκοντα.

117 359 184 399 καὶ
209 357 364 412 μαθὼν
391 362 524 400 ταῦτα
554 355 576 400 ὅ
599 357 792 412 βασιλεὺς
828 356 1112 410 ’Ῑουστινιανός
1152 357 1298 416 γράφει
1335 366 1423 411 τοῖς
1449 363 1564 413 δουξὶ

121 426 312 482 Φοινίκης
333 427 399 469 καὶ
422 425 618 481 Ἀραβίας
642 427 708 468 καὶ
743 429 1072 481 Μεσοποταμίας
1114 429 1180 470 καὶ
1213 435 1299 477 τοῖς
1324 433 1407 472 τῶν
1436 429 1564 487 ἓπαρ-
1587 436 1621 471 Ο
1647 439 1714 475 166

113 497 216 547 χιῶν
237 491 460 551 φυλάρχοις
477 493 668 536 ἀπελθεῖν
695 493 782 536 κατ’
813 494 941 537 αὐτοῦ
984 497 1051 538 καὶ
1075 497 1322 547 καταδιώξαι
1349 496 1474 541 αὐτὸν
1495 499 1564 542 καὶ

83 560 163 606 5τό
183 565 346 617 πλῆθος
363 561 503 605 αὐτοῦ.
572 563 639 604 καὶ
658 561 810 612 εὐθέως
829 560 1076 614 ἀπελθόντες
1098 563 1272 620 Ἀρέθας
1300 562 1321 608 ὅ
1354 563 1564 623 φύλαρχος

115 631 183 677 καὶ
210 627 403 686 Γνούφας
445 631 510 672 καὶ
538 630 722 684 Νααμάν
754 632 821 673 καὶ
849 630 1068 682 Διονύσιος
1094 630 1115 675 ὅ
1143 632 1243 683 δοῦξ
1276 635 1468 690 Φοινίκης
1495 636 1564 678 καὶ

109 694 335 753 Ἰωάννηςὸ
363 701 437 752 τῆς
470 697 763 755 Εὖφρατησίας
805 700 872 741 καὶ
890 699 1167 753 Σεβαστιανός
1188 698 1208 743 ὁ
1222 702 1433 758 χιλίαρχος
1458 704 1563 758 μετὰ

111 769 187 820 τῆς
204 770 495 821 στρατιωτικῆς
533 767 758 821 βοηθείας·
793 768 858 809 καὶ
890 768 1042 821 μαθὼν
1071 767 1400 826 Ἀλαμούνδαρος
1431 769 1453 814 ὃ
1473 775 1563 815 Σα-

111 832 285 890 ρακηνὸς
327 831 469 891 ἴφυγεν
499 835 555 884 εἷς
577 835 628 877 τὰ
652 834 799 877 Ἰνδικὰ
827 835 930 891 με’ρη
972 836 1067 890 μεθ’
1086 831 1136 891 ἧς
1157 835 1233 892 εἶχε
1250 839 1450 894 βοηθείας
1473 843 1560 883 Σα-
1583 845 1616 880 D

54 905 349 958 1ορακηνικῆς.
386 903 452 944 καὶ
471 900 722 953 εἰσελθόντες
741 903 780 945 οἷ
812 904 952 954 ὃοῦκες
975 902 1184 959 Ῥωμαίων
1226 907 1293 948 καὶ
1331 906 1370 948 οἱ
1400 905 1561 964 φύλαρ-

103 985 173 1024 χοι
212 969 316 1024 μετὰ
346 971 546 1025 βοηθείας
575 970 867 1026 συνεπομένης,
905 973 972 1014 καὶ
1005 974 1202 1028 μηδαμοῦ
1229 973 1354 1016 αὐτὸν
1377 978 1561 1017 καταλα-

106 1035 270 1092 βόντες,
319 1036 516 1094 ὥρμησαν
552 1039 614 1081 ε’πὶ
648 1039 700 1081 τὰ
728 1039 913 1095 Περσικὰ
940 1040 1070 1097 με’ρη,
1117 1042 1184 1084 καὶ
1223 1042 1456 1099 παρέλαβον
1484 1043 1561 1093 τὰς

107 1105 259 1160 σκηνὰς
281 1104 432 1160 αὐτοῦ,
470 1108 536 1149 καὶ
564 1105 847 1162 αἰχμαλώτους
872 1108 917 1150 δὲ
943 1107 1091 1161 ἔλαβον
1115 1112 1278 1164 πλῆθος
1307 1109 1468 1166 ἀνδρῶν
1491 1113 1559 1153 καὶ

104 1177 302 1228 γυναικῶν
336 1174 403 1216 καὶ
430 1176 601 1218 παιδίων
645 1177 711 1218 καὶ
743 1174 843 1225 ὅσας
883 1169 1002 1231 εὗρον
1028 1173 1237 1231 καμήλους
1274 1179 1560 1235 δρομωναρίας

53 1252 96 1287 15
108 1243 174 1284 καὶ
194 1241 298 1285 ἄλλα
317 1239 496 1299 διάφορα
518 1241 655 1299 κτήνη.
726 1242 902 1287 ἔκαυσαν
921 1244 966 1286 δὲ
993 1246 1059 1286 καὶ
1084 1242 1242 1302 κάστρα
1260 1247 1445 1302 Περσικοὶ
1464 1247 1559 1291 τέσ-

106 1326 217 1366 σαρα
244 1308 554 1366 παραλαβόντες
597 1313 664 1354 καὶ
691 1311 788 1362 τοὺς
820 1312 863 1354 ἓν
892 1312 1031 1362 αὐτοῖς
1061 1311 1184 1363 ὂντας
1213 1313 1481 1370 Σαρακηνούς
1513 1333 1556 1359 τε

105 1379 172 1420 καὶ
192 1377 384 1435 Πέρσας,
418 1380 486 1421 καὶ
502 1377 762 1437 ὑπέστρεψαν
785 1381 840 1430 εἷς
861 1380 914 1423 τὰ
939 1378 1145 1436 Ῥωμαϊκὰ
1168 1381 1272 1437 μετὰ
1295 1384 1420 1438 νίκης.

200 1476 248 1523 ‘O
265 1479 310 1522 δὲ
327 1478 452 1530 αὐτὸς
466 1480 659 1535 βασιλεῦς
674 1479 931 1538 ἀνεπλήρωσε
951 1484 1018 1524 καὶ
1036 1482 1084 1525 τὸ
1103 1480 1299 1539 δημόσιον
1317 1483 1364 1526 τὸ
1374 1484 1416 1527 ἒν
1427 1486 1550 1528 Κων·
1571 1490 1606 1525 O
1630 1492 1696 1529 167

102 1546 428 1591 σταντινουπόλει
437 1580 452 1601 ,
496 1547 518 1591 ὃ
551 1548 706 1606 ἤρξατο
738 1551 879 1602 κτίζειν
903 1548 1167 1601 Ἀναστάσιος
1199 1549 1220 1594 ὃ
1244 1549 1460 1606 βασιλεύς,
1502 1552 1549 1595 τὸ
1572 1560 1604 1595 E

46 1615 266 1672 ΞΟέπίκλην
291 1616 543 1672 Δαγισθέου.
614 1616 742 1660 ἔκτισε
773 1619 819 1660 δὲ
849 1619 917 1660 καὶ
936 1618 983 1661 τὸ
1001 1619 1223 1674 μεσίαυλον
1243 1623 1318 1675 τῆς
1339 1624 1553 1676 βασιλικῆς

190 1758 226 1794 5.
247 1754 411 1804 Ἆρέθας]
435 1758 527 1793 Idem
550 1759 694 1794 fortasse
716 1758 774 1804 qui
797 1758 887 1794 redit
910 1771 944 1806 p.
968 1761 1025 1796 70.
1048 1760 1091 1796 Α.
1150 1762 1183 1796 6.
1206 1759 1270 1796 καὶ
1287 1756 1349 1805 Ἰ.]
1377 1756 1397 1795 ὃ
1417 1756 1454 1796 Ἰ.
1483 1761 1551 1797 Ox.

189 1805 224 1839 7.
248 1803 515 1850 Σεβαστειανός
538 1805 607 1840 Ox.
662 1803 717 1841 14.
742 1806 992 1850 δρομοναρίας
1015 1806 1084 1840 Ox.
1137 1808 1193 1843 20.
1220 1805 1448 1851 Δαγισθέου]
1473 1812 1550 1842 Δα-

191 1851 367 1895 γισθαίου
391 1856 488 1885 recte
519 1850 645 1885 chron.
678 1862 711 1896 p.
735 1853 813 1887 338.
837 1852 878 1885 C.
971 1853 1053 1887 ibid.
1077 1854 1274 1897 μεσίαυλον
1299 1852 1376 1895 Ch„
1408 1853 1548 1896 Cluen„

189 1897 387 1941 μεσίαυτον
407 1897 474 1931 Ox.
523 1897 653 1932 Eadem
672 1896 888 1943 κιγστὲρνας.

98 2029 153 2060 tus
176 2027 248 2067 est,
270 2029 473 2072 captumque
494 2025 696 2061 trucidavit:
734 2027 929 2061 numerabat
950 2025 1037 2061 enim
1059 2025 1094 2060 in
1117 2025 1266 2062 exercitu
1287 2037 1346 2061 suo
1369 2037 1441 2061 xxx
1462 2025 1545 2061 Mil-

96 2070 143 2106 lia
167 2070 330 2107 Militum:
370 2073 559 2117 Imperator
588 2083 670 2106 vero
702 2072 906 2107 Justinianus
938 2072 998 2106 ubi
1019 2072 1104 2107 haec
1125 2072 1292 2114 audisset,
1325 2071 1544 2114 Phoenicioe,

95 2116 244 2152 Arabiae
273 2122 310 2152 et
331 2117 597 2163 Mesopotamiae
618 2118 789 2160 Ducibus,
819 2117 1072 2153 Provinciamm
1094 2118 1195 2153 etiam
1218 2118 1439 2162 Phylarchis,
1478 2129 1544 2162 per

94 2161 212 2198 literas
233 2162 432 2209 imperavit,
455 2163 506 2197 uti
527 2164 653 2208 egressi
688 2176 800 2199 omnes
831 2163 1091 2198 Alamundarum
1123 2164 1375 2209 exercitumque
1398 2164 1468 2207 ejus
1490 2163 1545 2196 in-

94 2215 326 2253 sequerentur.
372 2209 456 2244 Sine
477 2221 570 2243 mota
594 2209 699 2254 igitur
722 2210 865 2244 Arethas
886 2209 1096 2254 Phylarcha,
1131 2210 1315 2255 Gnuphas,
1348 2221 1422 2244 cum
1445 2208 1545 2243 Naa-

95 2265 205 2296 mane,
227 2253 404 2299 Dionysius
433 2255 533 2289 etiam
564 2255 768 2290 Phoeniciae
790 2255 888 2298 Dux,
936 2260 971 2290 et
992 2255 1138 2290 Joannes
1166 2255 1244 2289 Dux
1279 2253 1543 2299 Euphratesiae,

95 2310 170 2334 cum
200 2300 400 2335 Sebastiano
425 2300 639 2343 chiliarcho,
679 2300 784 2346 copiis
806 2301 872 2336 suis
889 2300 1015 2345 junctis
1046 2300 1195 2336 omnibus
1219 2299 1382 2334 exierunt.
1439 2298 1542 2340 Quod

95 2343 155 2379 ubi
174 2345 359 2381 audivisset
381 2346 620 2381 Alamundarus
640 2347 849 2388 Saracenas,
880 2346 915 2380 in
936 2345 1090 2391 regiones
1111 2346 1263 2387 Indicas,
1296 2357 1363 2379 una
1385 2355 1460 2378 cum
1483 2355 1541 2378 co-

96 2388 162 2435 piis
182 2401 264 2436 quas
286 2391 405 2426 habuit
427 2392 651 2434 saracenicis,
673 2404 709 2427 se
733 2392 881 2439 recepit:
910 2392 1018 2433 Quem
1041 2392 1155 2427 Duces
1176 2397 1211 2426 et
1233 2390 1447 2434 Phylarchae
1468 2389 1542 2424 Ro-

95 2433 184 2469 mani
214 2447 287 2472 oum
309 2436 416 2482 copiis
446 2437 511 2472 suis
532 2437 677 2472 insecuti
698 2450 774 2472 cum
808 2438 1018 2484 prehendere
1049 2449 1116 2473 non
1139 2441 1320 2491 poterant,
1363 2435 1433 2469 iter
1461 2434 1542 2469 inde

95 2491 191 2514 suum
211 2480 429 2518 inPersidem
451 2483 594 2518 ducunt:
619 2483 676 2518 ubi
697 2483 915 2519 Alamundari
937 2483 1092 2518 tentoriis
1116 2481 1270 2527 direptis,
1293 2481 1464 2524 ingentem
1486 2485 1541 2515 et-

94 2524 160 2559 iam
182 2525 349 2570 virorum,
372 2527 545 2564 mulierum
558 2554 570 2572 ,
590 2540 834 2575 puerorumque
856 2530 991 2564 turbam
1013 2528 1182 2575 captivam
1203 2527 1283 2560 inde
1305 2526 1539 2560 abduxerunt:

95 2570 238 2606 camelos
260 2572 360 2608 etiam
383 2574 558 2609 dromades
576 2576 794 2619 jumentaque
816 2574 884 2609 alia
906 2575 1060 2617 diversa,
1083 2577 1250 2619 quotquot
1271 2571 1414 2606 inveniri
1439 2575 1540 2616 pote-

94 2621 194 2657 raut,
230 2628 293 2662 pro
315 2619 443 2664 praeda
465 2621 664 2655 habuerunt.
721 2620 916 2662 Quinetiam
944 2618 1096 2654 Castellis
1118 2619 1295 2652 Persarum
1318 2621 1463 2670 quatuor
1483 2615 1538 2650 in-

95 2661 213 2696 cendio
237 2661 346 2705 datis,
367 2665 542 2711 captisque
565 2666 626 2712 qui
643 2666 680 2701 in
701 2666 749 2702 eis
772 2666 1006 2714 erantfersis
1028 2669 1064 2700 et
1086 2663 1286 2706 Saracenis,
1309 2668 1454 2698 ueteres
1476 2662 1539 2697 do-

93 2717 180 2741 mum
202 2713 426 2746 revertuntur.

182 2785 292 2821 Porro
315 2786 501 2834 Imperator
515 2790 693 2837 Dagisthei
714 2790 807 2837 quod
830 2794 955 2826 vocant
977 2788 1136 2824 Balneum
1159 2786 1349 2828 Publicum,
1372 2785 1538 2821 Constan-

94 2830 236 2878 ιιιΜΡΟΗ
259 2831 335 2869 olim
358 2834 402 2870 ab
425 2835 599 2872 Anastasio
620 2836 836 2880 inchoatum,
858 2834 1106 2871 exaedificavit.
1152 2832 1316 2868 Extruxit
1337 2831 1439 2868 etiam
1462 2832 1539 2866 Me-
