1838 3230
285 177 379 225 128
677 171 971 217 IOANNIS
999 174 1329 220 MALALAE

279 289 470 349 ἡγεμόνες
491 293 556 335 καὶ
578 290 599 335 ὅ
622 290 738 348 ἡμῶν
756 291 931 348 στρατὸς
949 291 1263 349 ἓθαμβήθημεν.
1334 296 1401 338 καὶ
1424 295 1531 351 ,μετὰ
1553 301 1742 355 κραυγῆς.

282 361 321 404 οἶ
345 365 485 415 Τρῶες
508 360 593 415 ἅμα
615 365 671 419 τῷ
694 359 882 413 Μέμνονι
903 362 968 403 καὶ
988 367 1072 411 τοῖς
1091 365 1244 412 λοιποῖς
1262 361 1496 419 ἐπέρχονται
1511 362 1630 420 ἡμῖν·
1663 367 1740 409 καὶ.

281 427 487 485 δεχόμεθα
506 429 579 484 τὴν
601 427 730 484 ὁρμὴν
749 427 885 471 αὐτῶν
903 430 968 471 καὶ
987 431 1128 472 πολλοὶ
1145 431 1499 503 τραυματίζοντοδς.
1561 431 1732 477 πιπτόν-

282 515 363 541 των
389 498 435 539 ὃὲ
456 501 616 539 πολλῶν
635 495 764 551 ὄχλων
781 496 823 547 ἐξ
845 494 981 551 ἡμῶν,
1018 496 1131 553 ἡμεῖς
1150 499 1188 540 οἳ
1208 496 1396 554 ἡγεμόνες
1417 498 1618 555 Ἑλλήνων
1637 500 1730 545 ἄνε-

278 569 491 622 χωροῢμεν
522 564 580 619 μὴ
608 563 882 620 ὖποφέροντες
910 564 984 621 τὴν
1011 570 1085 609 τοῦ
1113 564 1300 621 πλήθους
1319 569 1437 620 βίαν·
1473 567 1578 623 εἶχον
1599 569 1765 614 denam

282 634 358 684 τὰς
375 631 490 688 ἡμῶν
509 637 608 682 ναῦς
628 637 775 675 καῦσαι
797 632 835 675 οἷ
850 630 1077 690 βάρβαροι,
1116 636 1151 676 εἲ
1167 634 1225 690 μὴ
1251 635 1323 685 νὺξ
1350 636 1515 691 ἐπῆλθε.
1585 641 1660 693 τῆς
1687 637 1733 680 δὲ

283 702 428 751 νυκτὸς
459 701 695 756 γενομένης,
733 699 1014 745 συνελθόντων
1036 700 1236 757 Ἑλλήνων
1257 702 1344 757 ἅμα
1364 708 1421 762 τῷ
1443 706 1532 763 ἰδίῳ
1551 708 1732 764 στρατῷ,

284 772 352 813 καὶ
373 766 664 825 συναγαγόντες
680 767 731 811 τὰ
750 766 922 823 σώματα
938 774 1175 827 τεφροῦμεν.
1244 776 1294 828 τῇ
1315 772 1359 815 δὲ
1380 772 1483 829 αὐτῇ
1500 774 1614 816 νυκτὶ
1629 777 1736 828 βου-

232 851 265 885 Ε
288 836 494 892 λευόμεθα
512 838 575 887 τίς
590 842 671 880 τῶν
687 837 888 890 βασιλέων
907 836 1077 880 δύναται
1099 838 1330 894 ἀντιστῆναι
1351 842 1418 883 καὶ
1433 838 1611 896 ὁρμῆσαι
1630 839 1738 885 κατὰ

281 911 356 949 τοῦ
395 906 635 959 Μέμνονος,
671 909 752 948 τῶν
774 904 907 948 ἄλλων
937 907 993 956 εἷς
1011 905 1064 949 τὰ
1082 904 1224 962 πλήθη
1243 907 1548 963 ἀσχολουμένων
1566 911 1634 952 καὶ
1648 923 1733 964 μα-
1743 918 1790 954 10

279 974 477 1030 χομένων.
547 971 696 1029 κλήρου
720 974 764 1016 δὲ
780 974 991 1029 γενομένου
1017 972 1180 1018 πάντων
1200 973 1315 1030 ἡμῶν
1335 973 1539 1031 ἡγεμόνων
1558 981 1736 1036 κληροῦ-

283 1060 352 1085 ται
371 1039 475 1084 κατά
493 1059 583 1084 τινα
603 1039 728 1096 τύχην
747 1042 859 1091 Αἴας
882 1040 902 1084 ὅ
927 1040 1206 1097 Τελαμώνιος,
1245 1041 1266 1086 ὅ
1288 1043 1383 1098 ἐμὸς
1411 1042 1599 1102 ἀδελφός.
1667 1046 1736 1089 καὶ

284 1113 378 1167 πρὶν
398 1109 423 1165 ἢ
445 1108 558 1164 ἥλιον
581 1109 766 1152 ἀνελθεῖν
788 1108 1038 1166 ἐξερχόμεθα
1065 1111 1104 1153 οἱ
1124 1110 1311 1166 Ἓλληνες
1341 1110 1601 1168 ὁπλισάμενοι
1630 1111 1736 1157 πάν-

284 1196 375 1230 τες,
412 1176 562 1232 ὁμοίως
588 1178 631 1220 δὲ
662 1180 728 1220 καὶ
759 1178 797 1220 οἶ
829 1182 968 1234 Τρῶες
997 1180 1064 1221 καὶ
1084 1176 1105 1221 ὃ
1127 1179 1312 1234 Μέμνων
1321 1212 1335 1233 ,
1371 1181 1562 1234 βασιλεὺς
1579 1180 1732 1234 Ἰνδῶν,

284 1249 352 1289 καὶ
375 1244 509 1288 πάντα
537 1245 590 1288 τὰ
620 1244 760 1300 πλήθη
787 1245 934 1289 αὐτῶν.
1003 1248 1070 1288 καὶ
1090 1252 1301 1303 συμβολῆς
1318 1249 1530 1305 γενομένης
1545 1250 1614 1292 καὶ
1630 1253 1732 1294 πολ-
1745 1253 1791 1290 15

165 1324 199 1360 V
220 1324 267 1361 54
289 1319 370 1358 λῶν
387 1312 604 1366 πεσόντων,
641 1311 662 1356 ὅ
683 1314 779 1368 ἐμὸς
797 1313 972 1370 ἀδελφὸς
989 1315 1102 1364 Αἴας
1118 1313 1307 1366 κελεύσας
1323 1323 1409 1366 τοῖς
1423 1321 1634 1370 βασιλεῦσι
1652 1321 1736 1362 τῶν

280 1380 482 1437 Ἑλλήνων
503 1382 600 1431 τούς
619 1381 766 1431 ἄλλους
785 1380 1024 1435 ἀμύνασθαι
1039 1382 1193 1432 Ἰνδοὺς
1211 1385 1278 1425 καὶ
1299 1389 1470 1441 Τρῶας,
1506 1383 1614 1445 ὁρμᾷ
1630 1385 1736 1429 κατὰ

284 1456 359 1494 τοῦ
378 1451 621 1504 Μέμνονος,
655 1450 855 1504 βασιλέως
865 1449 1003 1493 Ἰνδῶν
1013 1483 1026 1503 ,
1064 1455 1136 1493 τοῦ
1157 1449 1291 1507 ἥρωος
1304 1451 1535 1507 Ἀχιλλέως,
1564 1458 1639 1497 τοῦ
1658 1456 1735 1496 σοῦ’

142 1528 174 1562 0
200 1529 267 1565 163
288 1519 472 1576 γενέτου,
511 1517 681 1561 ὄπισθεν
719 1516 1052 1573 συνεπισχύοντος
1081 1523 1138 1577 τῷ
1167 1519 1340 1573 Αἴαντι,
1377 1518 1522 1563 ἑαυτὸν
1553 1519 1735 1577 ἀποκρύ-

226 1602 229 1605 ’
283 1605 406 1632 πτων.
477 1584 499 1630 ὅ
524 1587 568 1629 δὲ
590 1586 774 1641 Μέμνων
801 1586 1085 1643 προσεσχηκώς
1102 1591 1158 1647 τῷ
1176 1588 1328 1630 Αἴαντι
1348 1588 1434 1631 κατ’
1457 1588 1583 1632 αὐτοῦ
1603 1587 1791 1647 ὁρμή-20

354 1760 361 1767 «
378 1743 433 1779 19.
458 1737 713 1784 ἀποκρύπτων]
739 1735 1038 1783 ἀποκρύπτοντας
1055 1740 1120 1778 Ch.
1166 1741 1276 1783 Quem
1292 1743 1430 1787 fugerat
1448 1744 1638 1777 structurae
1654 1742 1737 1777 bar-

374 1788 488 1822 baries
511 1787 656 1822 Malalae
679 1786 780 1830 eique
801 1785 958 1820 similibus
981 1787 1152 1831 frequens.
1203 1787 1278 1822 Vid.
1303 1800 1337 1833 p.
1362 1790 1416 1824 21.
1442 1789 1483 1830 A,
1506 1787 1563 1823 24.
1587 1788 1629 1830 Β,
1655 1789 1734 1823 130.

377 1835 430 1875 D,
456 1833 522 1868 vol.
546 1833 590 1866 11.
616 1844 650 1876 p.
674 1833 730 1867 65.
756 1832 796 1873 Β,
821 1833 876 1866 69.
900 1832 942 1873 Β,
963 1834 1019 1867 73.
1043 1832 1087 1874 D,
1112 1833 1166 1869 76.
1192 1833 1234 1867 D.
1284 1834 1380 1879 Apud
1403 1834 1575 1868 Pollucem
1596 1845 1631 1879 p.
1653 1834 1734 1868 270.

378 1878 504 1913 codicis
526 1877 694 1922 scriptura
716 1875 847 1922 ἤγαγεν
871 1876 910 1912 ἐκ
932 1879 997 1922 τῆς
1018 1875 1230 1922 ἡλιούπολιν
1253 1874 1367 1914 οὖσα-ν
1396 1880 1462 1924 τῆς
1489 1881 1646 1924 Φρυγίας
1668 1890 1735 1913 non

376 1924 412 1958 in
437 1922 702 1960 Ἡλιουπόλεως
734 1921 845 1969 οὔσης
867 1935 940 1958 cum
971 1924 1117 1958 Hardtio
1148 1925 1401 1966 convertenda,
1434 1924 1492 1960 sed
1522 1925 1735 1959 scribendum

371 1964 772 2052 Ἰλίιίτξὸπὶἱόλινρὲὃῦσῧα
821 1968 898 2004 Alia
920 1970 1015 2005 huius
1038 1970 1171 2016 generis
1193 1982 1227 2009 v.
1249 1971 1339 2017 apud
1360 1970 1499 2005 Hasium
1521 1970 1564 2006 ad
1587 1970 1735 2005 Leonem

378 2029 415 2063 p.
514 2041 522 2050 .
582 2040 594 2057 ,
688 2041 697 2050 .
754 2038 764 2049 .

289 2153 526 2198 exercitusque
553 2151 758 2187 consternati
792 2162 910 2186 sumus.
971 2150 1129 2186 Clamore
1161 2151 1278 2196 itaque
1303 2150 1454 2194 sublato,
1485 2150 1632 2195 Trojani
1660 2162 1735 2186 cum

288 2202 468 2236 Memnone
491 2197 694 2243 reliquisque
717 2209 776 2232 nos
799 2196 951 2242 aggressi
974 2201 1071 2238 sunt;
1095 2208 1234 2241 quorum
1257 2196 1324 2231 vim
1347 2197 1487 2241 primam
1511 2197 1736 2241 suscepimus3

287 2246 400 2281 multis
421 2245 497 2278 hinc
519 2243 598 2278 inde
621 2242 816 2277 vulneratis.
863 2242 932 2276 Ubi
954 2253 1036 2276 vero
1061 2242 1292 2287 quamplurimi
1315 2253 1357 2276 ex
1379 2242 1500 2277 nostris
1524 2242 1735 2284 cecidissent,

288 2304 352 2326 nec
381 2291 519 2335 amplius
549 2289 774 2323 Barbarorum
805 2287 945 2332 impetui
975 2287 1167 2321 sustinendo
1200 2299 1359 2329 essemus,
1394 2287 1438 2322 ad
1471 2299 1572 2322 naves
1594 2286 1736 2322 recessi-

288 2349 369 2373 mus.
418 2336 488 2370 Sed
511 2339 548 2369 et
568 2334 643 2369 illas
663 2334 784 2374 etiam,
816 2333 879 2367 nisi
901 2343 968 2366 nox
991 2333 1226 2377 superveniens
1248 2332 1468 2375 inhibuisset,
1489 2333 1636 2366 Barbari
1659 2343 1736 2366 cre-

289 2386 444 2418 massent.
491 2381 606 2415 Nocte
629 2384 741 2413 autem
762 2379 964 2422 ingruente,
989 2377 1171 2412 exereitum
1190 2379 1446 2422 recolligentes,
1471 2377 1653 2412 occisorum
1675 2388 1736 2412 ca-

290 2428 420 2462 davera
443 2425 686 2461 combussimus.
745 2424 927 2458 Consilium
951 2433 1084 2467 quoque
1108 2423 1224 2458 eadem
1246 2430 1346 2457 nocte
1366 2423 1504 2463 initum,
1539 2422 1613 2466 quis
1646 2422 1736 2456 inter

289 2474 402 2518 Reges
434 2476 566 2506 nostros
590 2481 652 2515 par
673 2469 843 2504 Memnoni
875 2467 1159 2512 congrederetur;
1198 2468 1341 2503 caeteris
1369 2467 1505 2501 interim
1528 2466 1640 2512 copias
1664 2468 1737 2511 ejus

289 2520 435 2563 impigre
458 2516 694 2552 adorientibus.
741 2515 898 2550 sortibus
929 2518 1038 2547 autem
1070 2513 1160 2547 inter
1191 2513 1304 2547 Duces
1334 2523 1444 2547 omnes
1467 2512 1609 2554 ductis,.
1635 2512 1737 2556 Ajaci

290 2563 512 2605 Telamonio‚
544 2561 645 2596 fratri
666 2571 760 2602 meo,
794 2560 859 2594 hoc
881 2558 989 2603 (fatis
1009 2557 1060 2591 ita
1083 2558 1294 2601 volentibus)
1318 2558 1438 2592 sortito
1463 2557 1600 2602 obtigit.
1647 2559 1737 2592 Ante

290 2610 396 2653 igitur
419 2608 499 2644 solis
521 2613 649 2648 ortum,
685 2605 812 2640 Graeci
834 2605 870 2639 in
894 2604 1000 2638 aciem
1023 2602 1142 2636 armati
1165 2614 1274 2636 omnes
1298 2601 1553 2647 progredimuu
1589 2602 1677 2637 sicut
1700 2607 1738 2637 et

292 2655 459 2698 Troiani,
482 2665 556 2688 cum
578 2652 737 2686 Indorum
760 2662 844 2695 rege
866 2649 1060 2689 Memnone,
1085 2648 1302 2692 exercituque
1324 2648 1421 2681 omni.
1467 2648 1602 2682 Praelio
1626 2651 1741 2682 autem·

294 2700 483 2740 commisso,
506 2697 685 2742 multisque
709 2696 922 2737 cadentibus,
947 2696 1055 2729 frater
1077 2704 1166 2727 meus
1189 2694 1295 2737 Ajax3
1318 2693 1413 2736 signo
1438 2693 1648 2728 Graecorum
1671 2693 1735 2727 du·-

293 2744 387 2778 cibus
418 2745 519 2785 dato,
555 2743 605 2777 uti
627 2744 797 2786 Trojanos
828 2741 996 2785 Indosque
1030 2737 1175 2783 reliquos
1199 2739 1452 2782 propulsarent;
1488 2738 1560 2783 ipse
1584 2738 1735 2772 Memno—-

295 2800 389 2830 nem,
420 2789 577 2823 Indorum
600 2800 734 2833 regem,
767 2788 906 2822 adortus
938 2790 1010 2832 θεὶς
1049 2784 1162 2817 Hero&
1184 2783 1337 2836 interim·
1352 2783 1503 2825 Achille,
1540 2788 1639 2828 patre
1661 2788 1736 2824 tuo,

295 2835 382 2869 clam
403 2846 480 2869 eum
502 2845 523 2870 a
544 2838 641 2879 tergo
670 2834 923 2870 corroborante.
968 2830 1125 2866 Memnon
1145 2839 1247 2872 vero,
1281 2829 1340 2864 ubi
1362 2829 1498 2874 Ajacem
1519 2828 1583 2863 sibi
1606 2839 1735 2874 appro-
