1838 3230
288 191 389 239 432
611 248 615 255 ¹
685 187 980 235 10ANN15
1007 190 1348 235 MALALAE

292 312 490 350 συντελεῖν
510 307 637 362 αὐτὴν
665 307 877 350 ἐκέλευσεν.
946 307 988 351 ἓν
1014 308 1117 365 αὐτῇ
1148 309 1192 351 ὃὲ
1219 314 1270 366 τῇ
1296 307 1408 354 πόλει
1433 303 1622 354 ἐκάθισεν
1648 309 1740 367 ἆραι-

233 377 263 410 Β
295 375 404 430 θμόν
422 379 682 432 στρατιωτῶν
698 374 920 430 Ῥωμαίων,
956 374 1044 430 ἤτοι
1064 377 1244 430 Ἰταλῶν,
1279 378 1500 434 λεγομένων
1529 376 1740 429 Ἱσπανῶν,

293 444 390 493 δοὺς
417 444 555 493 αὐτοῖς
577 446 643 486 καὶ
679 448 895 499 τριβοῦνον
937 444 1011 487 σὺν
1037 444 1176 495 αὐτοῖς
1205 443 1477 502 φυλάττοντα
1536 439 1597 501 >ἦν
1627 446 1674 489 δὲ
1698 446 1740 488 ἓν

290 517 342 570 τῇ
363 510 475 554 πόλει
493 514 740 567 συναλλαγαὶ
761 511 969 565 Ῥωμαίων
989 529 1031 555 τε
1053 515 1118 555 καὶ
1141 512 1320 557 Οῧννων.

388 578 436 622 ‘0
475 580 518 621 δὲ
565 579 689 629 αὐτὸς
734 580 809 636 ῥῆξ
849 578 870 622 ὅ
913 579 1122 636 γενόμενος
1157 582 1389 636 χριστιανός
1442 581 1636 626 ἀπελθὼν
1678 582 1775 627 ἔπῖὄ

289 648 365 702 τὴν
390 649 496 689 {dim
535 646 677 702 χώραν
720 649 890 703 πλησίον
921 647 1140 704 Βοσπόρου
1183 645 1271 706 εὗρε
1308 650 1379 693 τὸν
1409 650 1512 694 ἴδιον
1541 647 1741 708 ἀδελφόν

292 718 359 758 καὶ
379 714 502 765 ἐάσας
523 715 648 758 αὐτὸν
665 716 769 770 μετὰ
800 716 999 771 βοηθείας
1023 715 1219 772 Οὓννικῆς
1258 716 1520 774 ἀνεχώρησεν.
1604 718 1744 774 ἔσεβον

294 785 339 826 δὲ
358 784 397 826 οἳ
418 783 534 826 αὐτοὶ
565 778 710 826 Οῧννοι
735 782 975 839 ἀγάλματα·
1020 787 1087 827 καὶ
1117 784 1310 839 λαβόντες
1344 786 1448 829 αὐτὰ
1493 784 1742 842 ἐχώνευσανρ

144 858 176 891 Ο
205 857 271 892 162
295 848 399 908 ἦσαν
421 852 498 907 γὰρ
518 851 676 908 ἀργυρᾶ
694 854 760 894 καὶ
778 852 1011 907 ἠλέκτρινα·
1041 855 1107 895 καὶ
1129 852 1384 909 κατήλλαξαν
1403 853 1508 897 αὐτὰ
1523 856 1565 898 ἐν
1577 851 1745 898 Βοσπό-

295 938 369 978 ρῳ,
406 918 600 973 λαβόντες
622 919 705 963 ἀντ’
727 920 862 963 αὐτῶν
882 922 1118 978 μιλιαρίσια.
1172 924 1237 964 καὶ
1256 923 1446 976 μανέντες
1470 923 1508 966 οἶ
1527 923 1642 979 ἱερεῖς
1663 926 1746 965 τῶν
1757 925 1802 958 10

294 988 430 1031 αὐτῶν
460 987 627 1031 Οὕννων
660 990 726 1031 καὶ
755 988 937 1044 ἔσφαξαν
959 990 1032 1033 τὸν
1052 990 1156 1046 ῥῆγα
1182 990 1248 1032 καὶ
1278 991 1472 1046 ἐποίησαν
1501 990 1584 1033 ἀντ’
1618 990 1746 1034 αὗτοῦ

244 1064 274 1097 C
297 1057 367 1099 τὸν
398 1056 525 1099 αὐτοῦ
555 1056 731 1113 ἀδελφὸν
773 1060 956 1112 Μοῦγελ.
1036 1059 1102 1100 καὶ
1138 1059 1385 1113 πτοηθέντες
1407 1057 1631 1113 Ῥωμαίους
1671 1053 1748 1114 ἧλ-

293 1130 376 1168 θον
399 1126 440 1166 ἓν
463 1123 666 1182 Βοσπόρῳ
689 1125 755 1167 καὶ
776 1123 995 1182 ἐφόνευσαν
1013 1126 1109 1175 τούς
1133 1125 1416 1182 φυλάττοντας
1435 1126 1510 1182 τὴν
1529 1125 1659 1170 πόλιν.

398 1195 482 1235 Καὶ
504 1191 681 1242 ἀκούσας
702 1197 834 1235 ταῦτα
865 1191 886 1235 ὁ
921 1193 1045 1243 αὐτὸς
1071 1195 1261 1247 βασιλεὺς
1287 1196 1446 1250 ε’ποίησε
1468 1193 1626 1250 κόμητα
1656 1210 1749 1238 στε-

296 1265 377 1304 νῶν
399 1264 472 1315 τῆς
490 1263 697 1315 Ποντικῆς
717 1259 959 1316 θαλάσσης,
998 1261 1043 1304 ὃν
1073 1263 1247 1305 ἐκέλευσε
1275 1267 1493 1319 καθῆσθαι
1528 1264 1570 1305 ἐν
1603 1267 1661 1322 τῷ
1682 1266 1748 1306 λε·
1760 1266 1803 1301 15

295 1329 450 1386 γομένῳ
469 1326 578 1386 Ἱερῷ
623 1331 678 1378 εἷς
699 1328 798 1370 αὐτὸ
819 1329 864 1370 τὸ
896 1331 1063 1383 στομίον
1099 1335 1173 1385 τῆς
1215 1329 1405 1384 Πόντου,
1448 1328 1640 1387 Ἰωάννην
1680 1330 1751 1374 τὸν

296 1396 376 1439 ἀπὸ
396 1394 577 1449 ὑπάτων,
613 1396 855 1445 ἀποστείλας
886 1396 1009 1440 αὐτὸν
1039 1398 1142 1450 μετὰ
1174 1400 1373 1454 βοηθείας
1392 1403 1434 1442 Γ
1430 1403 1612 1454 οτθικῆς.
1683 1400 1751 1441 καὶ

149 1504 197 1536 ὠ,
222 1485 225 1488 “
295 1462 585 1521 ἐπεστράτευσε
609 1464 712 1507 κατὰ
735 1469 815 1507 τῶν
837 1464 971 1507 αὐτῶν
999 1464 1164 1508 Οῧννων
1186 1464 1206 1508 ὃ
1231 1466 1353 1516 αὐτὸς
1370 1466 1563 1520 βασιλεὺς
1583 1466 1751 1521 πέμψας

147 1531 191 1576 0'
211 1543 277 1579 163
301 1533 368 1575 διὰ
394 1537 468 1587 τῆς
500 1532 627 1587 αὐτῆς
652 1536 858 1587 Ποντικῆς
887 1531 1104 1588 θαλάσσης
1135 1538 1256 1576 πλοῖα
1278 1534 1450 1589 γέμοντα
1490 1538 1751 1590 στρατιωτῶν

295 1603 364 1643 καὶ
395 1600 587 1656 ἔξαρχον,
627 1598 777 1654 ὁμοίως
804 1601 849 1642 δὲ
878 1603 944 1642 καὶ
974 1601 1042 1643 διὰ
1073 1606 1146 1657 γῆς
1172 1602 1338 1656 πέμψας
1371 1602 1523 1657 πολλὴν
1550 1600 1806 1658 βοήθειανὲθ

296 1671 363 1712 καὶ
394 1668 623 1726 στρατηγὸν
643 1666 915 1726 Βαὸουάριον.
985 1671 1051 1712 καὶ
1074 1667 1319 1720 ἀκούσαντες
1337 1671 1375 1713 οἱ
1394 1668 1614 1728 βάρβαροι,
1652 1669 1752 1727 ἴφυ-

387 1811 421 1846 4.
454 1808 695 1854 unvammai]
721 1809 923 1855 σνναλλοιγή
949 1810 1032 1853 Ch.,
1058 1808 1339 1854 συναλλάγματα
1363 1812 1592 1858 Theophanes
1614 1823 1648 1858 p.
1673 1813 1750 1850 150.

386 1860 428 1892 A.
521 1859 575 1894 17.
599 1858 776 1902 Γοττικῆς
800 1857 890 1899 Ox.,
914 1861 952 1891 ut
975 1857 1155 1902 aliquoties
1178 1857 1340 1904 scriptum
1363 1857 1456 1905 apud
1479 1858 1681 1895 eedtenum.

300 1980 396 2016 annis
418 1979 618 2025 pendendo:
656 1981 745 2016 unde
768 1983 804 2016 et
825 1992 945 2016 nomen
967 1981 1057 2024 urbi,
1078 1993 1100 2016 a
1123 1982 1270 2016 Tributo
1294 1981 1432 2024 Boario,
1456 1981 1666 2028 Bosphorum
1689 1979 1752 2016 de-

300 2027 362 2060 dit.
410 2027 450 2059 In
475 2028 539 2060 hac
562 2032 672 2061 autem
694 2028 778 2061 urbe
794 2027 940 2061 Militum
959 2027 1194 2069 Romanorum,
1218 2039 1337 2073 nempe
1353 2028 1527 2069 Italorum,
1551 2027 1610 2071 qui
1625 2026 1753 2072 Hispa-

300 2073 338 2106 ni
359 2077 546 2112 vocantur,
580 2073 762 2106 Numerum
787 2072 985 2114 collocavit3
1026 2073 1081 2107 cui
1104 2074 1294 2107 Tribunum
1317 2084 1450 2118 quoque
1473 2071 1658 2118 praefecit,
1694 2071 1754 2117 qui

302 2116 461 2151 cumillis
483 2128 550 2150 una
574 2118 728 2162 [urbem]
764 2118 958 2152 custodiret.
1015 2119 1138 2164 Itaque
1167 2119 1202 2153 in
1225 2119 1342 2154 eadem
1372 2119 1457 2153 urbe
1487 2116 1646 2152 Romanis
1678 2128 1753 2152 cum

301 2163 433 2196 Hunnis
455 2163 653 2197 commercia
677 2163 947 2198 intercesserunt.

390 2228 591 2263 Praedictus
614 2234 724 2264 autem
746 2230 941 2265 Hunnorum
965 2231 1052 2272 Rex,
1078 2231 1285 2266 Christianus
1306 2232 1428 2273 factus,
1451 2230 1486 2265 in
1502 2229 1648 2285 patriam
1662 2241 1752 2265 suam

300 2275 477 2320 Bosphoro
506 2274 649 2309 vicinam
680 2277 862 2310 remeavit:
907 2276 966 2310 ubi
998 2289 1070 2311 cum
1094 2276 1129 2311 in
1158 2279 1300 2312 fratrem
1329 2288 1422 2311 suum
1453 2276 1625 2310 incidisset
1647 2275 1753 2320 copiis

299 2319 462 2354 Hunnicis
486 2320 518 2354 ei
540 2320 734 2363 commissis,
776 2321 856 2355 inde
879 2322 1030 2356 discessit
1051 2323 1134 2368 ipse.
1179 2323 1290 2357 Erant
1313 2326 1423 2356 autem
1445 2321 1562 2355 Hunni
1582 2321 1755 2355 Idolorum

301 2366 481 2406 Cultores3
503 2366 588 2399 haec
609 2366 726 2410 itaque
748 2366 812 2399 sibi
835 2375 1011 2409 sumentes,
1035 2369 1104 2412 (ex
1127 2373 1268 2411 argento
1289 2378 1364 2401 cum
1387 2367 1516 2401 fuerint
1538 2370 1574 2401 et
1597 2366 1752 2411 electro)

300 2411 509 2446 refundunt:
534 2422 722 2456 massasque
745 2422 858 2445 eorum
882 2413 1027 2457 Bospori
1049 2425 1111 2458 pro
1135 2413 1316 2447 Miliarisiis
1339 2415 1583 2457 permutarunt.
1628 2413 1754 2446 Sacer-

302 2457 399 2490 dotes
422 2456 554 2490 interim
577 2458 620 2491 ob
643 2457 706 2491 hoc
727 2456 762 2490 in
784 2456 932 2490 furorem
956 2459 1127 2500 conversi,
1167 2459 1294 2502 Regem
1317 2469 1410 2492 suum
1433 2470 1453 2492 e
1474 2458 1585 2492 medio
1607 2458 1753 2493 tollunt:

303 2506 339 2536 et
361 2501 396 2534 in
420 2503 491 2546 ejus
514 2502 643 2543 locum,
667 2501 803 2547 Mugel,
826 2502 967 2536 fratrem
991 2505 1062 2546 ejus
1085 2503 1268 2538 sufficiunt.
1314 2503 1384 2537 Sed
1408 2508 1444 2537 et
1466 2515 1487 2537 a
1508 2503 1667 2538 Romanis
1689 2502 1756 2537 sibi

302 2550 502 2590 metuentes,
526 2549 736 2593 Bosphorum
758 2547 916 2588 veniunt3
950 2548 1122 2594 Urbisque
1143 2549 1192 2583 ibi
1214 2548 1378 2584 Custodes
1399 2548 1617 2584 interficiunt.

393 2615 584 2660 Imperator
617 2627 698 2650 vero
723 2615 765 2649 de
796 2615 848 2649 his
881 2614 1006 2649 certior
1028 2616 1137 2649 factus
1170 2615 1332 2649 Comitem
1362 2615 1600 2661 Angustiarum
1621 2613 1755 2650 Pontici

303 2659 409 2694 Maris
431 2660 616 2695 Johannem
638 2660 859 2696 Exconsulem
881 2660 1030 2701 creavit3
1062 2672 1160 2705 quem
1183 2660 1332 2695 Gothico,
1355 2673 1452 2695 manu
1474 2662 1684 2702 instructum,
1709 2659 1754 2694 nd

302 2705 444 2739 Hierum
467 2706 559 2750 quod
581 2712 717 2748 vocant,
741 2706 777 2740 in
799 2706 881 2751 ipsis
903 2705 1003 2740 Ponti
1025 2705 1178 2740 faucibus
1202 2706 1383 2741 consedere
1401 2706 1512 2751 jussit.
1559 2705 1754 2747 Quinetiam

302 2750 503 2795 Imperator,
529 2751 687 2786 adversus
709 2752 848 2787 Hunnos
871 2753 972 2786 hosce
995 2762 1086 2786 arma
1109 2756 1269 2793 moturus,
1296 2764 1359 2797 per
1381 2764 1474 2787 mare
1497 2752 1671 2786 Ponticum
1692 2761 1754 2784 na-

303 2807 362 2829 ves
386 2795 549 2829 Militibus
571 2797 771 2839 instructas,
810 2796 999 2842 Classisque
1022 2798 1235 2831 Praefectum
1259 2798 1383 2832 emittit
1404 2800 1598 2832 terrestrem
1619 2806 1754 2840 quoque

305 2840 487 2876 exercitum
508 2842 697 2887 ingentem,
730 2842 896 2879 Baduarii
916 2844 976 2878 sub
996 2842 1103 2879 ductu
1125 2841 1276 2889 expedit.
1337 2842 1516 2882 Caeterum
1539 2840 1682 2882 Barbari
1704 2840 1754 2875 his
