1838 3230
287 153 525 200 IOANNIS
554 152 837 199 MALALAE
867 152 1201 199 CHRONOGR.
1228 153 1277 197 L.
1306 153 1423 199 XVI.
1476 157 1577 206 393

102 277 143 322 οἳ
162 273 370 335 Πρᾶσινοι
391 274 635 331 Ἀντιοχείας
666 275 709 318 ἓν
739 279 798 334 τῷ
827 275 1087 334 πραιτωρίῳ·
1123 275 1191 318 καὶ
1219 273 1360 332 φυγών
1377 272 1573 331 διεσώθη.

101 351 226 390 τοῦτο
245 346 291 389 δὲ
306 344 427 402 γνοὺς
447 342 469 388 ὃ
493 344 671 401 ἔπαρχος
683 342 822 400 Ἱέριος
843 342 1016 400 ἀνήγαγε
1034 348 1094 402 τῷ
1113 348 1280 398 βασιλεῖ
1296 343 1551 404 Ἀναστασίῳ
1565 358 1575 368 ·

103 416 171 459 καὶ
190 414 346 465 εὐθέως
363 411 613 470 προηγάγετο
637 411 658 456 ὃ
682 412 807 463 αὐτὸς
824 414 1019 466 βασιλεὺς
1039 411 1200 469 κόμητα
1227 413 1432 470 ἀνατολῆς
1451 416 1578 457 Κων-

101 481 292 528 στάντιον
319 482 391 526 τὸν
419 482 610 539 Ταρσέα,
648 481 747 532 δοὺς
776 482 889 540 αὐτῷ
927 483 1115 533 ἐξουσίαν
1142 482 1247 525 κατὰ
1286 480 1424 539 πάσης
1455 484 1574 539 ζωῆς,

68 561 92 597 5
104 551 241 609 ἐπειδὴ
259 551 306 596 τὸ
324 548 540 607 Προῖσινον
562 550 687 607 μέρος
702 550 947 607 Ἀντιοχείας
965 554 1254 607 δημοκρατοῦν
1275 549 1470 608 ἐπήρχετο
1493 558 1579 602 τοῖς

101 621 322 678 ἄρχουσιν·
358 618 471 671 ὅστις
489 618 780 671 Κωνστάντιος
805 622 970 676 ἐποίησε
999 622 1069 664 τὸν
1099 622 1231 676 δῆμον
1255 621 1500 676 Ἀντιοχείας
1521 621 1580 664 εἶ’-

102 708 184 734 κειν
214 686 480 745 κελεύσμασιν
505 687 715 746 ἀρχόντων
723 723 738 744 ,
788 689 905 740 ἔτους
931 691 1255 748 χρηματίζοντος
1283 690 1388 734 κατὰ
1422 687 1578 734 Ἀντιό-

97 777 212 816 χειαν
231 755 344 816 φμγ’.

200 827 352 885 Ἐφίλει
370 827 416 869 δὲ
438 823 459 869 ὃ
481 825 607 876 αὐτὸς
623 826 818 880 βασιλεὺς
836 827 882 871 τὸ
898 825 1081 872 Ῥούσιον
1099 827 1224 885 μέρος
1239 830 1579 872 Κωνσταντινου-
1606 831 1637 866 C

7 916 11 921 ·
46 908 92 944 10
101 893 270 950 πόλεως,
295 902 382 946 τοῖς
405 896 449 938 δὲ
466 897 696 953 Πρασίνοις
715 898 782 939 καὶ
801 897 988 948 Βενέτοις
1007 903 1196 957 πανταχῇ
1219 895 1456 955 ἐπεξήρχετο
1476 914 1578 941 στα-

100 963 321 1020 σιάζουσιν.
352 985 355 992 ’

199 1033 248 1079 ‘O
273 1035 319 1078 δὲ
342 1033 469 1085 αὐτὸς
486 1034 680 1087 βασιλεὺς
702 1031 882 1085 ἀκούσας
903 1032 965 1078 ὅτι
988 1033 1231 1092 συνάγονται
1258 1036 1296 1079 οἱ
1315 1035 1500 1092 ’Ἰσαυροι
1525 1037 1580 1086 εἷς

101 1104 176 1161 τὴν
198 1105 307 1146 ι’διάν
329 1103 466 1146 αὐτῶν
480 1101 622 1161 χώραν
639 1095 890 1160 τυραννῆσαι
909 1102 1167 1159 βουλόμενοι,
1207 1104 1362 1155 εὐθέως
1381 1102 1582 1162 ἐπεστρά-

99 1189 218 1217 τευσε
249 1171 346 1216 κατ’
378 1171 537 1215 αὐτῶν·
583 1175 650 1215 καὶ
680 1173 927 1228 ἐπολέμησεν
956 1173 1097 1224 αὐτοῖς
1126 1173 1298 1227 πέμψας
1327 1173 1584 1232 στρατηγοὺς

47 1239 292 1298 15Ἷωάννην
311 1241 382 1284 τὸν
404 1243 568 1297 ἐπίκλην
590 1239 753 1296 κυρτόν,
788 1240 1078 1299 στρατηλάτην
1096 1243 1357 1300 πραισέντου,
1388 1245 1455 1287 καὶ
1477 1245 1584 1287 Λιο-

101 1310 282 1369 γενιανὸν
305 1309 377 1353 τὸν
391 1311 618 1367 πατρίκιον,
644 1310 715 1353 τόν
738 1311 926 1367 συγγενέα
951 1316 1026 1367 τῆς
1045 1310 1308 1368 Αὐγούστας,
1343 1315 1410 1355 καὶ
1433 1311 1585 1364 ἄλλους
1608 1320 1642 1355 O
1669 1320 1735 1357 107

99 1379 204 1435 μετὰ
225 1376 415 1436 πλήθους
440 1383 622 1423 Σκυθῶν
643 1381 708 1421 καὶ
730 1383 771 1421 Γ
767 1384 940 1436 οτθικῆς
970 1382 1038 1423 καὶ
1062 1384 1266 1437 Βεσσικῆς
1293 1379 1442 1438 χειρός.
1516 1383 1583 1425 καὶ

101 1447 286 1504 ἀνήλωσε
317 1447 416 1499 τοὺς
442 1447 595 1499 αὐτοὺς
617 1446 832 1506 Ἰσαύρους
860 1452 928 1492 καὶ
959 1448 1142 1494 ἀπώλεσε
1170 1451 1244 1506 τὴν
1275 1449 1419 1508 χώραν
1448 1451 1587 1495 αῧτῶν

101 1520 168 1561 καὶ
188 1517 263 1568 τὰς
281 1515 418 1568 πόλεις
435 1517 574 1560 αὐτῶν
594 1518 844 1574 κατέστρεψε
870 1521 937 1562 καὶ
962 1521 1221 1576 πυρίκαυστος
1251 1521 1414 1577 ἐποίησε
1436 1520 1489 1564 τὰ
1509 1538 1586 1563 κα-

44 1574 267 1634 ἰοστέλλια
293 1586 445 1639 αὐτῶν,
480 1586 620 1641 λαβὼν
639 1586 927 1641 αι’χμαλώτους
944 1588 1042 1638 τοὺς
1060 1587 1256 1644 ἐξάρχους
1276 1590 1414 1632 αὐτῶν
1434 1591 1489 1640 εἷς
1508 1589 1585 1645 τὴν

102 1655 240 1699 αὐτῶν
267 1656 492 1711 τυραννίδα
519 1658 729 1711 Λογγῖνον
760 1656 832 1698 τὸν
862 1656 942 1699 ἀπὸ
984 1659 1223 1714 μαγίστρων
1260 1658 1333 1701 τὸν
1367 1658 1583 1716 φαλακρὸν
1610 1664 1643 1699 V
1665 1665 1712 1701 39

101 1725 170 1767 καὶ
181 1721 475 1779 Ἀθηνόδωρον
498 1723 570 1767 τὸν
589 1722 784 1779 νεώτερον
806 1727 872 1767 καὶ
891 1727 1142 1781 Λογγινίνην
1157 1727 1229 1770 τὸν
1244 1727 1382 1782 χωλὸν
1403 1729 1470 1770 καὶ
1490 1725 1580 1771 Κό-
1695 1738 1697 1740 ’

102 1810 213 1836 νωνα
244 1791 317 1835 τόν
337 1796 596 1836 Φουσκιανοῦ
622 1792 693 1835 τὸν
714 1793 796 1836 ἀπὸ
816 1792 1045 1837 ἐπισκόπων
1060 1795 1283 1851 Ἀπαμείας
1297 1810 1306 1820 ·
1344 1794 1366 1840 ὅ
1394 1797 1440 1839 δὲ
1457 1799 1580 1853 Λογ-

100 1863 252 1919 γινίνης
271 1865 432 1920 πρῶτος
452 1859 639 1905 ἀπώλετο
660 1862 702 1904 ἐν
722 1866 774 1920 τῇ
798 1867 988 1921 συμβολῇ
1011 1868 1085 1907 τοῦ
1112 1866 1291 1921 πολέμου
1302 1898 1316 1919 ,
1353 1863 1420 1909 ὅτε
1445 1863 1578 1923 ὗπήν-

193 1969 228 2007 4.
254 1972 350 2018 ζωῆς
371 1971 458 2014 ch„
481 1969 600 2018 ζώνης
623 1971 692 2007 Ox.
785 1971 842 2009 24.
868 1970 930 2011 ὅτε
952 1974 1023 2021 γάρ
1049 1974 1114 2010 Ch.

99 2062 307 2106 dunenses,
330 2064 414 2109 fuga
428 2064 546 2098 salvus
562 2064 685 2099 evasit.
733 2065 812 2101 Hoc
838 2063 969 2108 audito,
992 2065 1136 2102 Hierius
1152 2066 1354 2102 Praefectus
1373 2068 1578 2114 Imperatori

101 2121 173 2146 rem
195 2109 336 2145 detulit:
365 2109 423 2155 qui
445 2111 559 2145 statim
579 2111 739 2146 Orientis
764 2111 930 2147 Comitem
954 2113 1150 2159 designavit
1172 2113 1408 2149 Constantium
1426 2116 1581 2150 Tarsen-

101 2167 192 2199 sem,
225 2168 388 2191 concessa
407 2155 510 2191 etiam
525 2157 557 2191 ei
574 2156 610 2191 in
633 2169 749 2192 omnes
767 2162 942 2204 potestate
960 2159 1082 2205 plena;
1118 2172 1161 2195 ex
1180 2171 1220 2194 eo
1240 2161 1333 2205 quod
1354 2160 1491 2195 Prasini
1508 2163 1580 2195 An-

101 2201 252 2237 tiochiae
268 2202 501 2244 dominantes,
532 2203 568 2237 in
589 2204 793 2239 Praefectos
810 2205 1009 2251 frequenter
1024 2205 1254 2251 insurgerent.
1309 2207 1398 2240 Illud
1415 2207 1524 2252 igitur
1544 2207 1579 2241 in

100 2248 231 2294 populo
254 2248 475 2284 Antiochensi
498 2248 722 2285 Constantius
745 2250 838 2296 egit,
879 2257 919 2286 ut
942 2252 1205 2298 Magistratibus
1227 2252 1299 2287 suis
1323 2253 1485 2299 deinceps
1508 2264 1580 2288 mo-

100 2304 174 2330 rem
195 2300 370 2340 gererent.
415 2295 535 2330 Annus
557 2301 634 2330 erat
656 2298 766 2331 Aerae
789 2296 1021 2334 Antiochenae
1044 2309 1175 2333 nxnm.

193 2342 241 2375 At
262 2352 345 2376 vero
368 2340 561 2387 Imperator
591 2342 751 2378 Russatis
774 2343 1161 2390 Constantinopolitanis
1197 2344 1373 2379 admodum
1397 2343 1580 2387 studebat;

102 2384 269 2422 Pminos
291 2399 376 2422 vero
399 2393 436 2422 et
458 2388 629 2431 Venetos,
653 2390 897 2425 tumultuantes
919 2391 1045 2436 ubique
1068 2391 1291 2436 compescuit.

193 2431 320 2468 Audito
344 2438 456 2468 autem
479 2435 571 2479 quod
591 2435 721 2477 Isauri,
745 2435 779 2469 in
798 2436 938 2482 regione
955 2437 1105 2483 ipsorum
1129 2437 1237 2483 copiis
1261 2435 1434 2478 collectis,
1458 2439 1581 2482 tyran-

102 2475 215 2512 niden
236 2477 303 2513 sibi
327 2479 482 2526 arripere
502 2479 539 2514 in
566 2481 675 2516 animo
699 2482 884 2524 haberent3
920 2483 1086 2518 adversus
1108 2495 1167 2518 eos
1192 2494 1283 2517 arma
1306 2481 1433 2523 movit,
1468 2482 1580 2517 missis

102 2522 139 2557 in
161 2523 410 2570 expeditionem
431 2526 541 2569 hanc,
564 2539 639 2562 cum
665 2527 774 2574 copiis
797 2529 981 2574 Scythicis,
1017 2529 1177 2567 Gothicis
1202 2534 1238 2563 et
1260 2527 1427 2570 Bessicis,
1450 2527 1580 2564 Joanne

103 2569 304 2614 cognomine
329 2572 466 2616 Gibbo,
497 2573 696 2609 Praesentis
721 2573 867 2610 Militiae
891 2575 1082 2621 Magistr03
1116 2579 1151 2610 et
1175 2573 1389 2619 Diogeniano
1413 2574 1578 2609 Patricio.

102 2615 280 2660 Augustae
302 2622 468 2662 cognato,
501 2619 647 2665 aliisque
670 2620 823 2655 ducibus.
870 2621 918 2655 Hi
942 2634 1024 2657 vero
1049 2623 1186 2656 Isauros
1219 2620 1303 2654 istos
1330 2619 1579 2665 profligarunt3

103 2664 142 2695 et
165 2660 362 2705 regionibus
392 2676 506 2700 eorum
536 2665 704 2709 vastatis,
740 2667 870 2702 eversis
891 2667 995 2703 etiam
1010 2668 1171 2708 urbibus,
1195 2666 1425 2711 Castellisque
1439 2665 1579 2711 ignibus

103 2706 222 2741 absum
248 2706 307 2749 tis,
342 2707 551 2746 Rebellionis
568 2713 669 2747 etiam
688 2712 788 2748 istius
808 2713 922 2749 Duces
939 2714 1129 2759 primarios,
1150 2712 1341 2757 Longinum
1359 2723 1478 2758 nempe
1494 2713 1577 2747 Cal-

102 2763 192 2795 vum,
250 2753 479 2808 xmagistrum‚
501 2758 757 2794 Athenodorum
780 2759 966 2802 Juniorem,
997 2758 1220 2804 Longininem
1245 2758 1420 2800 Claudum,
1447 2763 1483 2793 et
1506 2759 1578 2794 C⁰·-

101 2809 222 2834 nonem
241 2798 401 2834 Fusciani
420 2801 461 2836 F.
481 2801 735 2852 Exepiscopum
753 2806 989 2851 Apamensem,
1022 2806 1106 2851 [aut
1124 2804 1334 2847 occiderunt,
1357 2804 1439 2850 aut]
1464 2804 1576 2851 capti-

101 2855 164 2880 vos
187 2843 413 2882 abduxerunt.
459 2846 594 2885 Primus
615 2850 734 2897 itaque
756 2851 986 2898 Longinines,
1020 2852 1067 2888 ad
1092 2850 1300 2898 Cotyneum,
1323 2851 1440 2886 urbem
1463 2851 1576 2896 Phry-
