1838 3230
252 151 350 198 248
644 143 942 188 IOANNIS
974 146 1322 190 MALALAE

249 266 423 322 Ἰησοῦν,
445 263 491 315 ὃς
505 260 556 320 ἦν
577 264 799 321 ἄνθρωπος
816 262 978 320 ἀγαθὸς
994 266 1061 307 καὶ
1078 266 1246 318 δίκαιος,
1271 265 1377 322 εἴπερ
1391 264 1473 322 ἄρα
1487 266 1559 308 τὸν
1574 270 1711 310 τοιοῦ-

252 351 325 377 τον
347 333 568 390 ἄνθρωπον
587 335 650 376 δεῖ
665 332 789 388 λέγειν
810 333 876 374 καὶ
898 332 955 387 μὴ
974 330 1088 386 θεόν,
1125 334 1199 376 οὐκ
1217 334 1415 388 ε’ξέλειψεν
1436 332 1560 388 ὀδύνη
1580 334 1623 377 ἐκ
1637 337 1712 389 τῆς

249 402 450 451 Ἰουδαίας
464 399 615 456 χώρας.
675 404 806 442 ταῦτα
828 401 870 443 ἐν
891 407 977 450 τοῖς
996 400 1230 451 Ἰουδαϊκοῖς
1252 400 1561 459 συγγράμμασιν
1581 401 1710 445 αὐτοῦ

253 471 414 522 ἐξέθετο
433 467 453 512 ὃ
472 469 593 518 αὐτὸς
607 466 1040 523 ἸώσηποςἸουδαίοις.

112 531 145 610 3
168 531 238 611 ῗέἑ)
355 538 445 580 Ἐπὶ
472 537 516 579 δὲ
541 540 615 591 τῆς
645 537 854 589 βασιλείας
881 541 954 578 τοῦ
979 537 1104 579 αὐτοῦ
1126 538 1338 580 Κλαυδίου
1362 537 1401 579 οἳ
1420 536 1535 580 αὗτοὶ
1557 536 1745 583 'Arno-5

251 612 337 662 χεΐς
359 603 549 661 κτήτορες
568 606 633 647 καὶ
652 608 812 647 πολῖται
833 603 1048 662 ἀναφορὰν
1067 605 1252 660 ἔπεμψαν
1261 638 1274 658 ,
1313 603 1492 659 δεόμενοι
1512 603 1615 647 ὥστε
1632 622 1713 647 πα-

255 677 507 730 ρασχεθῆναι
529 672 668 722 αὗτοῖς
696 672 917 722 ἀπὸ-θείας
946 673 1073 715 αὐτοῦ
1105 672 1317 723 κελεύσεως
1351 673 1635 728 ἀγορασθῆναι
1657 672 1715 716 τὰ

249 740 454 795 Ὀλύμπια
475 740 554 783 ἀπὸ
576 744 658 783 τῶν
676 742 866 783 Πισαίων
883 744 956 795 τῆς
973 739 1166 790 Ἑλλάδος
1181 739 1320 796 χώρας
1340 741 1420 783 ἀπὸ
1440 746 1522 784 τῶν
1544 741 1715 796 ἐτησίων

254 807 469 865 προσόδων
500 813 582 851 τῶν
614 809 820 852 εἀθέντων
851 806 1074 865 χρημάτων
1101 809 1212 865 παρὰ
1241 811 1445 861 Σωσιβίου
1473 808 1581 858 τινὸς
1615 824 1716 864 συγ-

254 881 457 932 κλητικοῦ,
483 877 734 931 συμπολίτου
757 876 905 919 αὐτῶν.
977 879 1044 919 καὶ
1062 878 1258 934 παρέσχεν
1279 877 1417 926 αὐτοῖς
1437 875 1635 933 ἀγοράσαι
1660 876 1713 919 τὰ
1726 887 1770 921 10

253 941 453 999 Ὀλύμπια
473 943 493 987 ὃ
518 944 642 994 αὐτὸς
661 942 870 994 Κλαύδιος
888 943 1099 998 βασιλεύς,
1138 945 1253 994 ἔτους
1270 947 1588 1000 χρηματίζοντος
1608 944 1714 988 κατὰ

251 1014 348 1062 τοὺς
369 1013 584 1066 Ἀντιοχεῖς
610 1011 769 1067 Σύρους
804 1010 883 1065 bss'.
955 1017 1075 1055 τοῦτο
1100 1014 1143 1055 δὲ
1163 1014 1355 1067 ἐποίησαν
1375 1013 1413 1055 οἳ
1433 1012 1550 1056 αὐτοὶ
1561 1013 1718 1056 Ἀντιο-

249 1088 333 1136 χεῒς
355 1082 605 1134 λυπηθέντες
626 1081 729 1135 πρὸς
760 1081 856 1129 τοίς
874 1081 1206 1134 πολιτευομένους
1233 1085 1306 1135 τῆς
1327 1080 1454 1136 αὐτῆς
1474 1078 1628 1130 πόλεως
1649 1080 1718 1122 διὰ

254 1149 330 1198 τὰς
348 1147 579 1203 προσόδους
600 1148 675 1198 τὰς
697 1149 1003 1204 προειρημένας,
1025 1149 1137 1205 παρὰ
1149 1150 1352 1202 Σωσιβίου
1370 1149 1561 1198 εἀθείσας
1577 1152 1628 1205 τῇ
1641 1145 1719 1191 πό-

210 1221 240 1255 Β
264 1222 320 1260 λει
353 1216 510 1259 αὐτῶν·
547 1218 638 1272 περὶ
672 1210 718 1258 οὗ
747 1218 951 1270 Σωσιβίου
975 1215 996 1259 ὃ
1016 1217 1144 1273 σοφὸς
1170 1215 1456 1273 χρονογροῖφος
1473 1218 1717 1266 Παυσανίας
1729 1226 1772 1262 15

257 1285 419 1335 ἐξέθετο
450 1283 512 1326 ὅτι
539 1284 647 1326 εἴασε
674 1288 869 1326 τελευτῶν
887 1285 991 1326 κατὰ
1010 1283 1214 1339 διαθήκας
1233 1289 1283 1341 τῇ
1300 1289 1380 1327 τῶν
1395 1285 1626 1339 Ἀντιοχέων
1643 1301 1719 1338 μεη

257 1351 361 1409 γάλῃ
383 1350 494 1394 πόλει
529 1350 731 1405 Σωσίβιός
762 1369 822 1401 τις
852 1351 1014 1406 ἐτησίαν
1042 1351 1245 1407 πρόσοδον
1262 1354 1432 1407 χρυσίου
1451 1351 1632 1395 τάλαντα
1650 1355 1719 1394 δε·-

259 1421 451 1463 καπέντε·
489 1419 605 1461 ἅτινα
636 1421 678 1461 ἐν
707 1426 792 1468 τοῖς
824 1419 1011 1476 ἀνωτέρω
1035 1418 1198 1475 χρόνοις
1219 1424 1291 1462 τοῦ
1310 1418 1556 1475 Αὐγούστου
1568 1420 1720 1462 Ὀκτα-

259 1493 403 1542 βιανοῢ
433 1487 745 1543 προγέγραπται.
817 1487 869 1529 τὰ
899 1488 943 1529 δὲ
972 1492 1044 1542 τῆς
1075 1485 1281 1544 προσόδου
1301 1485 1422 1542 εῗάθη
1446 1490 1500 1537 εἷς
1518 1487 1565 1530 τὸ
1587 1489 1719 1530 ἔπιτε-

260 1560 422 1598 λεΐσθαι
441 1562 526 1604 τοῖς
545 1554 683 1604 αὐτοῖς
708 1556 974 1609 συμπολίταις
1008 1555 1112 1597 κατὰ
1139 1559 1332 1610 πενταετῆ
1349 1554 1499 1612 χρόνον
1518 1553 1775 1612 πολύτρο-Ξο

260 1642 337 1666 πον
366 1624 472 1665 θέαν
501 1624 563 1665 ἐπὶ
592 1621 747 1679 ἡμέρας
775 1620 812 1664 λ’
845 1625 942 1677 μηνὶ
970 1621 1268 1680 ὖπερβερεταίῳ
1305 1627 1363 1680 τῷ
1406 1625 1473 1666 καὶ
1509 1623 1721 1681 ὄκτωβρίῳ

261 1695 482 1747 σκηνικῶν,
519 1694 753 1745 θυμελικῶν
787 1692 854 1733 καὶ
884 1695 1082 1748 τραγικῶν
1107 1692 1174 1734 καὶ
1194 1690 1389 1746 ἀθλητῶν
1407 1690 1545 1748 ἀγῶνα
1563 1693 1631 1734 καὶ
1651 1691 1721 1733 ἶπ-

353 1825 388 1858 2.
424 1820 603 1866 ἕξέλειψεν
627 1823 712 1866 Ch.,
743 1820 904 1867 ἕξέλιψεν
929 1822 998 1857 Ox.
1134 1820 1169 1857 4.
1203 1819 1419 1867 Ἰουδαίοις]
1451 1817 1631 1876 Ἰουδαῖος
1655 1820 1720 1857 eh.

354 1870 387 1903 8.
414 1869 577 1925 Htcaz'cgv
601 1869 678 1912 Ch„
705 1869 846 1906 Πισέων
870 1870 936 1902 Ox.
986 1866 1045 1925 Sic
1068 1871 1104 1902 et
1127 1880 1160 1913 p.
1184 1881 1254 1914 seq.
1278 1880 1311 1902 v.
1337 1869 1371 1903 5.
1479 1869 1534 1903 10.
1560 1866 1719 1911 αυτούς]

355 1913 483 1958 „Lego
506 1918 672 1957 αυτοῖς.66
694 1915 759 1951 Ch.
851 1916 907 1951 19.
929 1915 1219 1959 προγεγραπται]
1244 1927 1279 1960 p.
1301 1915 1358 1951 95.
1380 1913 1423 1948 B.
1524 1957 1527 1959 ι
1618 1921 1647 1956 1

267 2024 386 2060 minem
409 2025 501 2060 illum
523 2027 647 2062 bonum
682 2040 723 2062 ac
754 2029 899 2073 justumz
932 2027 961 2062 si
984 2028 1083 2063 modo
1107 2026 1282 2062 Hominem
1305 2026 1466 2072 (inquit)
1490 2025 1581 2060 illum
1604 2026 1657 2070 fas
1678 2025 1723 2061 sit

268 2071 384 2105 dicere
408 2075 443 2104 et
465 2083 533 2105 non
556 2072 662 2106 Deum
686 2075 816 2118 potius,
841 2073 899 2118 qui
922 2073 999 2107 talis
1022 2072 1137 2107 fuerit.
1184 2073 1283 2106 Haec
1305 2072 1469 2117 Josephus
1492 2071 1550 2106 ille
1571 2071 1723 2107 Judaeus

266 2116 311 2150 in·
325 2116 437 2150 Libris
460 2116 525 2151 suis
550 2117 592 2151 de
615 2118 819 2152 Judaeorum
842 2117 1110 2162 Antiquitatibus
1132 2117 1260 2163 scripta
1282 2118 1432 2162 reliquis.

361 2162 490 2196 Eodem
519 2162 708 2207 imperante
733 2164 895 2205 Claudio,
931 2164 1099 2198 Primores
1122 2168 1157 2197 et
1180 2163 1324 2208 populus
1346 2162 1572 2197 Antiochenus
1593 2161 1638 2196 ad
1660 2161 1723 2196 im-

272 2211 467 2251 peratorem
490 2208 705 2250 referebant,
730 2210 772 2242 ab
798 2222 837 2243 eo
861 2213 1037 2254 petentes,
1071 2208 1123 2243 uti
1146 2208 1261 2242 divino
1285 2209 1355 2252 ejus
1378 2219 1420 2242 ex
1443 2208 1589 2249 Edicto,
1612 2207 1725 2241 facul-

271 2257 376 2286 tatem
409 2252 471 2286 sibi
505 2253 672 2287 haberent
703 2253 864 2298 Olympia
895 2265 915 2287 a
948 2253 1074 2288 Pisaeis
1107 2253 1291 2288 redimendi
1315 2265 1356 2288 ex
1379 2253 1495 2287 annuis
1516 2252 1581 2286 illis
1602 2251 1724 2286 rediti-

271 2298 346 2338 bus,
372 2298 448 2331 urbi
472 2309 567 2340 suae,
589 2310 610 2333 a
633 2298 765 2333 Sosibio
791 2299 947 2342 quodam,
973 2299 1059 2333 Cive
1082 2304 1117 2334 et
1138 2300 1305 2334 Senatore
1327 2298 1549 2339 Antiocheno,
1572 2297 1650 2331 olim
1673 2296 1724 2330 ie-

272 2343 371 2386 gatis.
418 2343 627 2377 Facultatem
659 2342 778 2388 itaque
802 2345 963 2389 Olympia
994 2344 1179 2380 redimendi
1210 2343 1375 2379 concessit
1405 2343 1453 2377 eis
1475 2341 1633 2376 Claudius
1656 2341 1724 2376 Im-

272 2394 429 2432 perator,
454 2400 540 2423 anno
564 2390 674 2423 Aerae
698 2388 928 2423 Antiochenae
951 2401 1034 2425 xc11.
1082 2390 1222 2424 Factum
1245 2400 1363 2433 nempe
1386 2389 1450 2422 hoc
1473 2388 1516 2421 ab
1540 2387 1724 2422 Antioche-

272 2433 342 2474 nis,
373 2435 464 2478 quod
491 2445 594 2479 aegre
617 2435 751 2468 ferrent
773 2433 807 2467 in
824 2433 1081 2478 Magistratibus
1103 2435 1170 2469 suis
1193 2446 1233 2469 ea
1257 2446 1345 2479 quae
1367 2433 1411 2466 de
1434 2432 1636 2477 supradictis
1657 2433 1725 2467 So-

272 2478 347 2511 sibii
380 2478 543 2513 reditibus
573 2479 733 2513 factitata
767 2482 884 2513 essent.
945 2479 1096 2514 Sosibius
1130 2480 1217 2514 enim
1247 2479 1296 2513 uti
1325 2477 1484 2523 scriptum
1517 2477 1657 2523 reliquit
1686 2477 1723 2512 in

273 2523 558 2569 chronographia
579 2536 640 2558 sua
663 2524 792 2570 sapiens
814 2523 1012 2565 Pausanias,
1038 2524 1236 2558 Antiochiae
1259 2524 1406 2567 Magnae
1428 2523 1557 2567 legavit
1579 2523 1722 2557 moriem

271 2579 317 2601 xv
339 2570 413 2603 auri
436 2570 577 2611 talenta,
601 2570 772 2604 annuatim
795 2569 873 2603 urbi
895 2569 1076 2608 solvenda;
1100 2570 1199 2603 sicuti
1221 2569 1371 2614 superius
1392 2568 1429 2602 in
1453 2569 1595 2613 Augusti
1612 2568 1740 2602 Octa-x

271 2613 365 2647 viani
397 2614 601 2659 temporibus
634 2619 846 2650 memoratum
879 2619 940 2648 est.
988 2613 1146 2647 Reditum
1170 2626 1252 2649 vero
1284 2614 1371 2648 hunc
1395 2625 1537 2648 annuum
1570 2613 1722 2648 Sosibius

274 2659 489 2693 Antiochenis
522 2660 721 2704 legaverat,
756 2664 796 2695 ut
827 2660 990 2693 haberent
1012 2659 1100 2692 unde
1122 2664 1271 2705 sumptus
1294 2660 1449 2693 facerent
1470 2658 1507 2693 in
1529 2658 1657 2693 varium
1679 2657 1724 2692 i1-.

274 2703 333 2736 lud
357 2705 602 2748 spectaculum,
626 2705 863 2747 Scenicorum,
887 2704 1180 2750 Thymelicorum‚
1210 2703 1454 2748 Tragicorum‚
1475 2703 1723 2740 Athleticorum.

273 2748 446 2791 ludorum,
484 2750 721 2785 Gladiatorum
744 2762 880 2796 quoque
902 2753 939 2784 et
961 2749 1186 2784 Certaminum
1208 2750 1448 2794 Equestrium3
1490 2749 1580 2794 quod
1605 2747 1722 2793 quinto

274 2804 408 2838 quoque
431 2806 533 2839 anno,
555 2795 850 2842 Hyperberetaeo,
877 2795 948 2832 sive
972 2795 1117 2830 Octobri
1139 2806 1262 2838 mense,
1285 2806 1348 2841 per
1371 2806 1439 2830 xxx
1462 2793 1533 2829 dies
1557 2791 1722 2828 celebrari
