1838 3230
288 234 354 280 66
681 223 969 272 IOANNIS
1000 215 1341 270 MALALAE

167 355 199 390 V
221 356 267 391 27
291 343 482 402 ἀπάτωρ,
521 348 654 403 πατὴρ
680 345 768 396 υἱὸς
797 344 922 395 αῧτός
941 343 1113 399 ἑαυτοῦ,
1135 342 1400 402 ιτρισόλβιος·
1438 347 1494 396 εἰς
1523 344 1741 403 μικρῶν-’δὲ

287 416 410 473 μέρος
433 415 608 470 ἀγγέλων
628 414 755 470 ἡμεῖς.
825 413 977 467 μαθών
1005 413 1125 456 ἄπιθι
1151 418 1284 469 σιγῶν.

386 482 434 526 ‘O
458 484 501 525 δὲ
521 483 714 536 βασιλεὺς
745 481 903 539 Φαραώ
937 480 1116 532 ἀκούσας
1143 486 1274 524 ταῦτα
1304 481 1418 538 παρὰ
1446 485 1519 536 τῆς
1534 481 1740 536 μαντείας,

289 552 466 594 ἐκέλευσε
495 550 630 594 πλάκα
658 551 820 606 λιθίνην
839 554 1038 607 γλυφῆναι
1056 550 1107 592 τὰ
1127 550 1237 606 παρὰ
1260 554 1333 592 τοῦ
1350 553 1542 605 χρησμοῦ
1562 549 1741 592 δοθέντα

163 625 196 659 Ο
220 627 266 661 80
290 621 400 677 αὐτῷ
434 617 599 675 ῥήματα
613 633 622 643 ·
658 618 774 662 ἅτινα
806 618 881 668 ἕως
909 622 983 673 τῆς
1000 622 1072 661 νῦν
1091 618 1349 674 ἐγγέγραπται
1370 619 1411 659 ἐν
1433 622 1484 674 τῇ
1505 618 1626 660 πλακὶ
1642 621 1773 673 ssata-5

291 688 418 744 φέντα
440 686 521 729 ἄνω
543 689 584 731 ἓν
606 691 663 745 τῷ
688 688 782 745 ἱερῷ
801 687 1009 743 Μέμφης,
1047 685 1144 729 ὅθεν
1167 684 1187 728 ὅ
1207 689 1355 735 Νεῖλος
1374 685 1558 739 ποταμὸς
1574 683 1742 740 πορεύε-

290 773 369 798 ται.
444 753 464 797 ὃ
490 755 533 796 δὲ
555 755 747 810 βασιλεὺς
768 755 925 810 Φαραώ
945 754 1024 797 ἀπὸ
1044 758 1119 797 τοῦ
1138 755 1328 809 μαντείου
1351 753 1564 796 κατελθών
1588 752 1743 804 εὐθέως

291 823 464 866 ἀπέλυσε
481 823 552 865 τὸν
567 823 731 880 Ἰσραὴλ
750 825 816 866 καὶ
833 823 994 866 Μωσέα
1013 824 1078 864 καὶ
1089 820 1259 879 Ἀαρών.
1331 823 1397 864 καὶ
1417 822 1585 877 ἐξῆλθεν
1601 819 1624 864 ὃ
1643 820 1743 871 λαός

290 896 373 934 τῶν
389 892 597 935 Ἰουδαίων
611 894 652 942 ἐξ
662 889 876 947 Αἰγύπτου
888 890 1008 942 ἅπας,
1032 892 1097 932 καὶ
1111 890 1258 943 ἔλαβον
1277 888 1332 940 ὥς
1348 891 1389 932 ἓν
1403 888 1544 946 χρήσει
1562 889 1643 933 ἀπὸ
1659 893 1743 933 τῶν

238 970 269 1004 Β
291 961 530 1015 Αἰγυπτίων
550 964 749 1016 γυναικῶν
770 962 837 1001 καὶ
857 956 1090 1016 ἀνθρώπων
1109 957 1258 1013 κόσμια
1274 961 1340 1001 καὶ
1361 957 1538 1016 ἄργυρον
1560 956 1737 1015 ἄπειρον.
1753 969 1798 1004 10

290 1030 357 1070 καὶ
379 1028 482 1082 μετὰ
500 1027 546 1070 τὸ
565 1029 741 1078 ἐξελθεῖν
759 1028 908 1077 αὐτοὺς
925 1024 1181 1082 μετεμελήθη
1204 1024 1387 1083 Φαραώ,
1411 1023 1432 1068 ὅ
1451 1025 1642 1080 βασιλεῦς
1657 1027 1743 1069 Αἲ-

289 1094 466 1152 γύπτου,
516 1097 725 1150 διδαχθεὶς
757 1094 818 1138 ὅτι
860 1098 926 1138 καὶ
962 1093 1111 1149 κόσμια
1147 1096 1213 1137 καὶ
1244 1094 1420 1151 ἄργυρον
1452 1095 1519 1136 καὶ
1548 1091 1743 1152 χρήματα

290 1162 512 1220 ἐχρήσαντο
535 1166 601 1206 καὶ
622 1164 786 1220 ἔφυγαν.
856 1165 923 1206 καὶ
952 1165 1186 1214 κατεδίωξεν
1210 1163 1359 1212 αὐτοὺς
1378 1161 1483 1216 μετὰ
1503 1165 1585 1205 τῶν
1606 1154 1743 1219 ἇρμᾶ-

290 1249 372 1275 των
402 1232 529 1274 αὐτοῦ
560 1234 626 1274 καὶ
661 1230 795 1286 πάσης
823 1236 896 1286 τῆς
924 1230 1090 1274 ἐνόπλου
1121 1229 1351 1285 ὄυνάμεως’
1387 1231 1454 1272 καὶ
1483 1229 1743 1286 κατέφθασεν

291 1300 442 1349 αὐτοὺς
459 1300 571 1356 παρὰ
591 1300 662 1354 τὴν
685 1298 918 1342 θάλασσαν.
967 1301 1033 1342 καὶ
1054 1300 1298 1356 στραφέντες
1321 1299 1640 1354 οἳἸσραηλΐται,
1673 1299 1739 1340 καὶ
1755 1309 1795 1344 15

291 1365 513 1423 ἑωρακότες
535 1367 606 1410 τὸν
633 1369 804 1420 βασιλέα
837 1368 994 1424 Φαραὼ
1024 1370 1089 1410 καὶ
1117 1367 1188 1410 τὸν
1214 1367 1390 1423 στρατὸν
1422 1366 1548 1409 αὐτοῦ
1570 1364 1741 1408 ὄπισθεν

290 1434 504 1492 ἐρχόμενον
544 1438 611 1477 καὶ
651 1436 723 1490 τὴν
764 1434 986 1478 θάλασσαν
1027 1435 1259 1492 ἔμπροσθεν
1293 1433 1448 1477 ἑαυτῶν
1458 1467 1472 1486 ,
1517 1431 1743 1489 ἀνεβόησαν

290 1508 446 1560 κραυγῇ
473 1502 627 1560 μεγάλῃ
652 1504 754 1559 πρὸς
784 1505 854 1546 τὸν
882 1502 1002 1546 θεόν·
1040 1506 1105 1546 καὶ
1127 1502 1147 1546 ὃ
1168 1501 1468 1559 προηγούμενος
1488 1504 1651 1557 Μωσῆς
1671 1501 1742 1544 τὸν

290 1572 388 1613 λαὸν
412 1572 576 1626 ἔκρουσε
597 1577 647 1628 τῇ
670 1571 810 1629 ῥάβδῳ
833 1579 918 1621 τοῖς
937 1573 1181 1621 θαλασσίοις
1201 1571 1337 1623 ὕδασι,
1362 1573 1428 1614 καὶ
1448 1570 1596 1625 ἐγένετο
1619 1567 1737 1626 ξηρά,

290 1642 357 1681 καὶ
387 1638 583 1692 ἐβάδιζον.
656 1642 723 1682 καὶ
752 1640 971 1694 ἀπομείνας
998 1643 1160 1694 Μωσῆς
1180 1639 1349 1682 ὄπισθεν
1369 1643 1442 1682 τοῦ
1463 1642 1564 1680 λαοῦ
1588 1637 1739 1687 παντὸς
1750 1648 1797 1683 20

290 1709 357 1748 καὶ
377 1709 570 1764 στραφεὶς
591 1709 645 1757 εἲς
665 1708 716 1750 τὰ
738 1708 865 1751 ὀπίσω
884 1708 1024 1760 αὐτοῦ,
1051 1707 1215 1764 ἔκρουσε
1237 1705 1358 1749 πάλιν
1376 1711 1427 1763 τῇ
1445 1704 1586 1764 ῥάβδῳ
1601 1707 1655 1755 εἷς
1668 1705 1742 1760 τὴν

240 1786 269 1819 C
295 1775 420 1833 ξηρὰν
440 1779 537 1830 γῆν,
574 1777 640 1818 καὶ
663 1776 811 1831 ἐγένετο
832 1775 1029 1819 θάλασσα
1056 1776 1340 1830 κυμαινομένη.
1410 1776 1477 1817 καὶ
1506 1774 1741 1817 κατεποντί-

378 1907 412 1940 2.
444 1902 555 1940 ἄπιθι
580 1906 664 1948 Ch.‚
690 1906 884 1948 cedrenus,
908 1904 1039 1942 ἅπειθι
1062 1907 1131 1941 ΟΧ.
1222 1905 1256 1942 4.
1288 1902 1407 1942 πλάκα
1429 1905 1577 1951 λιθίνην
1598 1905 1739 1950 γλυφῆ-

378 1952 463 1994 von]
505 1952 612 1992 ,‚Scr.
647 1953 756 1987 πλακὶ
790 1955 937 1999 λιθίνῃ,
971 1953 1020 1987 uti
1055 1954 1159 1987 habet
1191 1952 1383 1987 Cedrenus:
1415 1956 1474 1986 aut
1496 1951 1614 1996 supple
1641 1951 1738 1991 εἰς.“

381 1997 445 2031 Ch.
514 1999 547 2031 6.
572 1996 756 2042 Μέμφης]
782 1998 956 2043 Μέμφιος
980 1999 1044 2032 Ch.
1111 1999 1142 2032 9.
1168 1997 1206 2033 ἐν
1224 1997 1350 2043 χρήσει
1372 1998 1458 2039 ch„
1481 1995 1643 2042 ἑγχρήσει
1668 1997 1736 2030 Ox.

381 2044 435 2077 10.
463 2038 696 2088 ἀνθρώπων]
722 2043 894 2089 ἀνδρῶνὶ)
988 2046 1041 2080 12.
1062 2041 1213 2089 κόσμια]
1237 2042 1358 2088 κόσμοι
1378 2043 1444 2077 Ox.

288 2158 409 2201 patre-,3
443 2155 600 2200 filiusque
622 2155 696 2199 ipse
718 2155 769 2189 sui
795 2158 894 2202 pater
917 2157 1135 2192 beatissimus.
1181 2155 1347 2198 Quantilli
1371 2157 1482 2190 autem
1504 2155 1578 2190 Nos
1601 2166 1644 2190 ex
1666 2156 1737 2190 An—

290 2201 404 2246 gelis?
438 2201 575 2235 edoctus
599 2211 681 2234 vero
706 2201 787 2243 Tu,
811 2203 935 2236 tacitus
959 2204 1139 2237 discede.“

380 2246 478 2280 Haec
509 2258 583 2280 cum
607 2247 650 2280 ab
674 2246 822 2280 Oraculo
855 2248 1002 2282 audisset
1033 2260 1094 2283 rex
1117 2247 1296 2289 Pharaoh‚
1336 2247 1475 2281 tabulae
1504 2246 1662 2292 lapideae
1683 2246 1737 2280 iu-

290 2292 394 2327 scribi
413 2291 532 2335 jussit3
557 2294 717 2336 extatque
740 2291 848 2326 eidem
871 2292 1071 2338 insculptum
1089 2295 1153 2328 hoc
1175 2304 1387 2338 responsum,
1410 2292 1445 2326 in
1463 2292 1607 2338 Templo
1627 2291 1736 2325 Mem-

290 2338 442 2384 phitioo,
476 2349 544 2382 qua
566 2337 668 2370 Nilus
691 2336 811 2370 fluvius
834 2338 989 2383 perfluit,
1023 2340 1058 2372 in
1081 2340 1167 2373 hunc
1190 2350 1292 2383 usque
1316 2339 1403 2372 diem
1425 2337 1606 2372 visendum.
1653 2336 1736 2371 Inde

291 2387 401 2417 autem
436 2382 602 2427 digressus
622 2382 802 2424 Pharaoh‚
845 2384 1001 2428 populum
1033 2385 1271 2425 israeliticum,
1316 2395 1389 2417 cum
1412 2384 1508 2417 Mose
1531 2386 1567 2416 et
1589 2384 1735 2423 Aarone,

290 2429 404 2463 statim
429 2428 573 2468 dimisit3
609 2426 666 2472 qui
686 2433 839 2461 ornatum
863 2430 906 2462 ab
929 2430 1106 2474 Aegyptiis
1142 2434 1382 2474 argentumque
1416 2427 1552 2462 multum
1581 2427 1736 2469 mutuati,

290 2474 439 2508 universi
462 2486 503 2508 ex
522 2474 680 2518 Aegypto
705 2473 940 2508 discesserunt.
987 2475 1145 2508 Pharaoh
1167 2480 1279 2508 autem
1297 2475 1390 2515 Rex,
1414 2472 1472 2507 ubi
1493 2473 1666 2514 Ebraeos‚
1691 2473 1735 2507 ab

290 2519 467 2565 Aegyptiis
491 2523 704 2559 ornamenta,
743 2525 936 2563 argentum,
967 2520 1170 2564 divitiasque
1200 2524 1387 2559 mutuatos,
1420 2517 1578 2561 effugisse
1599 2518 1734 2552 intelle-

292 2565 415 2606 xisset,
454 2564 540 2598 facti
564 2575 636 2598 eum
667 2564 852 2608 poenituit,
888 2565 1103 2611 acceptisque
1133 2564 1284 2598 curribus
1315 2564 1402 2605 suis,
1439 2563 1623 2608 militiaque
1644 2563 1733 2598 omni

294 2621 350 2643 eos
371 2610 558 2651 insecutus,
589 2610 687 2653 juxta
709 2619 800 2643 mare
822 2611 955 2644 tandem
981 2614 1147 2645 assecutus
1170 2614 1230 2643 est.
1287 2609 1462 2643 Israelitae
1484 2608 1602 2653 itaque
1623 2608 1732 2663 respi-

293 2654 439 2696 cientes,
474 2667 547 2689 cum
571 2667 626 2696 se,
661 2667 681 2689 a
704 2655 839 2696 fronte,
872 2655 977 2697 mari,
1017 2667 1037 2690 a
1061 2662 1179 2699 tergo,
1214 2655 1393 2688 Pharaone
1424 2655 1560 2699 ejusque
1583 2658 1733 2688 exercitu

294 2699 422 2734 cinctos
444 2700 625 2741 vidissent3
650 2701 779 2734 sublato
807 2701 949 2736 clamore
972 2712 1110 2745 magno,
1134 2700 1201 2734 Dei
1223 2711 1320 2744 opem
1339 2699 1571 2744 implorarunt.
1619 2699 1731 2733 Moses

292 2755 373 2778 vero
397 2757 510 2780 eorum
533 2746 655 2780 ductor
685 2747 784 2790 virga
805 2759 863 2781 sua
886 2759 977 2781 mare
1000 2745 1185 2791 percussit3
1223 2745 1403 2789 statimque
1425 2757 1533 2790 aquae
1556 2745 1628 2789 ejus
1650 2755 1732 2778 exa-

293 2795 452 2825 ruerunt:
488 2795 736 2836 expectansque
759 2793 836 2826 dum
859 2793 1001 2838 populus
1025 2792 1197 2826 universus
1219 2802 1281 2836 per
1303 2790 1427 2824 siccum
1450 2789 1642 2830 transisset;
1674 2800 1732 2822 re-

293 2840 436 2869 trorsum
468 2837 602 2871 tandem
631 2848 831 2880 conversus,
865 2838 964 2882 virga
994 2849 1053 2872 sua
1082 2841 1207 2871 terram
1239 2835 1365 2870 aridam
1396 2835 1561 2880 percussit
1589 2835 1731 2875 iterum3

293 2891 359 2925 quo
383 2881 496 2923 facto,
529 2881 564 2915 in
586 2881 694 2916 locum
716 2894 807 2917 suum
842 2884 1016 2918 redierunt
1036 2882 1135 2918 maris
1157 2881 1301 2923 fluctus;
1340 2885 1376 2916 et
1397 2881 1616 2916 Petissonium
1639 2880 1730 2914 Pha-
