1838 3230
124 683 250 765 03⁶5}
464 689 910 751 ΛΟΓΟΣ
999 693 1535 754 οΓΛοοΣ

574 820 881 860 ΧΡΟΝῼΝ
932 821 1422 863 ΜΑΚΕΔΟΝΩΝ.

222 1081 251 1116 Α
349 1082 380 1136 ᾤ
411 1077 455 1120 δὲ
484 1073 665 1136 τετάρτῳ
692 1075 768 1121 ε’τει
801 1083 875 1134 τῆς
909 1079 1117 1133 βασιλείας
1142 1079 1322 1135 Δαρείου
1354 1083 1427 1122 τοῦ
1456 1077 1611 1135 Μήδου
1644 1083 1718 1123 τοῦ

265 1143 523 1200 Ἀσσαλάμου
568 1146 826 1201 ἔξανὲστησεν
862 1145 883 1189 ὅ
929 1147 1027 1197 θεὸς
1061 1154 1146 1197 τοῖς
1174 1147 1400 1203 Ἀσσυρίοις
1440 1149 1505 1190 καὶ
1538 1148 1721 1204 Πέρσαις

271 1216 339 1257 καὶ
358 1212 552 1271 Πάρθοις
578 1215 644 1256 καὶ
670 1213 837 1269 Μήδοις
862 1214 1126 1271 Ἀλέξανδρον
1159 1215 1231 1258 τὸν
1259 1219 1333 1271 τῆς
1358 1217 1621 1265 Μακεδονίας
1647 1233 1720 1258 το-

252 1280 453 1337 ’πάρχην,
490 1280 579 1336 ἤτοι
612 1283 805 1335 βασιλέα,
840 1282 910 1324 τὸν
944 1284 1160 1326 Φιλίππου.
1234 1282 1344 1332 ὅστις
1364 1285 1430 1326 καὶ
1450 1283 1523 1338 τὴν
1542 1282 1719 1339 μεγάλην

264 1347 565 1405 Ἀλεξάνδρειαν
586 1347 725 1401 ἔκτισε,
748 1349 821 1404 τὴν
840 1348 979 1408 πρῴην
995 1351 1207 1405 λεγομένην
1225 1349 1364 1405 κώμην
1376 1349 1609 1393 Ῥακοῦστιν
1621 1365 1631 1375 ·
1666 1351 1716 1406 ἣν
1728 1359 1750 1394 6

269 1417 394 1467 αὐτὸς
416 1415 597 1460 ἐκάλεσεν
629 1419 683 1467 εἷς
714 1418 814 1459 ἴδιον
850 1416 979 1472 ὄνομα
1007 1416 1327 1474 Ἀλεξάνδρειαν,
1363 1417 1570 1468 θυσιάσας
1596 1416 1720 1475 κόρην

268 1485 503 1542 παρθένον,
540 1487 806 1527 Μακεδονίαν
839 1485 933 1541 παρ’
969 1485 1095 1528 αὐτοῦ
1125 1490 1358 1541 κληθεῖσαν.
1429 1486 1555 1529 ἔκτισε
1577 1487 1621 1528 δὲ
1651 1487 1720 1528 καὶ

119 1566 152 1599 0
175 1563 244 1600 245
268 1554 375 1610 ἱερὸν
396 1557 455 1611 τῷ
474 1550 626 1609 Σεράπι
640 1551 764 1611 εΗλίῳ
776 1586 790 1606 ,
820 1555 884 1595 καὶ
906 1551 1125 1608 δημόσιον,
1159 1553 1180 1595 ὃ
1202 1557 1379 1596 καλεῖται
1409 1552 1430 1596 ὃ
1452 1552 1615 1606 Ἵππος,
1651 1555 1719 1596 καὶ

269 1621 373 1664 ἀλλὰ
398 1618 496 1677 ἱερά.
569 1619 678 1670 ὅστις
698 1621 887 1675 βασιλεὺς
901 1621 1162 1677 Ἀλέξανδρος
1184 1619 1516 1678 προτρεψάμενος
1537 1619 1718 1678 ὁμόφρο-

266 1706 342 1739 νας
369 1689 573 1745 γενναίους
603 1686 877 1745 στρατηγούς,
914 1689 1018 1731 κατὰ
1047 1694 1119 1743 τῆς
1144 1689 1337 1738 ἀπονοίας
1357 1689 1579 1745 Ἀσσυρίων
1607 1688 1716 1746 ὃργι-
1729 1701 1772 1736 10

269 1758 408 1809 σθείς,
456 1760 617 1812 πρῶτος
650 1755 905 1812 παρετάξατο
934 1758 1098 1814 Δαρείῳ
1131 1761 1188 1814 τῷ
1212 1761 1377 1810 βασιλεῖ
1396 1760 1582 1812 Περσῶν.
1651 1759 1717 1799 καὶ

217 1834 246 1868 Β
271 1825 404 1868 ἐλθών
425 1826 479 1874 εἷς
491 1822 744 1877 Βυζούπολιν
762 1829 836 1880 τῆς
850 1822 1047 1882 Εὐρώπης
1065 1824 1213 1867 ἔκτισεν
1231 1826 1314 1866 ἐκεῖ
1324 1822 1464 1878 τόπον,
1487 1823 1606 1882 ὅνπερ
1625 1822 1720 1867 ἐκά-

361 1934 394 1968 1.
420 1931 604 1976 Δαρείου]
629 1932 772 1977 Δαρίου
796 1932 863 1966 Ox.
932 1932 966 1967 5.
986 1929 1251 1977 Ἀλεξανδρείαν
1273 1933 1339 1967 Ox.
1363 1932 1426 1967 bis.
1493 1932 1573 1967 ibid.
1589 1931 1718 1978 πρώην

358 1978 551 2022 λεγομένην
580 1977 707 2023 κώμην
734 1975 967 2022 ‘Pacuuio-nv]
1001 1975 1211 2023 ,,“Ρακιότην
1232 1978 1326 2024 prius
1348 1977 1472 2012 dictam
1495 1978 1614 2013 asserit
1635 1979 1717 2012 Ste-

361 2024 509 2068 phanus:
539 2019 738 2069 Ῥακώτης,
771 2021 887 2065 οὕτως
917 2021 1206 2071 ἡἈλεξάνδρεια
1227 2023 1404 2067 πρότερον
1426 2022 1605 2058 ἐκαλεῖτοε
1637 2024 1715 2058 vide

363 2068 502 2101 eundem
524 2069 624 2103 etiam
644 2070 679 2104 in
700 2067 951 2114 Ἀλεξάνδρεια.
963 2073 989 2090 “
1019 2071 1083 2104 Ch.
1152 2070 1253 2116 Apud
1275 2070 1483 2115 Stephanum
1504 2068 1715 2104 scribendum

358 2110 540 2155 Ῥακῶτις.
655 2118 687 2151 8.
711 2115 853 2161 Σέραπι
875 2117 941 2150 Ox.

461 2235 845 2293 LIBER
932 2235 1523 2295 OCTAVUS

299 2347 383 2386 DE
425 2347 650 2390 REGNI
691 2348 1158 2389 MACEDoNlcl
1198 2347 1683 2390 TEMPORIBUS.

271 2435 402 2503 Anno
428 2470 540 2502 autem
572 2471 692 2514 quarto
715 2468 887 2513 regnantis
917 2469 1016 2504 Darii
1038 2468 1155 2510 Medi,
1189 2466 1350 2502 Assalami
1372 2465 1413 2500 F.
1438 2465 1600 2501 excitavit
1622 2466 1713 2501 Deua

272 2517 392 2547 contra
415 2514 588 2558 Assyrios,
618 2514 756 2555 Persas,
790 2514 957 2556 Parthos,
991 2518 1093 2559 atque
1116 2513 1254 2554 Medos,
1288 2511 1529 2553 Alexandrum,
1563 2512 1713 2557 Philippi

269 2559 386 2599 filium,
412 2558 631 2593 Macedoniae
653 2570 778 2604 regem.
823 2559 944 2593 Vicum
967 2559 1024 2593 hic
1046 2560 1230 2604 quendam,
1251 2556 1421 2591 Racustim
1444 2557 1520 2591 olim
1542 2561 1712 2599 vocatum,

272 2602 307 2635 in
330 2604 445 2637 urbem
467 2615 618 2648 magnam
641 2604 811 2645 condidit;
849 2616 945 2649 quam
970 2616 991 2638 a
1021 2604 1152 2638 nomine
1174 2614 1232 2637 suo
1255 2602 1491 2636 Alexandriam
1513 2601 1711 2648 appellavit,

272 2652 422 2682 mactata
444 2650 576 2693 virgine
599 2649 748 2690 intacta,
783 2648 839 2683 cui
863 2661 981 2683 nomen
1001 2649 1075 2694 ipse
1098 2649 1260 2690 dederat,
1294 2647 1536 2681 Macedoniam.
1582 2647 1711 2681 Fanum

271 2692 372 2727 etiam
394 2694 552 2739 Serapidi
574 2694 668 2736 Soli;
691 2695 843 2729 balneum
865 2694 944 2729 item
967 2694 1148 2740 publicum,
1171 2693 1313 2734 nomine,
1336 2693 1497 2738 Hippum,
1520 2692 1712 2737 templaque

271 2737 342 2771 alia
363 2739 520 2773 nonnulla
543 2740 702 2774 extruxit.
747 2740 841 2774 Idem
861 2739 1051 2774 Alexander
1081 2739 1115 2772 in
1138 2738 1349 2782 Assyriorum
1371 2739 1494 2772 fastum
1524 2737 1712 2772 stomacha-

273 2786 349 2823 tus,
382 2785 582 2828 comparatis
614 2784 677 2819 sibi
707 2784 854 2820 Ducibus
886 2785 1028 2820 strenuis
1061 2785 1367 2828 nomadibusque,
1402 2783 1523 2827 primus
1546 2793 1618 2816 cum
1639 2781 1711 2815 Da-

274 2826 346 2869 rio,
377 2828 552 2865 Persarum
575 2841 677 2876 rege,
708 2831 877 2867 fortunam
899 2830 979 2867 belli
999 2829 1153 2866 tentavit.
1200 2828 1398 2876 Byzopolim
1418 2828 1533 2875 itaque
1554 2826 1710 2872 Europae
