1838 3230
244 171 347 217 232
640 161 930 208 IOANNIS
959 164 1297 209 MALALAE

404 276 407 278 ⁵
445 284 528 326 καὶ
560 283 700 326 λοιπὸν
736 282 856 326 ἄπιθι
875 282 918 326 ἐκ
949 280 1118 340 πρόμων
1138 281 1354 341 ἧμετέρων.
1611 306 1614 311 -

99 355 132 389 0
155 355 224 390 299
348 351 433 394 Καὶ
453 351 630 401 ἐξελθών
651 351 694 392 ἐκ
711 355 784 392 τοῦ
803 351 992 405 μαντείου
1015 350 1035 394 ὁ
1055 351 1297 407 Αὔγουστος
1316 354 1482 406 Καῖσαρ
1492 383 1505 403 ,
1541 351 1609 394 καὶ
1629 351 1703 395 ἓλ-Ᾰκ

194 400 226 434 Β
248 418 340 463 θῶν
363 420 418 468 εἲς
436 419 483 460 τὸ
503 416 781 472 Καπετώλιον,
812 418 962 462 ἔκτισεν
980 421 1060 462 ἐκεῖ
1073 420 1214 474 βωμὸν
1234 419 1374 475 μέγαν,
1400 417 1576 474 ὑψηλόν,
1599 419 1641 462 ἔν
1662 410 1718 479 ᾧ
1751 440 1754 445 ·

247 487 447 543 ἐπέγραψε
474 484 709 540 Ῥωμαϊκοῖς
730 484 984 543 γράμμασιν,
1017 485 1065 530 Ὅ
1084 487 1224 541 βωμὸς
1247 482 1365 537 οὗτός
1386 488 1470 530 ἔστι
1488 491 1564 530 τοῦ
1585 503 1698 544 πρω-
1718 539 1720 541 ‚

249 553 418 611 τογόνου
451 558 574 596 θεοῦ·
622 552 732 603 ὅστις
762 553 904 608 βωμός
933 557 1041 598 ἔστιν
1071 558 1126 605 εἷς
1152 555 1199 598 τὸ
1229 553 1491 598 Καπετώλιον
1522 555 1598 605 ἕως
1625 558 1738 611 τῆςὸ
1767 583 1772 591 =

249 627 345 675 νῦν,
381 622 522 671 καθὼς
546 619 752 674 Τιμόθεος
773 620 794 665 ὅ
817 623 944 679 σοφὸς
961 621 1257 679 συνεγράψατο.

349 687 396 731 Ὅ
415 690 460 731 δὲ
478 689 602 738 αὐτὸς
626 692 792 746 Καῖσαρ
813 690 1080 745 Ὄκταβιανὸς
1112 690 1219 748 νόσῳ
1240 692 1410 746 βληθεὶς
1429 690 1471 732 ἓν
1493 693 1543 746 τῇ
1566 686 1702 746 Ῥώμῃ

251 754 503 812 ἐτελεύτησε,
538 757 664 814 γε’ρων
693 757 748 801 ὢν
772 759 872 801 ἐτῶν
903 757 971 811 σε’,
1001 758 1124 809 ἄπαις
1143 760 1207 801 καὶ
1228 756 1499 816 σωφρονήσας
1521 757 1600 800 ἀπὸ
1618 755 1703 800 σὼ-

250 829 424 881 ματικῆς
444 823 658 883 ἁμαρτίας.
728 821 778 881 ἦν
806 827 883 884 γὰρ
901 827 1094 882 μυστικὸς
1113 827 1315 884 ἀρχιερεὺς
1332 828 1398 869 καὶ
1420 823 1624 881 βασιλεύς.

344 893 468 936 Μετὰ
499 894 542 935 δὲ
568 894 641 948 τὴν
659 895 870 948 βασιλείαν
900 893 1146 950 Αὐγούστου
1174 897 1385 950 Καίσαρος
1418 895 1481 936 ἐπὶ
1511 891 1760 943 ὑπατείαςιο

256 961 408 1012 Σέξτου
437 963 504 1004 καὶ
536 966 792 1005 Σεκτικιανοῢ
828 964 1060 1016 ἐβασίλευσε
1095 963 1281 1018 Τιβέριος
1314 965 1480 1018 Καῖσαρ
1514 960 1582 1017 ἴτη
1623 959 1702 1014 κβ’.

109 1039 142 1074 Ο
165 1040 235 1076 300
255 1025 306 1085 ἦν
329 1030 373 1071 δὲ
393 1031 647 1084 διμοιριαΐος,
682 1031 822 1086 γέρων,
854 1029 1101 1083 λεπτακινός,
1138 1029 1415 1087 εὖόφθαλμος,
1442 1027 1703 1086 μελάγχρους,

203 1107 233 1141 C
255 1094 489 1153 κονδόθριξ,
525 1093 657 1150 οὖλος,
693 1097 906 1154 ὖπόσιμος,
942 1101 1213 1155 φιλοκτίστης.
1283 1097 1394 1147 ὅστις
1419 1095 1710 1154 ἐπεστράτευσε

256 1165 362 1208 κατὰ
381 1169 570 1221 Περσῶν,
608 1167 675 1207 καὶ
700 1167 757 1220 μὴ
785 1166 1018 1222 πολεμήσας
1027 1199 1040 1220 ,
1079 1167 1183 1209 ἀλλὰ
1209 1167 1488 1223 παρακληθεὶς
1510 1164 1603 1223 παρ’
1632 1164 1709 1208 αὔ-

254 1238 338 1277 τῶν
356 1231 491 1275 πάκτα
512 1230 670 1288 εἰρήνης
688 1235 860 1288 ἐποίησε.
1715 1246 1764 1282 ’15

358 1302 443 1344 Καὶ
474 1300 595 1343 ἀνιών
624 1303 685 1343 ἐπὶ
715 1302 788 1356 τὴν
818 1300 975 1357 Ῥώμην
1010 1297 1138 1357 ἦλθεν
1166 1302 1207 1343 ἓν
1227 1301 1446 1360 Ἀντιοχείᾳ
1469 1305 1520 1358 τῇ
1538 1296 1706 1356 μεγάλῃ,

257 1370 324 1412 καὶ
356 1367 507 1411 ἔκτισεν
540 1368 615 1418 ἔξω
652 1373 726 1423 τῆς
754 1367 906 1419 πόλεως
939 1368 1138 1424 ἐμβόλους
1169 1367 1241 1411 δύο
1279 1368 1478 1424 μεγάλους
1511 1368 1612 1421 πρὸς
1650 1371 1709 1426 τῷ

259 1435 342 1493 ὄρει
366 1441 422 1494 τῷ
453 1437 649 1495 λεγομένῳ
679 1438 853 1495 Σιλπίῳ,
891 1437 1055 1491 ἔχοντας
1077 1433 1335 1491 διαστήματα
1354 1438 1498 1490 μιλίων
1518 1434 1570 1489 δ’,
1606 1433 1711 1478 ὕπο-

263 1502 417 1560 ρόφους
455 1505 521 1545 καὶ
548 1512 847 1560 πανευπρεπεΐς..
917 1508 982 1547 καὶ
1012 1505 1116 1547 κατὰ
1146 1502 1277 1561 ῥύμην
1307 1506 1446 1553 κτίσας
1482 1501 1712 1559 τετράπυλα

263 1571 331 1613 διὰ
353 1569 592 1625 εἲλημάτων,
629 1571 905 1628 φιλοκαλήσας
924 1573 1030 1616 αὐτὰ
1046 1571 1249 1627 μουσώσει
1282 1574 1348 1614 καὶ
1367 1569 1612 1628 μαρμάροις,
1646 1573 1710 1614 καὶ
1721 1586 1769 1621 20

260 1638 337 1693 τὴν
374 1642 566 1681 πλατεῖαν
604 1641 648 1682 δὲ
677 1639 1008 1696 χαλκουργήμασι
1050 1643 1118 1683 καὶ
1153 1638 1356 1695 ἀγάλμασι
1393 1637 1604 1694 κοσμήσας
1647 1641 1715 1683 καὶ

262 1707 438 1762 ,τειχίσας
456 1707 552 1756 τούς
583 1707 731 1758 αὐτοὺς
759 1707 957 1762 ἐμβόλους
990 1710 1058 1751 καὶ
1093 1708 1139 1751 τὸ
1171 1707 1265 1765 ὅρος
1285 1707 1526 1757 ἀποκλείσας
1543 1707 1712 1760 ἔσωθεν,

356 1815 391 1850 1.
426 1813 556 1851 λοιπὸν
582 1813 694 1852 ἄπιθι
724 1816 834 1861 σιγῶν
857 1815 895 1852 ἐκ
917 1817 1051 1861 βωμῶν
1071 1812 1253 1861 ἡμετέρων
1274 1815 1418 1856 Suidas,
1453 1812 1566 1851 ἄπιθι
1587 1811 1715 1851 λοιπόν

356 1858 396 1894 ἐκ
417 1859 541 1905 δόμων
563 1858 742 1906 ἡμετέρων
765 1862 948 1896 cedrenus.
997 1863 1096 1897 Conf.
1119 1873 1222 1907 supra
1245 1873 1279 1906 p.
1300 1863 1355 1896 27.
1380 1863 1421 1896 A.
1531 1862 1587 1897 13.
1609 1859 1717 1903 αὐλός

357 1905 426 1940 Ox.
516 1908 570 1942 18.
595 1908 709 1942 Malim
731 1904 964 1953 ὖπωρόφους.
1053 1910 1110 1944 20.
1135 1905 1397 1953 φιλοκαλλήσας
1420 1905 1487 1941 Ox.

491 1998 586 2031 Vade
607 1999 739 2043 igitur,
775 2004 926 2034 nostrum
946 2010 1029 2033 neve
1050 2000 1144 2033 ultra
1168 1999 1280 2033 altare
1294 1999 1373 2042 fati
1400 2010 1445 2032 es.

358 2041 530 2085 Augustus
550 2043 666 2087 itaque
687 2044 765 2078 inde
789 2056 830 2078 ex
851 2045 999 2079 Oraculo
1024 2044 1215 2085 discedens,
1240 2044 1275 2077 in
1298 2043 1500 2088 Capitolium
1520 2040 1636 2084 venit3
1658 2041 1718 2076 ubi

271 2086 372 2120 altari
396 2087 525 2121 excelso
549 2093 673 2129 erecto,
697 2089 728 2122 ei
751 2089 856 2124 literis
880 2089 1010 2124 Latinis
1032 2089 1169 2123 inscribi
1188 2088 1305 2133 jussit:
1353 2090 1450 2122 Haec
1471 2091 1522 2121 est
1544 2089 1617 2121 Ara
1639 2088 1718 2121 Pri-

271 2133 437 2174 mogeniti
460 2133 535 2166 Dei.
584 2134 683 2173 Quae
706 2137 776 2168 Ara
799 2137 909 2169 adhuc
933 2147 1037 2180 usque
1059 2134 1203 2176 visitur,
1226 2134 1262 2167 in
1285 2132 1476 2178 Capitolio:
1511 2131 1562 2166 uti
1584 2132 1717 2178 sapiens

272 2177 470 2211 Timotheus
491 2179 669 2211 memoriae
690 2180 849 2223 prodidit.

365 2223 493 2257 Caesar
515 2226 622 2257 autem
641 2224 850 2259 Octavianus
871 2225 906 2258 in
929 2225 1077 2258 morbum
1098 2223 1259 2265 incidens,
1282 2223 1410 2257 Romae
1429 2222 1580 2265 moritur,
1604 2234 1719 2264 senex,

273 2279 434 2302 annorum
456 2279 566 2309 Lxxv,
600 2268 669 2301 fine
693 2271 806 2313 prole,
843 2275 879 2303 et
902 2271 944 2304 ab
969 2270 1056 2304 omni
1078 2269 1154 2303 labe
1178 2268 1327 2313 corporis
1358 2268 1464 2309 liber;
1509 2272 1548 2301 ut
1570 2267 1628 2312 qui
1649 2279 1718 2302 non

273 2312 350 2347 Rex
369 2313 491 2354 solum,
514 2313 574 2347 sed
597 2317 632 2346 et
654 2314 812 2348 Pontifex
835 2315 1001 2349 Maximus
1023 2315 1107 2356 fuit,
1128 2314 1428 2359 mysteriorumque
1450 2312 1589 2357 peritus.

367 2359 449 2392 Post
471 2359 650 2392 Caesarem
672 2359 881 2403 Augustum,
913 2361 1103 2405 Imperator
1124 2361 1234 2394 factus
1257 2364 1308 2392 est
1332 2358 1509 2399 Tiberius,
1544 2359 1650 2393 Sexto
1683 2360 1720 2392 et

275 2404 471 2438 Sexticiano
505 2403 596 2437 Coss.
619 2407 654 2437 et
684 2405 841 2448 regnavit
872 2416 975 2438 annos
998 2416 1081 2439 xxn.
1127 2406 1216 2439 Erat
1248 2415 1329 2438 vero
1363 2407 1494 2437 statura
1515 2403 1719 2438 mediocrem

276 2454 466 2494 superante,
491 2453 605 2482 aetate
626 2454 798 2493 vergente,
829 2450 976 2493 gracilis,
1001 2450 1103 2484 oculis
1127 2450 1285 2494 pulchris,
1318 2447 1426 2492 niger,
1452 2448 1615 2492 capillitio
1639 2449 1721 2482 bre-

277 2495 333 2534 vi,
354 2493 541 2538 crispoque,
566 2495 744 2536 subsimus,
767 2494 992 2528 aedificationi
1015 2495 1244 2529 deditissimus.
1289 2493 1356 2527 Hic
1379 2497 1499 2527 contra
1520 2494 1641 2528 Persas
1663 2504 1721 2528 ar-

277 2551 331 2573 ma
351 2539 524 2572 movebat:
546 2550 600 2573 res
623 2551 703 2573 vero
728 2539 770 2573 ad
795 2550 940 2584 pugnam
962 2551 1029 2574 non
1051 2540 1279 2580 devenerunt3
1301 2549 1418 2572 verum
1442 2538 1567 2573 Caesar
1589 2538 1720 2573 oblatas

280 2586 322 2619 ab
346 2585 392 2618 eis
415 2585 508 2628 pacis
533 2585 737 2619 conditiones
760 2585 900 2629 accepit.

370 2630 452 2663 Inde
475 2629 614 2664 Romam
643 2642 856 2671 reversurus,
890 2629 1101 2663 Antiochiam
1131 2640 1283 2672 magnam
1305 2628 1419 2670 venit3
1457 2628 1515 2663 ubi
1545 2633 1642 2663 extra
1663 2639 1722 2662 ur-

281 2674 356 2708 bem
375 2675 473 2718 juxta
506 2681 648 2710 montem
672 2675 832 2720 Silpium,
870 2674 1017 2720 porticus
1049 2674 1131 2707 duas
1154 2673 1300 2707 extruxit
1332 2673 1542 2717 magnificas,
1579 2674 1721 2718 desuper

283 2719 511 2763 contignatas,
547 2725 582 2753 et
605 2721 779 2766 splendide
801 2724 953 2760 ornatas,
976 2723 1122 2764 quatuor
1143 2719 1337 2753 Milliarium
1359 2719 1537 2753 intervallo
1560 2718 1721 2753 distantes

281 2763 371 2796 inter
394 2776 439 2798 se.
485 2765 675 2811 Tetrapyla
699 2765 798 2800 etiam
813 2764 1008 2810 contignata
1030 2764 1163 2798 vicatim
1188 2765 1356 2806 extruxit,
1379 2776 1467 2809 quae
1490 2767 1526 2798 et
1547 2775 1723 2804 marmore,

282 2813 316 2842 et
338 2809 467 2844 musivo
491 2809 686 2847 adornavit:
711 2811 815 2857 ipsam
835 2821 916 2846 vero
938 2809 1029 2845 urbis
1051 2809 1195 2856 plateam
1218 2809 1358 2854 statuis,
1382 2814 1419 2845 et
1436 2809 1592 2845 columnis
1614 2808 1723 2845 aereis
