1838 3230
426 162 1053 208 CHRONOGRAPHIA.
1108 163 1156 207 L.
1186 163 1279 208 V11.
1489 167 1585 216 185

121 284 377 344 Καπετωλίῳ
393 285 448 335 εἰς
465 284 513 328 τὸ
534 283 641 342 ἱερὸν
662 287 736 327 τοῦ
756 283 860 334 Διὸς
874 283 976 339 μετὰ
997 287 1080 327 τῶν
1100 283 1214 327 ῗδίων
1227 281 1465 341 χρημάτων.
1502 303 1586 328 πα-

122 353 318 411 ραλαβών
338 354 384 397 δὲ
405 351 427 397 ὅ
444 356 606 411 Βρῆνος
625 352 700 411 ρὴξ
717 352 791 408 τὴν
809 350 926 395 πόλιν
942 351 1114 408 Ῥώμην,
1144 352 1392 410 κατασφάζει
1410 354 1587 404 πολλοὺς

120 423 293 473 πολίτας
311 422 383 465 καί
397 438 511 472 τινας
537 426 620 465 τῶν
647 425 910 478 στρατιωτῶν
944 423 1011 464 καὶ
1041 422 1345 477 αἲχμαλωτίζει·
1380 424 1448 466 καὶ
1475 422 1587 478 ἔμενε

122 494 353 548 πολιορκῶν
387 490 434 534 τό
467 487 734 534 Καπετώλιον
777 489 845 533 διὰ
884 489 982 540 τούς
1010 489 1132 540 ὄντας
1162 491 1204 533 ἓν
1230 490 1341 550 αὐτῷ
1369 496 1583 548 συγκλητι-
1607 503 1638 537 C

91 558 223 610 ὄκοῦς
254 560 322 602 καὶ
351 559 420 602 διὰ
449 558 502 601 τὰ
529 557 724 615 χρήματα
757 558 906 602 αὐτῶν.
979 558 1224 614 δυνηθέντες
1245 561 1289 602 δὲ
1316 561 1354 603 οἳ
1373 565 1588 617 συγκλητι-

121 629 184 671 κοὶ
207 626 408 684 ἔγραψαν,
444 625 627 682 δεόμενοι
646 631 720 670 τοῦ
741 629 993 678 Μαλλίωνος
1015 629 1305 671 Καπιτωλίνου
1325 628 1494 680 συνάξαι
1515 630 1587 686 τὸν

120 695 228 739 κατὰ
252 694 369 740 πόλιν
395 697 462 738 καὶ
486 693 629 753 χώραν
651 694 862 750 Ῥωμαίων
891 696 990 739 ὄντα
1021 694 1242 752 ε’γκάθετον
1276 696 1475 755 στρατόν,
1512 700 1579 741 καὶ
1603 709 1637 745 0
1661 711 1730 747 236

121 764 258 808 ἐλθεῖν
284 765 340 815 εἰς
369 765 571 820 ἐκδίκησιν
600 769 674 819 τῆς
704 762 862 820 Ῥώμης
896 767 964 808 καὶ
995 767 1051 815 εἷς
1077 763 1277 820 βοήθειαν
1300 767 1449 811 αὐτῶν.
1519 769 1587 810 καὶ

121 829 338 888 δεξάμενος
368 833 423 876 τὰ
447 837 520 889 τῆς
554 831 780 889 συγκλήτου
810 831 1034 890 γράμματα
1065 831 1086 876 ὅ
1112 835 1318 877 Μαλλίων
1346 838 1586 878 Καπιτωλῖ-

67 907 216 954 1ονος,
259 901 381 957 γνοὺς
409 899 474 945 ὅτι
505 900 670 960 ἐλήφθη
697 899 723 956 ἡ
747 900 883 958 Ῥώμη
919 904 986 944 καὶ
1014 902 1061 945 τὸ
1095 901 1362 946 Καπετώλιον
1393 911 1586 961 φρουρεῖ-

120 986 191 1013 ται
206 967 288 1014 ὕπὸ
308 974 383 1013 τοῦ
405 968 584 1027 Βρήνου,
627 970 748 1028 ῥηγὸς
767 975 849 1013 τῶν
874 969 1059 1024 Γάλλων,
1097 969 1309 1028 ἐταράχθη
1325 986 1335 996 ·
1371 974 1438 1015 καὶ
1459 988 1587 1016 συνα-

120 1038 256 1095 γαγών
283 1038 438 1088 εὐθέως
467 1037 674 1082 πάντοθεν
702 1043 866 1094 πλῆθος
891 1043 1093 1096 στρατοῦ,
1131 1042 1198 1082 καὶ
1227 1038 1413 1096 ὁρμήσας
1423 1074 1435 1093 ,
1480 1037 1586 1097 ἦλθε

122 1107 229 1150 κατὰ
252 1111 327 1150 τοῦ
345 1105 511 1165 Βρήνου
541 1107 664 1165 ῥηγὸς
681 1109 874 1164 ἐξαίφνης
900 1105 1221 1165 ἀπροσδοκήτως
1242 1111 1297 1159 εἷς
1316 1109 1391 1164 τὴν
1404 1107 1587 1166 Ῥώμην·

123 1177 190 1218 καὶ
209 1175 334 1226 αὐτὸς
353 1176 500 1226 νυκτὸς
528 1174 708 1228 κατάξας
739 1176 812 1219 τὸν
838 1177 941 1220 ἴδιον
966 1176 1145 1234 στρατὸν
1167 1178 1208 1220 ἐν
1233 1185 1324 1228 ταῖς
1347 1176 1495 1235 ῥύμαις
1512 1183 1588 1234 τῆς

68 1242 303 1298 15πόλεως,
351 1246 419 1287 καὶ
445 1242 630 1300 μεσάσας
657 1244 730 1289 τὸν
758 1247 923 1302 Βρῆνον
952 1245 1058 1302 ῥῆγα
1097 1247 1164 1288 καὶ
1194 1247 1294 1297 τούς
1321 1247 1448 1291 αὐτοῦ
1482 1246 1588 1291 πάν-

121 1329 212 1366 τας,
245 1310 302 1363 ὧς
328 1313 478 1367 ξένους,
513 1313 654 1357 ἀνεῖλε.
722 1315 789 1356 καὶ
815 1311 1116 1370 περιγενόμενος
1149 1313 1393 1370 συνελάβετο
1417 1316 1488 1360 τὸν
1510 1316 1585 1359 αὗ-
1608 1328 1641 1363 D

121 1380 195 1424 τὸν
226 1384 391 1437 Βρῆνον
421 1381 550 1439 ῥῆγα·
586 1383 654 1425 ’καὶ
680 1381 834 1433 εὐθέως
856 1380 1146 1440 ἀπεκεφάλισεν
1177 1383 1303 1427 αὐτόν
1311 1418 1324 1438 ,
1363 1387 1430 1427 καὶ
1447 1385 1590 1440 ἔπηξεν

122 1450 165 1492 ἓν
180 1454 312 1510 κοντῷ
343 1450 419 1506 τὴν
440 1450 621 1509 κεφαλὴν
642 1451 783 1494 αὐτοῦ.
853 1453 921 1494 καὶ
941 1450 995 1494 τὰ
1015 1450 1159 1508 πλήθη
1189 1454 1234 1496 δὲ
1254 1453 1382 1497 αὐτοῦ
1406 1456 1473 1497 καὶ
1495 1454 1591 1504 τοὺς

123 1515 307 1574 κόμητας
341 1519 470 1563 αὐτοῦ
504 1517 770 1575 κατακόψας,
821 1517 1022 1578 ε’ρῤύσατο
1049 1519 1208 1572 πάντας
1238 1521 1309 1572 οὓς
1343 1521 1587 1574 συνελάβετο

65 1584 345 1642 ἳΟῬωμαίους
367 1587 652 1644 αἰχμαλώτους
660 1622 674 1642 ,
712 1587 961 1646 ἀφελόμενος
994 1591 1062 1632 καὶ
1089 1588 1224 1633 πάντα
1249 1591 1301 1633 τὰ
1325 1591 1420 1647 παρ’
1452 1591 1589 1634 αὐτῶν

123 1656 439 1712 πραιδευθέντα.
492 1660 559 1700 καὶ
578 1659 804 1708 ἐξελθοῦσα
824 1655 850 1712 ἡ
871 1656 1095 1713 σύγκλητος
1109 1657 1319 1713 Ῥωμαίων
1337 1659 1380 1701 ἐκ
1400 1663 1474 1702 τοῦ
1495 1662 1589 1703 Κα-

123 1726 321 1767 πετωλίου
342 1725 446 1779 μετὰ
475 1725 548 1780 τὴν
585 1727 697 1781 νίκην
728 1730 803 1768 τοῦ
833 1727 1086 1776 ΖΠαλλίωνος
1111 1729 1398 1771 Καπιτωλίνου
1434 1728 1589 1778 εὐθέως

124 1794 360 1850 ἐψηφίσατο
402 1793 527 1837 αὐτὸν
562 1792 648 1848 ἅμα
687 1798 746 1852 τῷ
785 1799 948 1853 στρατῷ
983 1796 1050 1837 καὶ
1088 1800 1147 1853 τῷ
1178 1794 1296 1855 δήμῳ
1325 1800 1384 1855 τῷ
1416 1801 1588 1853 περιλει-

126 1862 275 1919 φθέντι
314 1861 426 1921 αὐτῷ
471 1862 597 1906 αὐτὸν
631 1860 759 1918 μόνον
804 1865 965 1906 διοικεῖν
1003 1863 1056 1906 τὰ
1099 1862 1309 1919 Ῥωμαίων
1349 1863 1583 1923 πράγματα.

217 1949 272 1985 18.
295 1944 413 1994 κόντῳ
437 1948 506 1984 ΟΧ.

123 2015 189 2059 ιιιὶ,
235 2028 310 2052 cum
351 2016 514 2052 uxoribus
547 2020 584 2052 et
615 2016 730 2052 liberis
759 2016 925 2063 bonisque
954 2017 1021 2053 suis
1054 2018 1202 2055 omnibus
1231 2019 1268 2054 in
1298 2020 1460 2066 templum
1491 2019 1588 2055 Jovis

124 2061 315 2109 Capitolini
336 2075 373 2098 se
394 2067 608 2109 receperunt.
656 2064 753 2098 Urbe
776 2069 887 2098 autem
915 2075 936 2098 a
958 2065 1094 2100 Brenno
1120 2072 1234 2111 capta,
1257 2067 1351 2101 multi
1375 2079 1418 2100 ex
1442 2066 1585 2107 civibus,

125 2120 167 2143 ex
190 2109 347 2144 militibus
371 2109 474 2144 etiam
497 2109 647 2144 nonnulli
668 2109 783 2154 gladio
807 2110 993 2155 perierunt,
1017 2112 1216 2156 captivique
1238 2112 1378 2146 abducti
1402 2117 1488 2146 sunt.
1520 2112 1590 2145 Ca-

123 2154 277 2201 pitolium
312 2156 413 2190 etiam
444 2156 620 2190 obsidione
655 2157 835 2200 cingebat3
873 2162 912 2191 ut
932 2157 1117 2192 Senatores
1139 2157 1210 2192 illic
1234 2164 1480 2203 congregatos,
1522 2169 1591 2192 una

125 2211 201 2235 eum
232 2200 361 2236 divitiis
382 2201 530 2248 ipsorum
563 2208 760 2246 occuparet.
807 2203 991 2238 Senatores
1013 2215 1095 2238 vero
1132 2204 1191 2248 qui
1216 2204 1503 2250 opportunitatem
1528 2205 1590 2237 ha-

124 2246 274 2281 buerunt
297 2248 363 2282 hoc
385 2248 556 2289 faciendi,
580 2248 744 2282 Manlium
767 2259 831 2293 per
853 2248 969 2283 literas
990 2249 1238 2295 implorarunt,
1272 2251 1322 2283 uti
1348 2250 1477 2294 copiis,
1502 2260 1591 2293 quae

124 2303 188 2338 per
221 2293 324 2327 urbes
359 2293 585 2339 regionesque
609 2294 776 2328 Romanas
798 2294 1002 2329 distributae
1026 2301 1144 2334 erant,
1178 2295 1214 2330 in
1238 2307 1337 2330 unum
1361 2294 1530 2333 collectis,
1555 2294 1591 2328 in

125 2338 284 2373 auxilium
308 2339 372 2373 sibi
395 2340 538 2374 veniret.
586 2340 751 2380 Manlius,
791 2340 940 2386 acceptis
963 2347 1097 2375 senatus
1120 2342 1251 2383 literis,
1289 2348 1393 2386 atque
1415 2340 1495 2374 inde
1519 2341 1592 2375 Ro-

125 2395 211 2418 mam
236 2391 392 2430 captam,
415 2385 695 2431 Capitoliumque
717 2387 882 2421 obsessum
908 2399 978 2421 esse
1003 2399 1024 2422 a
1046 2388 1180 2422 Brenno
1200 2388 1374 2422 Gallorum
1399 2387 1487 2420 duce
1511 2386 1594 2420 edo-

128 2435 223 2472 ctus,
260 2431 369 2465 animo
391 2433 549 2466 turbatus
573 2439 634 2466 est.
681 2432 763 2466 Sine
787 2443 879 2466 mora
901 2432 1019 2478 itaque
1053 2434 1160 2479 copiis
1184 2434 1407 2479 undequaque
1431 2431 1593 2472 collectis,

127 2474 163 2509 in
188 2476 356 2511 Brennum
405 2477 609 2512 roficiscitur
631 2477 807 2523 ipsumque
832 2489 873 2512 ex
896 2479 1078 2524 improviso
1103 2491 1301 2523 aggressus,
1342 2477 1594 2522 exercitumque

127 2532 220 2555 suum
246 2527 349 2558 noctu
397 2535 496 2558 ucens
521 2535 582 2568 per
606 2523 697 2557 urbis
721 2524 872 2568 plastem,
904 2525 1092 2567 Brennum,
1117 2526 1368 2568 exercitumque
1392 2524 1484 2567 ejus,
1523 2535 1594 2558 me-

129 2566 204 2600 dius
225 2566 314 2602 inter
337 2581 411 2610 eos,
436 2570 602 2604 adoritur.
649 2569 744 2604 Galli
770 2575 882 2604 autem
906 2571 1020 2615 ignari
1039 2572 1207 2610 locorum,
1232 2570 1348 2615 gladio
1374 2569 1591 2604 ceciderunt:

128 2612 335 2659 Brennoque
355 2615 422 2660 ipsi
444 2615 684 2660 comprehenso
708 2616 854 2651 Manlius
887 2622 993 2663 caput
1025 2616 1218 2662 amputavit
1259 2619 1429 2668 contoque
1467 2616 1590 2650 affixit.

129 2658 295 2692 Exercitu
326 2659 443 2705 itaque
475 2662 683 2706 ducibusque
718 2661 819 2696 etiam
843 2663 914 2707 ejus
938 2663 1089 2697 omnibus
1113 2661 1267 2704 excisis„
1290 2666 1443 2706 cnptnvos
1466 2661 1590 2696 Roma-

128 2715 190 2738 nos
214 2704 373 2739 liberavit
402 2718 533 2749 omnes3
574 2707 668 2742 bonis
692 2707 812 2750 etiam,
854 2720 944 2754 quae
975 2708 1189 2753 diripuerant
1223 2706 1337 2748 Galli,
1379 2707 1592 2753 recuperatis

129 2749 290 2784 omnibus.
339 2752 484 2786 Senatus
516 2759 629 2787 autem
654 2754 843 2796 Romanus,
882 2759 961 2798 post
983 2753 1163 2787 victoriam
1194 2764 1216 2786 a
1242 2752 1370 2786 Manlio
1396 2752 1590 2798 Capitolino

129 2795 311 2841 adeptum,
347 2808 388 2830 ex
412 2797 584 2842 Capitolio
606 2799 830 2842 descendens,
868 2800 1042 2834 Romanae
1066 2798 1288 2844 Reipublicae
1324 2798 1591 2834 administratio-

129 2852 205 2876 nem
226 2846 332 2878 totam
356 2842 413 2877 uni
435 2843 564 2879 Manlio
597 2851 853 2888 concesserunt3
898 2845 1051 2881 exercitu
1086 2845 1186 2879 etiam
1227 2844 1424 2891 populoque
1455 2846 1590 2882 residuo
