1838 3230
282 185 348 230 94
688 178 974 224 IOANNIS
1001 180 1339 226 MALALAE

279 303 331 356 τῇ
353 297 546 357 λεγομένῃ
566 296 744 355 Σπάρτῳ
768 302 841 352 τῆς
857 297 1074 354 Ἑλλάδος,
1111 306 1162 359 τῇ
1190 303 1506 361 βασιλευομένῃ,
1543 301 1636 360 ἤτοι
1654 321 1736 348 ,το-

250 389 253 394 ·
280 367 556 424 παρχουμένῃ,
588 366 667 410 ὑπὸ
688 364 918 421 ΠἸενελάου,
946 369 1036 412 υἱοῦ
1055 371 1356 421 Πλεισθένους·
1394 371 1505 422 ὅστις
1523 373 1737 424 Μενέλαος

281 435 488 493 ἀνετράφη
509 438 564 486 εἰς
590 435 644 478 τὰ
673 436 858 489 βασίλεια
881 441 954 479 τοῦ
977 438 1170 494 Ἀτρέως,
1206 440 1407 492 βασιλέως
1428 444 1510 483 τῶν
1532 440 1735 498 Ἀργείων,

280 504 368 559 ἅμα
387 505 664 559 Ἀγαμέμνονι,
681 503 755 561 υἱῷ
778 504 904 548 αὐτοῦ
918 519 928 529 ·
956 506 1141 550 κάκεῖθεν
1163 507 1341 563 ἐλέγοντο
1365 509 1404 551 οἷ
1416 507 1500 552 δύο
1520 509 1733 566 Ἀτρεΐδαι.

280 572 302 617 ὅ
333 574 377 616 δὲ
404 572 619 621 Μενέλαος
651 572 810 626 ἕτοιμος
839 568 889 627 ἦν
924 574 1137 618 ἀποπλέειν
1168 576 1322 627 εὐθέως
1345 578 1386 620 ἓν
1409 581 1461 634 τῇ
1480 576 1628 636 Κρήτῃ
1649 571 1768 632 ἅμαὲ

227 652 261 687 Ε
283 648 371 691 τοῖς
393 644 642 697 συγγενεῦσιν
665 640 806 693 αὐτοῦ,
828 641 998 698 ὀφείλων
1020 642 1218 686 θυσιάσαι
1237 650 1294 702 τῷ
1314 647 1384 689 Διὶ
1406 648 1473 688 καὶ
1490 651 1540 703 τῇ
1558 645 1738 706 Εὐρώπῃ

280 711 322 753 ἐν
354 714 406 766 τῇ
441 712 479 751 Γ
477 706 627 766 ορτύνῃ
636 741 649 761 ,
687 707 800 751 πόλει
827 715 900 765 τῆς
929 710 1119 768 Κρήτης,
1156 711 1222 755 ὅτε
1254 709 1383 768 ἦλθεν
1413 713 1433 757 ὅ
1465 713 1604 770 Πάρις
1623 716 1666 758 ἐν
1685 721 1737 773 τῇ

280 777 460 836 Σπάρτῳ
491 775 604 820 πόλει
637 777 739 833 πρὸς
774 776 911 822 αὐτόν.
982 779 1082 830 ἔθος
1111 780 1188 837 γὰρ
1218 779 1318 835 εἶχεν
1336 781 1357 825 ὁ
1378 783 1592 833 Μενέλαος
1610 791 1734 827 ποιεῖν

280 845 426 903 ἑορτὰς
459 847 525 888 καὶ
557 847 710 896 θυσίας
738 847 779 888 ἔν
805 851 864 905 τῷ
900 847 1011 906 αὐτῷ
1035 847 1171 906 χρόνῳ
1193 850 1277 892 κατ’
1301 850 1388 900 ἔτος
1407 853 1461 900 εἷς
1479 850 1643 907 μνήμην
1662 857 1737 908 τῆς

278 913 502 972 Εὐρώπης,
543 912 598 964 ὥς
622 915 666 957 ἐκ
695 915 834 970 γένους
858 915 996 971 αὐτῆς.
1070 915 1286 970 δεξάμενος
1312 920 1356 961 δὲ
1378 918 1448 961 τὸν
1473 919 1736 977 Ἀλέξανδρον
1749 933 1793 968 10

278 985 351 1028 τὸν
372 986 439 1026 καὶ
456 980 625 1038 Πάριδα
655 985 720 1025 καὶ
746 981 970 1039 γράμματα
998 990 1070 1028 τοῦ
1091 986 1289 1039 βασιλέως
1307 985 1503 1043 Πριάμου
1523 992 1596 1043 τῆς
1620 993 1736 1045 Φρυ-

278 1054 368 1110 γίας
397 1054 463 1095 καὶ
488 1051 627 1101 Ἀσίας
655 1053 719 1093 καὶ
753 1052 805 1094 τὰ
833 1054 1025 1106 βασιλικοὶ
1049 1057 1163 1110 δῶρα
1191 1054 1242 1096 τὰ
1267 1055 1360 1111 παρ’
1390 1055 1517 1098 αὐτοῦ
1541 1057 1732 1108 δοθέντα,

137 1122 169 1155 0
197 1122 262 1179 1}ss
285 1120 573 1178 περιεπτύξατο
608 1119 679 1162 τὸν
709 1118 878 1176 Πάριδα
904 1122 1187 1178 Ἀλέξανδρον,
1226 1125 1292 1165 καὶ
1321 1124 1494 1178 εὐμενῶς
1524 1123 1738 1179 δεξάμενος

161 1167 191 1201 v
215 1169 260 1204 39
285 1188 436 1242 αὐτόν,
481 1186 536 1238 ὥς
566 1188 669 1230 ἴδιον
698 1187 807 1240 υἱόν,
845 1191 887 1231 ἐν
905 1188 1018 1247 πάσῃ
1037 1195 1133 1248 τιμῇ
1154 1189 1357 1247 ἀφώρισεν
1378 1192 1488 1250 αὐτῷ
1512 1193 1554 1235 ἓν
1571 1198 1629 1252 τῷ
1647 1195 1735 1251 ῗδι’ῳ

279 1259 465 1316 παλατίῳ
487 1258 647 1299 δίαιταν
665 1258 731 1299 καὶ
753 1265 926 1300 παντοῖα
950 1258 1201 1313 ἀναλώματα
1224 1262 1290 1302 καὶ
1313 1268 1398 1310 τοῖς
1418 1261 1544 1303 αὐτοῦ
1568 1264 1633 1304 καὶ
1653 1266 1734 1304 πᾶ-
1748 1273 1791 1309 15

279 1345 357 1371 σαν
388 1326 633 1382 θεραπείαν,
675 1325 841 1381 εἰρηκώς
871 1326 982 1385 αὐτῷ
1016 1330 1228 1384 διατρῖψαι
1251 1329 1291 1370 ἓν
1309 1334 1360 1386 τῇ
1381 1329 1486 1386 αὐτῇ
1505 1327 1616 1372 πόλει
1636 1329 1737 1379 ὅσας

280 1396 351 1439 ἐὰν
384 1393 584 1449 βούληται
613 1391 789 1448 ἡμέρας,
829 1396 953 1437 αἲτῶν
985 1395 1109 1438 αὐτὸν
1135 1398 1329 1449 μείναντα
1359 1397 1554 1451 ἀνεθῆναι
1575 1398 1643 1440 διὰ
1661 1398 1736 1452 τὴν

276 1469 351 1507 τοῦ
374 1462 499 1512 πλοὸς
528 1461 713 1515 ἀθυμίαν
747 1463 811 1503 καὶ
843 1460 918 1505 εἷθ’
954 1463 1083 1513 οὕτως
1113 1464 1304 1507 ἀπελθεῖν
1339 1469 1551 1521 πληρῶσαι
1582 1466 1629 1508 τό
1659 1464 1736 1509 τά-

275 1550 360 1588 γμα
379 1536 453 1587 τῆς
469 1530 623 1579 θυσίας
642 1532 696 1579 εἷς
716 1530 762 1572 τὸ
786 1530 892 1586 ἱερὸν
910 1536 983 1574 τοῦ
1005 1530 1270 1582 Ἀπόλλωνος.
1341 1535 1408 1575 καὶ
1427 1534 1581 1583 εὐθέως
1599 1532 1619 1576 ὅ
1640 1537 1735 1576 Με-

278 1602 421 1650 νέλαος
446 1596 706 1653 καταστήσας
727 1598 851 1641 αὐτὸν
873 1600 913 1642 ἓν
932 1604 1062 1657 πολλῇ
1085 1602 1284 1661 θεραπεία
1307 1601 1549 1645 ἀπέπλευσεν
1572 1603 1635 1644 ἐπὶ
1658 1602 1734 1658 τὴν
1744 1615 1790 1650 20

277 1668 474 1728 Κρήτην,
511 1664 636 1716 ἐάσας
656 1666 780 1709 αὐτὸν
805 1668 860 1716 εἷς
878 1668 924 1711 τὸ
946 1669 1049 1711 ἴδιον
1070 1667 1280 1712 παλάτιον.

379 1737 445 1780 Ἐν
468 1740 525 1794 τῷ
548 1735 592 1777 δὲ
613 1733 760 1791 διάγειν
780 1734 852 1778 τὸν
874 1737 1087 1780 Μενέλαον
1112 1738 1174 1779 ἐπὶ
1197 1737 1271 1792 τὴν
1295 1735 1466 1794 Κρήτην
1482 1735 1734 1791 θυσιάζοντα

281 1808 353 1850 Διὶ
377 1806 569 1862 Ἀστερίῳ
599 1805 666 1845 καὶ
695 1807 746 1861 τῇ
776 1803 957 1863 Εὐρώπῃ
979 1807 1020 1848 ἐν
1048 1810 1099 1863 τῇ
1130 1808 1171 1848 Γ
1169 1804 1318 1863 ορτύνῃ
1340 1805 1450 1849 πόλει
1480 1807 1629 1862 συνέβη
1661 1806 1735 1862 τὴν

370 1903 404 1937 2.
429 1899 661 1943 Πλισθένους
682 1903 751 1937 Ox.

283 1981 377 2021 ciae,
415 1979 547 2014 nomine
580 1981 761 2025 Spartam,
796 1980 856 2014 ubi
889 1981 1059 2026 regnabat
1083 1981 1279 2024 Menelaus,
1315 1981 1497 2016 Plisthenis
1519 1981 1617 2015 filius.
1665 1980 1734 2022 Qui

282 2026 417 2072 quidem
440 2026 616 2059 Menelaus
649 2026 740 2071 apud
762 2027 902 2061 Atreum
926 2026 1130 2071 Argivorum
1159 2039 1294 2072 regem,
1326 2039 1394 2061 una
1417 2039 1491 2060 cum
1514 2029 1735 2072 Agamemno-

282 2085 346 2113 ne,
368 2071 460 2115 regis
483 2071 567 2113 filio,
590 2072 755 2105 enutritus
777 2073 909 2114 fuerat,
934 2073 1025 2107 unde
1048 2073 1189 2108 Atridae
1213 2074 1308 2107 ambo
1331 2072 1447 2107 vocati
1469 2077 1555 2107 sunt.
1601 2072 1642 2106 In
1658 2072 1733 2117 ipso

284 2117 372 2152 enim
401 2116 538 2150 Paridis
562 2117 710 2150 adventu
742 2117 778 2150 in
801 2119 959 2163 Spartam
982 2119 1119 2160 urbem,
1159 2118 1404 2164 expeditionem
1437 2118 1594 2162 agitabat
1615 2117 1735 2152 Mene-

283 2164 375 2205 laus,
410 2173 478 2196 una
509 2174 584 2196 cum
608 2163 860 2206 consanguineis
893 2163 958 2197 suis
980 2165 1179 2210 propediem
1205 2165 1389 2205 soluturus,
1426 2164 1461 2198 in
1484 2164 1622 2198 Cretam
1641 2163 1733 2197 insu-

282 2209 370 2249 lam3
407 2212 448 2242 ut
471 2207 519 2241 ibi
542 2218 640 2242 sacra
661 2207 740 2241 Jovi
763 2211 798 2242 et
820 2209 981 2253 Europae
1004 2211 1156 2251 faceret,
1191 2210 1226 2244 in
1257 2211 1342 2244 urbe
1366 2211 1535 2254 Gortyna.
1582 2208 1733 2242 Positum

282 2266 404 2299 nempe
434 2253 492 2287 hic
523 2252 560 2286 in
583 2264 674 2287 more
698 2253 761 2287 sibi
784 2255 920 2295 habuit,
957 2256 1219 2290 anniversarium
1249 2258 1301 2290 uti
1332 2256 1467 2290 Festum
1503 2259 1538 2288 et
1567 2253 1734 2288 sacrificia

283 2300 377 2334 circa
398 2298 483 2332 illud
514 2302 643 2344 tempus
665 2299 844 2343 quotannis
866 2299 1082 2343 institueret,
1124 2302 1288 2346 Europae
1317 2301 1352 2335 in
1375 2299 1575 2336 memoriam.
1621 2298 1734 2333 Lectis

282 2346 400 2390 itaque
422 2344 551 2386 literis,
584 2345 845 2390 muneribusque
868 2345 1038 2390 acceptis,
1071 2358 1160 2392 quae
1182 2347 1335 2382 Priamus
1358 2358 1418 2382 rex
1440 2345 1614 2389 Phrygiae
1634 2343 1734 2378 mise-

281 2396 361 2432 rat3
385 2390 613 2425 Alexandrum
635 2390 706 2423 sive
729 2390 906 2431 Paridem,
941 2392 1110 2436 amplexus
1134 2396 1203 2426 est:
1236 2404 1300 2427 nec
1322 2393 1427 2427 minus
1451 2391 1635 2425 honorifice
1657 2401 1732 2423 eum

282 2436 439 2481 excepit,
475 2447 575 2480 quam
599 2435 626 2469 si
649 2436 736 2470 filius
759 2447 834 2470 suus
856 2436 985 2470 fuisset.
1032 2437 1218 2472 Constituit
1239 2438 1357 2483 itaque
1380 2449 1421 2471 ex
1444 2436 1529 2478 suis,
1554 2435 1611 2480 qui
1634 2435 1733 2469 mini-

282 2486 433 2516 strarent
464 2481 496 2515 ei
530 2481 714 2526 sociisque;
760 2485 795 2515 et
827 2486 987 2526 pararent
1018 2494 1181 2524 mensam,
1218 2483 1353 2527 aliaque
1385 2482 1494 2517 omnia
1526 2480 1731 2522 necessaria,

282 2527 419 2562 seorsim
450 2527 485 2561 in
508 2527 643 2562 Palatio
676 2537 745 2562 suo,
793 2527 988 2568 Quinetiam
1020 2527 1192 2561 licentiam
1229 2528 1259 2562 ei
1294 2528 1476 2568 concessit,
1510 2526 1545 2559 in
1567 2527 1652 2560 urbe
1673 2525 1733 2560 illa

283 2573 400 2607 diebus
424 2576 595 2617 quotquot
619 2572 742 2615 vellet,
773 2572 1018 2614 commorandi3
1053 2585 1158 2617 usque
1181 2573 1256 2606 dum
1279 2574 1370 2607 vires
1393 2585 1489 2614 suas,
1513 2571 1733 2616 navigatione

283 2619 485 2660 exhaustas,
508 2629 678 2652 resumere
700 2618 870 2664 potuerit:
908 2617 1030 2652 deinde
1053 2629 1135 2652 vero
1160 2621 1198 2652 ut
1221 2619 1352 2660 abiret,
1376 2618 1420 2652 ad
1445 2618 1644 2652 destinatum
1667 2617 1731 2650 Sa-

283 2663 447 2697 crificium
470 2664 632 2708 Apollinis
654 2664 780 2709 templo
805 2675 847 2698 ex
868 2667 949 2698 voto
975 2664 1212 2709 peragendum.
1257 2664 1416 2698 Paridem
1440 2663 1556 2708 itaque
1579 2673 1652 2697 cum
1674 2674 1732 2696 re-

283 2709 344 2742 bus
375 2708 425 2742 ita
458 2709 608 2744 omnibus
641 2709 927 2744 instructissimum
948 2709 984 2743 in
1005 2709 1138 2743 Palatio
1162 2720 1221 2744 suo
1247 2714 1396 2744 curasset
1418 2709 1612 2750 Menelaus,
1652 2707 1731 2742 navi

284 2765 482 2795 conscensa,
504 2754 542 2787 in
564 2755 699 2789 Cretam
723 2756 896 2800 profectus
918 2761 982 2790 est.

375 2799 515 2834 Interim
536 2811 640 2842 vero,
665 2801 742 2834 dum
765 2801 890 2835 Cretae
912 2802 1174 2834 commoraretur
1195 2799 1392 2843 Menelaus,
1420 2799 1498 2834 Jovi
1519 2797 1732 2838 Asterio‚‘et

287 2843 451 2890 Europae
471 2856 569 2880 sacra
588 2857 755 2892 peragens
774 2846 810 2880 in
831 2847 915 2881 urbe
931 2847 1110 2891 Gortyua;
1134 2847 1279 2892 quodam
1301 2845 1357 2881 die
1380 2844 1544 2891 contigit,
1568 2843 1729 2878 Helenam
