1838 3230
590 101 1057 144 ANNOTATIONES.
1334 69 1337 73 ¹
1457 106 1556 156 599

97 221 138 255 et
169 215 289 269 Myst.
321 215 412 254 Chr.
445 215 554 254 Alex.
581 213 699 252 habet
730 215 984 267 γαμβαγίωνς
1018 229 1093 267 pro
1127 229 1207 267 quo
1231 217 1432 266 Raderus,
1462 222 1556 271 λαμ-

97 271 632 327 wa61w‚reponit;male.
693 270 836 310 Verum
869 271 983 310 locus
1005 272 1079 311 iste
1107 271 1254 317 ibidem
1280 275 1449 325 pessime
1470 288 1556 313 cor

97 334 262 382 ruptus,
291 341 340 367 ex
359 335 496 368 nostro
516 326 784 368 restituendus
803 334 873 366 est.

205 383 303 438 Pag.
335 387 428 428 322.
464 387 527 426 18.
570 383 825 435 Εγείοεσθαι.
838 383 853 435 ]
884 383 1127 436 Εγείρεσθαι
1158 381 1247 435 hic,
1266 396 1352 450 pro
1381 379 1556 437 α’ναστῆ-

94 454 185 491 ναι,
213 454 422 494 assurgere.
479 438 723 492 Hesychius,
753 441 931 492 Εγείρω,
961 439 1168 506 ἐγέρθητι,
1199 435 1412 508 ἀνάστηθι.

210 494 430 548 Peg-322.
476 499 538 538 17.
588 499 650 536 Εν
676 497 728 550 τῇ
756 493 1033 549 συμπληρώσει
1059 499 1133 548 τῆς
1170 492 1298 537 αὐτοῦ
1326 494 1554 547 ὑπατείας]

96 551 301 591 Consules
298 551 423 591 initio
453 551 704 602 Magistratus
735 552 818 601 sui,
858 552 1047 603 pecunias
1071 552 1113 590 in
1141 553 1335 605 populum
1357 565 1557 603 spargeiqe

95 621 180 647 mos
204 615 310 647 erat.
341 607 449 660 quod
469 613 508 646 et
525 607 786 660 Imperatores
807 609 925 647 etiam
945 609 1073 647 saceie
1096 614 1408 647 consueverunt:
1437 608 1557 660 idque

94 677 174 704 non
203 664 332 703 solum
359 665 400 702 in
429 664 705 715 coronatione,
733 670 802 703 aut
829 664 946 702 etiam
978 665 1223 702 consulatum
1254 665 1457 714 ineuntes,
1487 663 1558 702 sed

94 719 334 772 quandoque
351 719 595 772 deponentes
615 721 753 759 etiam:
784 726 829 758 ut
847 734 896 758 ex
915 719 994 758 hoc
1016 721 1107 759 loco
1128 727 1314 772 apparet:
1343 720 1463 759 Forte
1480 719 1556 759 hoc

92 778 261 827 iactum,
293 776 344 815 ob
369 783 447 815 tam
478 777 629 827 insigne
658 790 759 828 opus
793 776 842 814 ad
863 776 1013 816 exitum
1039 776 1302 830 perductum,
1333 777 1558 828 qualeverat

92 834 323 883 instaurata,
365 847 412 871 ac
430 832 614 871 dedicata
635 833 1007 884 Constantinopolis

202 891 308 942 Pag.
338 892 433 933 322.
453 892 531 932 21.
577 889 788 942 Αφορίσας
817 889 1021 943 οἰνοκρὲα,
1051 887 1118 929 καὶ
1142 887 1312 940 βεστία.]
1344 889 1468 940 Lego,
1499 885 1556 929 οἷ-

92 960 180 996 νον,
210 944 318 996 κρέα,
346 944 415 985 καὶ
432 945 577 998 βεστία.
635 945 788 998 βὲστης,
813 951 851 983 et
873 947 1040 997 βεστίον,
1077 943 1124 983 V
1118 947 1232 983 esus
1262 951 1300 983 et
1317 941 1554 998 βεστιάριον,

93 999 174 1040 Res
199 1000 246 1040 V
239 1001 422 1051 esnarm
453 1001 536 1041 sive
562 1001 608 1040 V
602 1002 823 1041 estzanum
854 998 1098 1055 βεστιάριος,
1129 997 1366 1066 βεστάρχης,
1401 1000 1448 1039 V
1442 1002 1555 1039 esim

93 1058 185 1096 rius.
240 1056 462 1124 Hesychius
489 1055 714 1111 βεστιοῖριον
742 1057 983 1126 habet,pe1
1002 1074 1028 1098 ι.
1085 1053 1339 1111 Βεστιάριον,
1369 1055 1492 1105 τόπος
1511 1057 1555 1098 ἐν

92 1128 124 1152 ω
146 1110 194 1154 τὰ
215 1109 395 1167 χρήματα
414 1114 615 1165 τίθενται,
644 1113 713 1154 καὶ
730 1110 778 1153 τᾶ
809 1111 946 1166 ἱμάτια
960 1117 1035 1154 τοῦ
1051 1116 1202 1154 κοινοῦ.

203 1172 308 1222 Pag-
339 1173 434 1213 323.
462 1173 529 1212 20.
572 1166 727 1222 Κώμην
743 1169 959 1223 λεγομένην
980 1166 1176 1223 Σουγᾶν.]
1211 1169 1458 1221 Drepanum,
1489 1169 1552 1208 vel

91 1231 136 1264 ut
151 1225 372 1280 Stephanus
399 1233 436 1266 et
455 1226 677 1276 Cedrenus,
707 1227 908 1278 Drepana,
935 1227 1022 1265 aliis
1047 1225 1229 1264 omnibus
1260 1225 1364 1263 dicta
1383 1231 1441 1264 est
1458 1225 1553 1263 urbs

89 1282 176 1320 ista.

198 1339 304 1390 Peg.
333 1336 427 1380 324.
457 1341 496 1380 7.
544 1337 759 1392 Λεγομὲνῳ
788 1338 1000 1391 Λχυρωνι]
1041 1339 1099 1376 lta
1127 1337 1414 1389 Hieronymus,
1459 1337 1550 1377 Chr

88 1388 202 1434 Alex.
227 1393 308 1434 alii.
366 1387 582 1447 Eutropius
604 1394 740 1433 villam
760 1400 896 1433 vocat:
936 1392 1228 1434 Nicomediae
1212 1410 1253 1432 ιη
1283 1392 1383 1434 villa
1399 1392 1551 1446 publi-

89 1463 139 1489 ca
162 1447 273 1489 obiit.

199 1503 523 1558 Pag.324.10.
569 1507 637 1546 Ων
666 1503 928 1556 ἐνιαυτωνξ,
957 1505 1026 1547 καὶ
1053 1507 1194 1559 μηνῶν
1223 1501 1295 1558 y'.]
1329 1505 1549 1543 Constanti-

86 1574 183 1600 num
207 1561 258 1600 M.
281 1561 420 1600 aetatis
438 1575 532 1600 suae
551 1576 652 1600 anno
671 1576 783 1600 1..xw
804 1563 944 1601 obiisse
963 1563 1102 1600 asserit
1120 1563 1360 1612 Eutropius,
1389 1561 1459 1602 lib
1482 1566 1546 1604 10.

89 1615 244 1656 Bellum
261 1615 446 1656 adversus
463 1616 630 1656 Parthos
647 1616 823 1666 moliens,
854 1619 922 1671 qui
934 1621 1020 1671 jam
1040 1618 1367 1670 BIesopoiamiam
1389 1616 1549 1671 fatiga-

91 1673 313 1723 ban1,uno
330 1682 365 1710 et
385 1674 580 1725 trigesimo
604 1687 708 1712 anno
733 1671 915 1727 Imperii,
944 1683 1046 1713 aetat
1049 1675 1081 1712 is
1103 1683 1216 1713 sexto
1235 1683 1270 1710 et
1288 1674 1548 1725 sexagesimo,

90 1727 376 1768 Nicomediae
360 1743 400 1766 m
421 1727 518 1767 villa
530 1727 691 1782 publica
715 1728 824 1768 obiit.

196 1783 424 1837 Pag.324.
458 1784 520 1826 14
574 1782 738 1836 Ηυρέθη
768 1783 952 1837 βασιλευς
985 1782 1044 1825 ὧν
1073 1785 1116 1825 ἒν
1139 1781 1258 1839 Ρωμῃ
1287 1787 1545 1825 Κωνσταντῒ-

89 1842 194 1892 νος.]
238 1840 492 1880 Constantino
523 1841 574 1879 M.
603 1841 693 1879 satis
723 1841 934 1889 defuncto,
976 1842 1186 1894 imperium
1215 1842 1319 1879 inter
1348 1847 1428 1879 tres
1463 1842 1546 1894 ejus

89 1897 188 1935 filios
210 1897 463 1936 distributum
483 1903 564 1947 est,
592 1896 670 1935 hoc
689 1898 820 1936 modo.
881 1899 1157 1946 Constantino,
1187 1897 1269 1935 filio
1299 1904 1393 1935 natu
1414 1899 1546 1936 maxi-

70 1967 166 2003 sino,
196 1953 424 1992 Occidentis
443 1953 653 2006 imperium
675 1954 827 2003 obt-igit,
855 1954 897 1993 id
920 1961 978 1993 est
998 1954 1162 2006 Galliae,
1180 1954 1388 2005 Hispaniae
1408 1960 1447 1993 et
1461 1955 1545 1993 Bri-

88 2011 263 2049 tanniae:
293 2010 516 2059 Constanti,
546 2010 656 2048 Italia
679 2017 718 2049 et
739 2011 963 2063 Illyricum:
1005 2011 1256 2058 Constantio,
1286 2009 1473 2060 Thracia,
1505 2017 1545 2049 et

90 2065 262 2105 Orientis
280 2067 402 2104 totius
418 2066 641 2118 imperium.

201 2123 425 2175 Pag.325·
459 2126 494 2163 1.
533 2123 798 2175 Εβασίλευσεν
820 2122 863 2163 ἐν
884 2126 934 2178 τῆ
952 2118 1072 2179 Ραῖμῃ
1094 2122 1158 2174 ε’τη
1180 2118 1245 2175 ιβ’.
1255 2121 1272 2175 ]
1305 2122 1410 2161 Haec
1434 2124 1544 2161 Con-

91 2178 209 2216 stanti
227 2179 380 2230 potius,
419 2179 565 2217 Romae
590 2179 812 2243 imperanti,
837 2185 1078 2231 competunt.
1137 2180 1412 2216 Constantinus
1439 2180 1542 2217 enim

87 2233 221 2285 junior
240 2235 392 2287 imperii
411 2235 471 2273 sui
489 2249 590 2273 anno
610 2249 669 2272 111.
689 2235 842 2273 occisus
867 2242 936 2283 est,
966 2236 1025 2274 uti
1046 2241 1214 2273 testatm
1233 2235 1408 2285 Hierony
1411 2248 1510 2274 mus.

204 2291 300 2343 Pag·
332 2292 426 2334 325.
455 2294 495 2333 3.
541 2287 713 2344 Εσφᾶγη
739 2291 781 2331 ἕν
807 2287 1013 2347 Μοθώνῃ.
1025 2291 1038 2342 ]
1087 2292 1304 2339 Quemnam
1324 2290 1391 2328 hic
1406 2292 1542 2329 locum

91 2353 280 2386 memorat
299 2347 477 2386 Auctor?
505 2347 727 2385 Methonern
747 2347 923 2398 quidem,
952 2333 1142 2386 Thraciae
1163 2347 1321 2394 urbem,
1351 2346 1541 2385 habemus

91 2402 466 2455 apudStephanum:
497 2403 610 2441 aliam
628 2406 722 2442 item
745 2403 915 2456 ejusdem
935 2403 1103 2443 nominis
1122 2404 1162 2440 in
1173 2402 1412 2451 Macedonia,
1433 2403 1541 2454 apud

92 2458 274 2497 eundem:
312 2460 528 2507 Laconiae,
558 2460 735 2498 tertiam·
776 2459 967 2510 Persidis,
998 2466 1193 2511 quartam:
1223 2459 1402 2497 Euboeae
1430 2459 1541 2496 deni-

92 2527 166 2562 que
186 2514 380 2565 quintam:
422 2516 555 2554 Italiae
586 2522 717 2554 tamen
748 2515 917 2554 nullam:
958 2530 1034 2568 qua
1054 2515 1215 2564 regione
1242 2515 1537 2553 Constantinum

90 2570 280 2621 juniorem
309 2571 587 2623 interemptum
617 2572 757 2622 fuisse,
804 2572 966 2610 tradunt
992 2572 1225 2623 Sciiptoiffcs
1298 2572 1535 2621 Ειιῑιιιρὶυε.

94 2624 382 2665 Constantinum
400 2640 517 2680 porro
540 2626 681 2666 bellum
701 2626 833 2680 fratri
852 2626 1098 2682 inferentem,
1130 2637 1164 2664 et
1186 2625 1293 2679 apud
1313 2625 1536 2679 Aquileiam

91 2680 343 2720 inconsultius
369 2681 558 2736 praelium
592 2697 836 2736 aggressum,
870 2684 1092 2723 Constantis
1123 2681 1237 2721 duces
1263 2683 1536 2722 interemerunt.

91 2732 233 2777 Eadem
254 2736 375 2777 habes
391 2739 495 2790 apud
516 2740 685 2791 Hieron)
691 2753 808 2778 mum
