1838 3230
282 173 380 224 464
624 198 630 207 -·
670 169 965 216 IOANNIS
995 171 1342 218 MALALAE

140 296 173 331 0
195 297 264 333 203
286 291 446 346 ἀμιξίας
463 290 688 346 γενομένης,
720 288 741 333 ὁ
762 289 925 344 ’Άψκαλ
941 292 995 341 εἰς
1011 290 1135 346 μέσον
1152 294 1326 349 Περσῶν
1342 289 1540 350 ὁρμήσας,
1571 295 1728 340 καὶτοῦ

279 362 406 402 ἵππου
442 358 568 402 αὐτοῦ
596 356 854 414 πατήσαντος
874 360 1081 413 λείψανον,
1114 361 1170 410 εἷς
1201 360 1326 415 μέσον
1357 360 1492 404 αὐτῶν
1518 359 1728 409 duanam

284 427 322 472 οἱ
341 429 384 470 δὲ
408 425 564 483 Φρύγες
583 424 803 482 ἑωρακότες
822 426 892 469 τὸν
911 426 1079 484 ἔξαρχον
1098 426 1253 471 ἑαυτῶν
1271 426 1445 473 πεσόντα
1473 431 1538 472 καὶ
1559 429 1606 473 τὸ
1625 426 1731 485 βάν-

284 498 358 540 δον
382 495 508 538 αὐτοῦ
530 493 608 537 ὑπὸ
629 498 804 550 Περσῶν
831 496 1118 552 συλληφθέντα
1140 499 1193 546 εἷς
1213 497 1344 553 φυγὴν
1365 495 1598 553 ἐτράπησαν
1606 530 1620 551 ,
1656 497 1732 541 miv

285 564 424 613 αὐτοῖς
443 563 487 606 δὲ
507 564 573 605 καὶ
592 563 630 605 οἳ
647 565 878 620 Σαρακηνοὶ
893 561 1113 618 Ῥωμαίων.
1186 564 1302 607 ἄλλοι
1330 566 1374 607 δὲ
1405 565 1612 620 ἐπέμειναν
1655 565 1763 609 σῦνό

279 632 431 691 Ἀρέθᾳ
448 629 679 686 μαχόμενοι.
749 629 954 685 ὑπέλαβον
973 632 1021 674 δέ
1037 649 1139 682 τινες
1167 631 1227 675 ὅτι
1256 632 1361 675 κατὰ
1396 635 1618 690 προδοσίαν
1648 637 1733 678 τῶν

284 698 505 757 φυλάρχων
527 699 661 742 αὐτῶν
681 699 860 743 δέδωκαν
878 704 988 742 νῶτα
1011 702 1177 756 φανεροὶ
1201 705 1283 744 τῶν
1297 705 1561 757 Σαρακηνῶν.
1590 700 1734 745 ’Ἰσαυ-

232 776 265 810 C
289 786 351 825 ροι
371 769 414 811 δὲ
435 769 606 822 πλησίον
627 767 762 810 αὐτῶν
782 766 951 817 ἑστῶτες
979 770 1044 810 καὶ
1066 766 1215 816 εἲὸότες
1234 769 1330 819 τοὺς
1349 769 1614 825 Σαρακηνοῦς
1633 767 1735 828 φεύ-

283 853 454 893 γοντας,
494 835 668 893 ἴῤῥιψαν
698 834 871 886 ἑαυτοὺς
895 838 938 878 ἐν
969 840 1027 894 τῷ
1060 835 1282 893 Εὐφράτῃ,
1328 839 1556 891 νομίζοντες
1592 842 1732 895 περᾶν.

284 902 526 960 Βελισάριος
546 905 589 946 δὲ
608 902 798 960 ἑωρακώς
815 904 862 947 τὸ
880 901 1105 959 γενόμενον,
1125 905 1263 957 λαβὼν
1277 905 1370 959 μεθ’
1397 904 1543 949 ἑαυτοῦ
1563 905 1610 948 τὸ
1629 906 1734 949 ἴδιον
1745 911 1790 946 10

285 971 440 1028 βάνὸον
459 972 636 1028 ἀνῆλθεν
656 973 697 1014 ἐν
717 973 845 1030 πλοίῳ
858 986 867 996 ·
904 974 984 1014 καὶ·
998 970 1177 1028 περάσας
1199 973 1270 1015 τὸν
1288 971 1512 1030 Εὐφράτην
1532 968 1661 1029 ἦλθεν
1680 975 1737 1023 εἰς

285 1042 544 1085 Καλλίνικον.
615 1039 947 1096 συνηκολούθησε
968 1041 1013 1082 δὲ
1031 1040 1142 1098 αὐτῷ
1162 1042 1227 1083 καὶ
1250 1039 1271 1083 ὃ
1290 1041 1464 1096 στρατὸς
1483 1041 1632 1084 αὐτοῦ·
1669 1043 1738 1084 καὶ

287 1109 326 1151 οἳ
347 1109 421 1162 μὲν
441 1111 496 1158 εἷς
516 1112 636 1151 πλοΐα
659 1107 854 1162 ἐμβάντες
866 1141 878 1159 ,
917 1109 955 1151 οἵ
981 1109 1026 1151 δὲ
1050 1108 1153 1162 μετὰ
1182 1113 1264 1151 τῶν
1282 1110 1419 1152 ἳππων
1440 1110 1739 1165 ἐκκολυμβῆσαι

285 1174 548 1231 βουλόμενοι,
586 1175 825 1232 ἐπλήρωσαν
852 1176 923 1219 τὸν
950 1176 1135 1230 ποταμὸν
1164 1174 1381 1231 λειψάνων.
1464 1178 1664 1227 Σουνίκας
1693 1177 1738 1220 δὲ

286 1246 353 1287 καὶ
373 1246 537 1298 Σίμμας
555 1244 761 1298 ἐπέμειναν
779 1245 882 1299 μετὰ
899 1248 1075 1301 Περσῶν
1093 1243 1338 1300 μαχόμενον
1373 1246 1438 1288 καὶ
1461 1245 1500 1287 οἷ
1521 1242 1594 1287 δύο
1615 1244 1735 1301 {Zao-⁴
1747 1253 1789 1288 15

281 1330 350 1368 χοι
369 1313 636 1366 ἐπιμείναντες
651 1312 753 1366 μετὰ
773 1317 844 1355 τοῦ
864 1313 1190 1369 περιλειφθέντος
1206 1317 1385 1370 στρατοῦ
1407 1310 1635 1367 ἀποβάντες
1654 1317 1737 1356 τῶν

284 1382 422 1423 ἳππων
454 1380 612 1435 πεζικὴν
642 1378 777 1435 μάχην
807 1374 1004 1434 ἐμάχοντο
1027 1382 1239 1436 γενναίως,
1275 1385 1341 1423 καὶ
1364 1385 1560 1430 τακτικῶς
1576 1379 1738 1437 χρησά-

283 1466 396 1503 μενοι
426 1448 601 1498 πολλούς
633 1447 845 1491 ἀπώλεσαν
880 1450 924 1490 ἐκ
948 1452 1030 1491 τῶν
1048 1451 1236 1505 Περσῶν.
1305 1448 1354 1491 οὗ
1384 1447 1669 1505 συνεχώρησαν
1693 1449 1739 1491 δὲ

137 1525 170 1559 Ο
193 1520 261 1559 204
286 1516 425 1566 αὐτοῖς
452 1518 699 1566 καταδιῶξαι
727 1516 824 1566 τούς
852 1514 1100 1572 φεύγοντας,
1149 1515 1252 1558 ἀλλὰ
1285 1518 1352 1558 καὶ
1383 1514 1738 1571 μεσολαβήσαντες

283 1592 391 1642 τρεῖς
407 1585 450 1626 ἐκ
469 1587 550 1626 τῶν
570 1582 748 1640 ἐξάρχων
781 1583 915 1626 αὐτῶν
948 1582 1021 1627 δύο
1050 1585 1124 1638 μὲν
1153 1582 1401 1640 ἐφόνευσαν,
1439 1584 1508 1626 ἵνα
1539 1585 1583 1626 δὲ
1607 1585 1792 1635 ζῶνταΞΟ

284 1653 509 1705 συνέλαβον
521 1657 579 1710 τῷ
600 1650 768 1706 ὀνόματι
779 1649 993 1708 Ἀμερδάχ,
1014 1651 1145 1708 ἄνδρα
1166 1650 1392 1706 πολεμικόν,
1414 1655 1487 1706 τῆς
1508 1653 1642 1702 δεξιᾶς
1662 1652 1739 1694 αὐ-

284 1725 358 1764 τοῦ
388 1720 473 1763 ἀπὸ
501 1724 574 1763 τοῦ
601 1720 779 1776 ἀγκῶνος
807 1721 1033 1775 τμηθείσης
1059 1717 1140 1763 ὑπὸ
1176 1721 1366 1764 Σουνίκα.
1437 1720 1505 1762 καὶ
1530 1719 1739 1774 ἐπέμειναν

376 1831 409 1865 1.
434 1826 602 1873 ἀμιξίας]
627 1828 733 1863 Redit
754 1828 954 1862 vocabulum
977 1840 1014 1873 p.
1038 1829 1094 1864 78.
1114 1827 1157 1862 E.
1225 1830 1260 1865 8.
1285 1826 1437 1875 εἰδότες]
1459 1828 1561 1863 Immo
1584 1825 1738 1870 ἰδόντες.

378 1877 431 1910 16.
455 1874 699 1919 ἐπιμείναντες
723 1874 805 1917 Ch.‚
831 1873 1080 1919 ἓπεμείνοιντες
1103 1875 1170 1909 Ox.

286 1965 402 2001 nacius
425 1977 507 2001 vero
531 1978 573 2001 ex
596 1966 737 2000 vulnere
760 1965 897 2000 cecidit.
943 1965 1122 2000 Caeterum
1146 1964 1281 2010 Apscal,
1305 1963 1506 1999 exercitibus
1525 1963 1652 1999 mixtim
1675 1975 1739 2010 pu-

287 2011 481 2056 gnantibus,
512 2011 547 2046 in
571 2012 747 2046 Persarum
770 2012 912 2046 medium
934 2011 1077 2053 delatus,
1102 2022 1188 2056 equo
1210 2021 1270 2044 suo
1294 2010 1440 2044 cadaver
1462 2009 1656 2044 offendente
1677 2010 1739 2044 de-

284 2057 456 2097 turbatus,
478 2057 514 2090 in
537 2057 652 2091 mediis
675 2057 824 2091 hostibus
846 2058 964 2102 periit.
1010 2057 1165 2101 Phryges
1182 2060 1307 2098 autem,
1330 2055 1434 2089 Ducis
1455 2055 1506 2089 sui
1529 2066 1638 2089 casum
1660 2067 1739 2100 spe—

289 2107 446 2143 ctantes,
468 2102 690 2147 vexillumque
712 2104 783 2146 ejus
806 2114 826 2137 a
848 2102 960 2137 Persis
984 2103 1152 2144 ablatum,
1177 2101 1212 2135 in
1234 2102 1348 2145 sugam
1370 2100 1453 2144 ipsi,
1477 2111 1612 2145 unaque
1633 2100 1741 2135 Sara-

290 2148 366 2181 ceni
388 2147 533 2181 Romani
555 2159 627 2182 sese
650 2148 833 2182 dederunt:
872 2147 1018 2190 caeteri,
1050 2159 1123 2182 cum
1148 2146 1275 2182 Aretha
1297 2147 1513 2180 consistentes
1535 2150 1740 2190 pugnarunt.

290 2195 535 2228 Saracenorum
558 2204 638 2227 vero
662 2194 794 2237 plurimi
817 2194 908 2239 quod
931 2193 967 2227 in
987 2194 1101 2237 fugam
1123 2205 1159 2227 se
1182 2191 1350 2232 dederint,
1371 2190 1639 2235 Phylarchorum
1659 2202 1739 2225 suo-

289 2250 362 2273 rum
387 2236 629 2283 proditionibus
652 2239 770 2272 deberi
789 2239 836 2280 id,
861 2239 1008 2273 nonnulli
1029 2238 1188 2283 suspicati
1210 2239 1296 2272 sunt.
1347 2235 1416 2277 Qui
1435 2239 1548 2270 autem
1570 2235 1635 2270 inis
1657 2247 1740 2282 pro-

290 2285 379 2318 xime
403 2283 621 2324 adstiterunt,
653 2283 780 2325 Isauri,
811 2285 998 2318 Saracenos
1021 2283 1173 2318 videntes
1194 2282 1230 2316 in
1252 2283 1366 2326 fugam
1389 2292 1585 2323 conversos,
1606 2280 1642 2314 in
1665 2281 1739 2315 Eu-

290 2331 445 2375 phratem
468 2340 503 2362 se
527 2329 755 2372 conjecerunt,
781 2330 941 2364 tranandi
964 2341 1023 2374 spe
1045 2329 1138 2364 freti.
1195 2328 1294 2362 Haec
1314 2338 1396 2360 vero
1420 2325 1478 2360 ubi
1501 2325 1589 2361 vidit
1609 2326 1741 2361 Belisa-

289 2374 370 2416 rius‚
395 2378 533 2419 arrepto
555 2374 679 2409 vexillo
701 2386 773 2416 suo,
810 2386 929 2409 navem
952 2374 1164 2415 conscendit;
1195 2373 1408 2416 trajectoque
1429 2371 1576 2413 flumine,
1600 2371 1743 2406 callini-

289 2432 364 2454 cum
388 2420 540 2453 accessit.
585 2419 685 2453 Hunc
705 2422 836 2453 secutus
860 2421 1026 2454 exercitus
1048 2421 1139 2464 ejus3
1160 2429 1300 2463 quorum
1321 2417 1485 2452 nonnullis
1506 2416 1742 2463 intempestive

289 2465 325 2499 in
348 2464 487 2508 navigia
517 2464 738 2506 irruentibus,
775 2465 848 2498 aliis
870 2477 953 2499 vero
986 2476 1145 2509 equorum
1176 2475 1240 2508 ope
1273 2462 1395 2496 flumen
1426 2461 1585 2506 trajicere
1614 2463 1741 2496 frustra

289 2510 509 2550 tentantibus,
533 2510 727 2555 Euphrates
744 2510 964 2544 cadaveribus
986 2510 1143 2555 impletus
1163 2515 1224 2543 est.
1269 2507 1408 2542 Interim
1430 2507 1573 2543 Sunicas
1594 2511 1630 2541 et
1651 2507 1741 2541 Sim-

290 2567 383 2596 maa,
406 2555 580 2597 Exarchi,
606 2555 714 2590 Persis
736 2555 969 2600 oppugnandis
992 2567 1057 2588 non
1081 2554 1299 2589 destiterunt:
1334 2553 1416 2598 quin
1439 2552 1532 2597 equis
1555 2552 1656 2588 etiam
1678 2551 1740 2586 de-

289 2601 456 2642 silientes,
492 2600 724 2645 exercituique
747 2600 920 2646 superstiti
941 2612 1012 2634 sese
1035 2600 1274 2639 immiscentes3
1309 2598 1413 2643 pedes
1435 2603 1580 2643 uterque
1600 2596 1740 2632 fortiter

291 2646 512 2680 dimicarunt:
548 2646 802 2691 agminibusque
824 2645 935 2691 perite
955 2645 1116 2680 ordinatis
1129 2669 1140 2686 ,
1164 2644 1350 2688 complures
1372 2644 1551 2684 Persarum
1573 2641 1740 2688 disperdi-

289 2691 434 2732 derunt3
475 2702 538 2725 nec
570 2703 626 2726 eos
657 2691 824 2726 Romanos
855 2691 1026 2736 fugientes
1056 2689 1193 2724 ulterius
1225 2689 1356 2733 insequi
1375 2688 1536 2722 siverunt.
1585 2686 1740 2729 Quinimo

290 2740 359 2771 tres
381 2737 528 2781 ipsorum
551 2748 684 2781 quoque
705 2737 818 2772 Duces
838 2736 1111 2782 intercipientes,
1136 2734 1218 2769 duos
1243 2746 1356 2769 eorum
1378 2734 1641 2774 interfecerunt3
1668 2736 1740 2766 ter-

286 2782 372 2816 -tium
395 2794 500 2824 vero,
535 2782 640 2816 virum
663 2782 973 2824 bellicosissimum5
993 2780 1233 2815 Amerdachum
1257 2780 1406 2821 nomine,
1430 2779 1484 2813 cui
1507 2778 1661 2812 dextram
1682 2787 1742 2810 cu-

284 2827 362 2863 ssbito
385 2831 480 2862 tenus
502 2827 901 2874 praecideratSunicas,
942 2827 1054 2863 vivum
1076 2826 1410 2873 comprehenderunt.
1454 2822 1740 2860 Exarchirnuoem
