1838 3230
317 172 416 221 652
807 140 1273 217 ANNOTAT'IONES.

316 284 385 336 qui
405 289 443 323 et
465 282 621 337 ἔξαρχος
639 291 776 337 postea
796 285 1022 336 vocabatur,
1046 286 1080 325 is
1099 294 1193 337 erat,
1223 289 1285 327 cui
1307 288 1569 330 Ecclesiarum
1589 294 1762 333 omilium

315 339 505 391 regionis,
538 341 845 393 uniuscujusque
867 342 1148 381 visitandarum
1174 358 1267 382 cura
1295 359 1342 383 ac
1372 359 1515 386 munus
1546 348 1762 387 committe-

315 396 445 436 batur.
502 395 714 435 Auctorem
734 397 951 447 interfalios
969 397 1092 437 habeo
1112 399 1293 438 Alexium
1317 401 1586 450 Aristaenum,
1618 399 1764 456 (quem

319 452 430 503 apud.
456 466 518 491 me
549 453 678 490 habeo
713 452 952 505 ineditum‚)
982 455 1023 492 in
1055 463 1262 496 comment.
1287 457 1368 495 suis
1387 459 1428 495 in
1448 459 1594 498 Canon.
1610 458 1761 501 Concil.

319 509 505 546 Graecor.
535 508 609 546 Ubi
628 508 679 546 ad
700 509 850 560 Synodi
867 510 1027 549 Laodic.
1049 512 1141 551 Can.
1159 526 1257 551 Lvu.
1275 512 1372 551 haec
1388 513 1518 554 habet.
1539 512 1541 514 ’
1575 516 1638 555 Εν
1655 510 1762 571 κόμὲῃ

315 563 417 613 τινὶ,
448 560 477 615 ἢ
496 563 563 604 καὶ
582 566 743 620 βραχείᾳ
760 561 886 615 πόλει,
918 566 960 606 ἐν
984 561 1013 622 ᾗ
1029 567 1096 607 καὶ
1122 564 1177 615 εἷς
1198 568 1460 623 πρεσβύτερος
1479 569 1660 624 ἐπαρκεῖ,
1675 567 1763 623 ,οὔκ

318 616 537 672 ἀναγκαῖον
563 620 779 661 ἐπίσκοπον
795 622 1001 676 γίνεσθαι,
1029 623 1097 663 ’ἵνα
1116 622 1169 676 μὴ
1198 622 1241 665 τὸ
1259 629 1331 665 τοῦ
1350 622 1563 667 ἐπισκόπου
1583 640 1762 668 κατευτε-

316 676 466 726 λίζηται
493 674 640 728 ὄνομα·
671 673 767 716 ἄλλα
786 676 1060 731 περιοδευτοὲς,
1092 677 1162 726 οὓς
1178 679 1246 720 καὶ
1273 678 1457 733 ἐξάρχους
1487 679 1660 737 σήμερον
1678 679 1762 724 ὄνο-

318 729 531 799 μοὲζουσιν,
563 734 618 780 εἰς
639 730 857 787 διόρθωσιν
878 737 958 774 τῶν
985 738 1168 787 ψυχικῶν
1200 735 1441 790 σφαλμάτων
1468 737 1695 780 στέλλεσθαι
1718 738 1761 779 ἒν

318 803 468 834 αυταις.

431 844 532 896 Pag·
562 845 658 887 452.
687 848 725 886 9.
766 845 821 893 εἰς
854 846 996 886 σανίδα
1025 846 1307 902 παραπλωθεὶς
1333 847 1600 903 προσηλώθη,
1636 849 1761 889 Parti-

319 899 409 937 cula
429 900 495 939 καὶ
512 899 588 938 hoc
603 901 690 938 loco
707 901 841 940 deesse
860 902 1031 941 videtur.
1779 944 1781 946 .

430 958 531 1008 Pag.
561 956 655 998 452.
688 960 752 999 16.
781 955 826 998 τό
850 957 1095 1010 μετακληθὲν
1117 955 1508 1012 Αναστασιούπολις]
1537 956 1622 998 Ser.
1651 962 1761 999 Ανα-

319 1010 611 1052 στασιούπολιν.
644 1013 846 1051 Caeterum
865 1015 991 1053 omnia
1012 1015 1178 1053 barbare
1201 1015 1304 1053 dicta
1324 1022 1426 1056 sunt.

431 1066 526 1119 Pag.
557 1071 652 1111 452.
685 1073 750 1111 21.
780 1067 852 1121 τήν
879 1066 1089 1125 ἀπόκρισιν
1107 1073 1180 1111 τοῦ
1207 1071 1398 1124 βασιλέως
1418 1072 1588 1126 Περσῶν
1605 1066 1762 1123 δεχόμε-

320 1122 410 1173 νοι]
443 1123 611 1162 Omnino
634 1125 902 1176 scribendum,
934 1127 1163 1179 δεχομένων.

437 1178 535 1231 Pag.
566 1179 659 1221 453.
693 1184 756 1223 16.
788 1182 884 1233 ἔχων
901 1181 995 1232 μεθ’
1024 1183 1166 1223 ἑαυτοῦ
1186 1179 1291 1223 κύνα
1312 1179 1487 1233 ξανθὸν]
1518 1179 1586 1222 καὶ
1604 1177 1763 1231 τυφλὸν,

323 1234 436 1272 addit
454 1235 663 1274 cedrenus.
718 1237 833 1275 Canis
858 1238 977 1291 hujus
998 1239 1165 1277 mirandi
1182 1239 1418 1278 mentionem
1443 1238 1558 1277 etiam
1578 1236 1673 1276 facit
1693 1237 1765 1274 Zo-

321 1304 448 1329 naras.

432 1344 531 1398 Pag·
563 1345 657 1388 454-
689 1350 726 1388 6.
759 1346 858 1388 uecta*
879 1347 922 1389 τὸ
940 1347 1102 1389 δυσικόν
1123 1348 1261 1402 μέρος]
1293 1350 1374 1387 Ser.
1403 1346 1574 1390 δυτικόν.
1632 1348 1767 1385 Come-

321 1408 364 1440 ta
388 1415 483 1440 vero
515 1401 582 1439 hic
610 1403 793 1453 apparuit
819 1405 1025 1443 Justiniani
1052 1405 1149 1455 Imp.
1178 1418 1278 1443 anno
1303 1419 1358 1454 IV,
1388 1404 1604 1443 secundum
1624 1403 1765 1442 Cedre-

321 1471 442 1498 num:
470 1459 532 1496 vel
553 1464 598 1496 ut
611 1459 782 1497 Zonaras
801 1461 908 1509 vult,
934 1474 973 1499 v.
1008 1461 1076 1498 sed
1096 1461 1333 1511 Procopius,
1363 1461 1428 1499 cui
1449 1460 1544 1498 fides
1563 1459 1640 1497 hac
1663 1458 1706 1496 in
1723 1470 1764 1495 re

319 1513 453 1564 potius
481 1519 538 1552 est
567 1514 807 1566 adhibenda,
845 1517 896 1554 ad
926 1516 1099 1569 ejusdem
1131 1529 1274 1555 annum
1302 1530 1388 1555 xm.
1421 1529 1510 1555 eum
1535 1515 1671 1568 ponit,
1707 1514 1764 1551 De

318 1569 411 1610 bell.
432 1570 538 1608 Pers.
560 1570 630 1608 lib.
648 1575 686 1612 2.

435 1628 531 1677 Pag.
562 1625 655 1669 456.
695 1630 733 1669 6.
779 1628 952 1676 Ρωμαῖοι
989 1624 1105 1679 μόνοι
1139 1627 1362 1679 κομίζονται
1397 1627 1496 1679 etc.]
1544 1624 1764 1676 Procopius

319 1694 404 1720 rem
425 1681 536 1720 aliter
554 1688 708 1730 narrat,
736 1682 784 1720 de
812 1683 894 1722 Bel.
922 1684 1029 1724 Pers.
1059 1684 1084 1721 l.
1109 1687 1144 1725 1.
1175 1684 1243 1722 ubi
1272 1683 1423 1722 reditus
1454 1696 1502 1722 ex
1531 1680 1764 1721 aurifodinis

319 1737 429 1775 hisee
448 1751 528 1775 non
548 1739 810 1776 Romanorum
824 1768 836 1787 ,
865 1739 932 1777 sed
952 1740 1157 1778 Persarum
1186 1740 1306 1778 fuisse
1333 1740 1449 1791 plane
1467 1745 1643 1778 testatur.

434 1794 534 1845 Pag.
565 1794 658 1836 456.
702 1798 766 1836 17.
803 1792 850 1834 τὰ
881 1793 924 1835 δὲ
951 1795 1203 1849 πεπραγμένα
1232 1792 1363 1835 αὐτῶν
1393 1791 1626 1848 ἀνεγνώσθη
1664 1796 1762 1840 etc.]

321 1845 371 1888 τὰ
398 1849 650 1902 πεπραγμένα
677 1856 768 1888 sunt
790 1850 907 1900 Acta,
946 1852 1011 1890 vel
1044 1853 1204 1891 Decreta
1235 1865 1356 1902 super
1389 1865 1504 1889 causa
1529 1849 1703 1902 qualibet
1721 1849 1764 1886 in

324 1906 529 1942 Conventu
549 1908 701 1956 agitata.
758 1906 895 1957 Itaque
925 1908 1042 1959 paulo
1075 1921 1193 1959 supra
1220 1908 1332 1945 etiam
1355 1906 1585 1956 habuimus,
1612 1920 1653 1958 p.
1674 1907 1763 1948 171.

323 1957 455 2011 λαβών
475 1959 498 2000 o‘
517 1957 634 2007 αὐτὸς
655 1961 838 2013 βασιλεύς
857 1960 904 2002 zo?
926 1964 1177 2016 πεπραγμένα
1196 1963 1344 2031 ἔσχισεν
1364 1969 1436 2002 etc.

439 2018 531 2067 Pag.
561 2016 654 2058 457.
685 2021 750 2059 11.
781 2016 846 2058 ὁιοέ
865 2022 1023 2059 πολλῶν
1045 2016 1196 2071 χρόνων
1221 2016 1407 2071 ηξιώθην
1435 2019 1530 2068 etc.]
1560 2016 1666 2055 Haec
1684 2016 1761 2077 Re*-

324 2071 382 2121 gis
399 2070 527 2109 Indici
544 2073 666 2110 verba
682 2081 789 2125 sunt3
830 2088 968 2113 verum
1009 2073 1156 2126 εἰπών’,
1187 2081 1254 2114 aut
1276 2074 1371 2127 quid
1393 2075 1515 2114 simile
1543 2072 1677 2111 deesse
1701 2084 1759 2109 vl-

325 2127 456 2165 detur.
1190 2152 1193 2162 ,

438 2181 538 2235 Pag.
570 2183 663 2225 457.
705 2187 770 2226 17.
809 2188 947 2240 φορῶν
976 2184 1157 2238 σχιαστοῖς
1187 2183 1253 2226 διοὶ
1280 2182 1550 2239 μαργαριτῶν]
1580 2183 1679 2220 Puto
1703 2181 1762 2219 le-

326 2238 496 2289 gendum
520 2235 707 2290 σχιστους.
766 2241 863 2278 Nam
891 2241 1040 2293 σχιστός
1065 2241 1180 2294 χιτών
1209 2248 1292 2281 erat
1317 2241 1466 2280 Tunica
1481 2238 1607 2279 soluta
1625 2239 1671 2276 ab
1691 2237 1763 2274 hu·

326 2295 445 2332 meris
465 2295 514 2332 ad
531 2295 685 2333 lumbos
706 2295 892 2345 demissa,
921 2312 1037 2348 quam
1058 2311 1228 2349 superne
1243 2297 1363 2335 fibula
1381 2295 1648 2335 connectebat.
1686 2293 1761 2331 He-

326 2349 508 2400 sychius:
547 2346 703 2402 Σχιτός,
745 2352 886 2402 [Lego,
927 2352 1100 2404 σχιστός]
1136 2350 1253 2404 χιτών
1287 2368 1345 2399 τις
1375 2350 1490 2399 ποιός
1528 2353 1758 2403 γυναικεῖος,

326 2403 425 2445 κατὰ
445 2403 487 2447 τό
507 2410 655 2458 στῆθος
672 2403 800 2462 πόρπῃ
821 2406 1083 2460 συνεχόμενος.
1111 2410 1187 2448 sul.
1209 2409 1305 2446 Pon.
1326 2409 1390 2448 lib.
1412 2411 1451 2449 7.
1478 2420 1564 2458 cap.
1585 2409 1647 2448 13.
1679 2403 1699 2446 ὅ
1717 2403 1760 2445 δὲ

328 2459 480 2512 σχιστός
499 2460 614 2513 χιτών
634 2459 820 2515 περόναις
836 2462 932 2504 κατὰ
951 2462 1043 2511 τους
1068 2462 1199 2516 ὤμους
1216 2466 1349 2516 διῆρτο
1362 2476 1370 2485 ·
1401 2461 1431 2515 ἦ
1450 2461 1493 2503 δὲ
1508 2458 1641 2517 πόρπη
1661 2458 1759 2502 navo?

325 2514 374 2556 τοὶ
394 2518 532 2569 στέρνα
555 2515 750 2571 ἐνήπτετο.
857 2563 860 2570 ,

435 2571 538 2611 Ibid.
594 2573 661 2614 καὶ
680 2577 805 2627 χρυσᾶ
825 2573 965 2626 ψέλια]
995 2575 1076 2613 Ser.
1095 2575 1247 2627 ψέλλια.

436 2627 538 2681 Pag.
565 2631 658 2671 457.
688 2634 749 2672 18.
777 2627 1006 2684 λινόχρυσον
1033 2629 1240 2680 φακιόλιν,
1267 2644 1339 2683 pro
1371 2625 1606 2680 φακιόλιον,
1632 2628 1692 2666 uti
1720 2633 1759 2666 et

324 2684 364 2721 in
383 2685 564 2734 proxime
582 2686 855 2737 sequentibus,
885 2682 1069 2738 μανιὰκιν
1085 2701 1156 2738 pro
1178 2683 1400 2740 μανιάκιον,
1428 2685 1641 2725 secundum
1661 2683 1760 2722 scri-

323 2739 446 2777 bendi
475 2754 623 2779 morem
648 2742 928 2780 recentioribus
959 2742 1153 2783 usitatum.
1220 2743 1289 2781 Est
1317 2755 1412 2783 vero
1443 2738 1649 2794 φακιόλιον
1664 2739 1760 2793 pilei

327 2808 449 2846 genus
467 2796 559 2835 vide
578 2797 610 2837 I.
634 2797 770 2838 Meurs.
794 2799 962 2839 Glossar.
