1838 3230
595 135 1067 181 ANNOTATIONES.
1463 142 1493 190 5
1500 143 1529 191 5
1538 146 1560 190 1

101 252 282 293 stiferum
299 250 466 292 halitum
485 257 730 291 evomentem
768 251 838 290 Est
862 258 901 290 et
921 255 1165 305 Χαρωνεῖον,
1199 253 1307 305 apud
1327 254 1479 296 Polluc.
1495 254 1562 295 lib.

101 311 144 351 8.
187 308 275 348 Una
299 306 476 349 Carceris
492 310 640 363 janua,
669 322 872 374 perquam
892 306 948 346 ad
965 317 1125 348 moriem
1144 307 1366 349 ducebatur.
1405 312 1462 350 De
1483 326 1562 364 quo

101 365 218 404 etiam
238 364 412 417 Hesych.
454 362 679 419 Χαρῶνιον,
709 369 822 417 θυρα
842 365 915 417 μία
935 368 1008 405 τοῦ
1030 367 1344 418 νομοφυλακίου,
1375 365 1433 409 δι’
1450 363 1501 422 ἧς
1523 369 1566 410 οἱ

100 418 308 464 murcidum
329 419 404 474 τήν
426 421 493 464 ἐπὶ
513 417 698 463 θανᾶτου
728 419 839 475 (Ser.
861 418 1054 478 θανάτῳ)
1085 420 1284 476 ἐξήγοντο.

181 489 326 528 Strabo
348 489 418 528 lib.
438 492 502 533 16.
525 487 773 528 Antiochiam
794 485 1025 543 τετράπολιν
1045 489 1166 528 fuisse
1182 489 1331 541 scribit,
1363 497 1402 531 et
1419 491 1461 530 in
1478 506 1562 532 mo-

97 545 194 585 dum
215 546 253 589 4.
282 545 445 584 urbium
486 545 764 584 distinctarum
797 551 1042 585 extructam:
1101 559 1270 597 quarum
1298 548 1328 588 Ι.
1361 549 1560 588 Nicatoris

97 607 192 641 erat.
233 601 282 643 II.
306 602 570 640 multitudinis
587 602 870 642 habitatorum.
899 602 967 640 Ill.
989 602 1141 640 Seleuci
1164 604 1356 644 Callinici.
1384 605 1452 646 IV.
1473 605 1561 644 An·-

99 658 222 698 tiochi
241 657 469 711 Epiphanis.
525 658 678 698 Harum
699 671 794 699 vero
825 659 1002 711 singulae
1020 672 1115 710 suo,
1145 665 1185 699 et
1209 674 1341 700 omnes
1361 664 1560 701 communi

96 727 211 754 muro
228 714 478 754 circumlatae
500 722 625 755 erant.

205 783 311 835 Pvg·
341 783 444 826 206.
470 786 534 826 12.
565 783 633 824 καὶ
652 780 792 836 φυγῶν
811 779 997 836 α’πῆλθεν
1017 781 1083 825 ἐπὶ
1099 780 1145 826 vo*
1161 782 1337 838 λιμιτόν]
1367 785 1475 825 Haec
1489 786 1559 825 ali-

95 844 156 878 ter
177 839 337 878 omnino
357 846 586 891 narrantur,
618 845 655 883 1.
673 839 847 881 Maccab.
868 845 904 882 1.

205 909 311 959 Pag.
343 911 439 951 206.
470 912 540 950 21.
586 907 655 949 καὶ
683 905 778 956 τούς
807 909 1068 961 Μακκαβεΐς]
1109 909 1171 947 lta
1198 908 1312 948 etiam
1332 910 1556 960 Cedrenus3

93 958 158 1015 ἐφ’
177 958 228 1005 οὗ
261 963 331 1004 καὶ
364 964 407 1004 οἱ
427 966 689 1018 Μακκαβαῖοι
714 960 1004 1017 ἐμαρτύρησαν.
1069 965 1326 1005 Maccabaeus
1364 967 1460 1006 licet
1491 969 1559 1006 uni

93 1020 230 1070 Judae,
266 1019 494 1060 mattathiae
518 1022 558 1060 F.
574 1035 798 1072 ⁸cognomen
819 1022 955 1067 fuerit,
988 1028 1169 1060 auctores
1186 1028 1315 1061 tamen
1333 1025 1558 1075 promiscue

94 1076 332 1127 quibuslibet
353 1090 403 1116 ex
423 1077 592 1128 Judaeis,
620 1092 698 1131 pro
716 1078 905 1128 religione
930 1077 1061 1116 Patria
1081 1078 1167 1117 dira
1188 1079 1326 1131 passis,
1358 1080 1464 1119 idem
1482 1081 1554 1119 tri-

92 1133 214 1172 buere
227 1134 305 1172 visi
325 1139 439 1176 sunt.-
468 1134 526 1173 uti
542 1135 745 1174 annotavit
763 1133 980 1175 doctissim.
1023 1135 1103 1173 Jos.
1125 1136 1310 1186 Scaliger,
1341 1135 1383 1174 in
1412 1137 1555 1176 Euseb.

93 1191 205 1238 Quos
226 1196 354 1229 autem
375 1189 442 1229 hic
462 1190 719 1230 Maccabaeos
733 1197 852 1230 vocat
881 1197 1019 1230 auctor
1042 1197 1200 1240 noster,
1229 1192 1465 1241 Eleazarus,
1493 1207 1555 1232 se-

90 1252 276 1299 ptemque
299 1246 359 1285 illi
387 1247 528 1286 fratres
557 1248 627 1300 qui
651 1261 730 1286 una
760 1261 850 1285 cum
877 1254 1003 1286 matre
1033 1261 1105 1286 sua
1126 1248 1264 1287 eodem
1283 1249 1349 1289 die
1366 1250 1453 1289 neci
1472 1249 1554 1290 dati

93 1308 201 1355 sunt,
230 1303 352 1342 fuisse
370 1303 571 1345 videntur.
599 1304 689 1344 vid.
706 1308 747 1347 2.
767 1304 944 1342 Maccab.
969 1318 1004 1343 c.
1032 1307 1074 1345 6.
1099 1310 1137 1343 et
1156 1309 1196 1348 7.

204 1373 301 1424 Pag.
328 1374 426 1414 206.
455 1374 526 1416 23.
565 1374 830 1424 Σολομῶντος
857 1368 975 1419 ὄντα]
1006 1374 1093 1411 Ser.
1127 1370 1190 1414 ὅν.

199 1439 302 1492 Pog.
335 1442 435 1482 207.
465 1440 504 1482 5.
531 1440 726 1493 Λντίοχος
747 1438 772 1481 o‘
792 1437 1000 1493 Γλαυκός]
1029 1440 1105 1480 Hic
1121 1439 1340 1480 Antiochus
1358 1440 1551 1494 Eupator‚

88 1493 175 1534 aliis
190 1495 396 1534 autoribus
419 1496 600 1535 omnibus
618 1496 749 1535 dictus
769 1503 838 1537 est.

199 1555 294 1606 Peg.
320 1555 417 1596 207·
447 1556 486 1596 6.
531 1552 554 1596 ὅ
583 1550 863 1608 Δημητριανὸς
895 1551 916 1595 ὁ
944 1549 1176 1605 Σελεύκου]
1216 1553 1452 1593 Demetrium
1484 1554 1550 1592 alii

83 1614 241 1650 vocant.

197 1663 302 1706 Ibid.
362 1663 427 1717 ἔτη
445 1661 506 1717 η’]
538 1665 651 1703 Anno
671 1678 750 1705 xu.
765 1664 861 1703 huic
882 1664 1080 1716 assignant
1096 1664 1239 1704 Euseb.
1298 1672 1338 1705 et
1365 1666 1549 1719 ἱστοριῶν

86 1734 224 1775 συναγ.
250 1721 435 1770 Scaliger.

201 1779 295 1830 Peg.
324 1781 420 1820 207.
454 1779 517 1820 17.
560 1776 755 1828 Αντίοχος
775 1775 799 1817 ὅ
826 1775 991 1831 ἔκγονος
1011 1780 1085 1817 τοῦ
1104 1774 1291 1830 Γρύπου]
1332 1775 1408 1814 Hic
1422 1777 1548 1816 Euse-

83 1833 171 1884 bio,
214 1833 484 1886 Λλὲξανδρος·
530 1833 718 1887 ἱστοριῶν
750 1835 984 1888 συναγωγῆς
1014 1834 1188 1885 auctori,
1217 1832 1491 1888 Αλέξανδρος,
1523 1833 1548 1874 ὁ

83 1893 157 1931 τοῦ
171 1893 297 1940 Βαλᾶ,
327 1890 458 1928 dictus
480 1896 550 1929 est.
1149 1908 1154 1912 -

199 1949 297 2000 Pag.
327 1950 422 1990 207.
451 1950 519 1989 22.
550 1943 645 1998 μετὰ
667 1943 765 1985 ἄλλα
783 1945 849 1997 ἔτη
870 1941 991 1999 ρνβ’.]
1023 1942 1133 1996 ἅλλα,
1154 1946 1311 1985 omnino
1330 1945 1545 1986 redundat:

84 2010 282 2042 caeterum
303 2003 415 2042 locus
432 2003 506 2041 iste
526 2008 633 2041 totus
653 2002 863 2041 mendosus
885 2016 969 2041 esse
993 2002 1162 2041 videtur.
1206 2002 1243 2041 A
1261 2003 1391 2055 primo
1411 2003 1544 2041 Seleu-

83 2060 120 2098 ci
141 2060 244 2111 regis
267 2073 392 2111 anno,
423 2059 473 2099 ad
490 2059 611 2112 hujus
641 2073 785 2098 annum
812 2065 1014 2109 octavum,
1045 2059 1238 2098 Eusebius
1256 2072 1391 2098 chxx.
1419 2073 1544 2099 annos

81 2123 296 2156 enumerat.

198 2176 294 2226 Pag.
325 2176 422 2216 208.
453 2173 491 2215 5-
527 2173 722 2224 Αντίοχος
741 2171 766 2213 ὁ
785 2168 1030 2226 Εὐεργέτης]
1060 2171 1135 2211 Hic
1153 2173 1387 2221 Demetrius,
1416 2171 1544 2209 Euse-

80 2228 164 2281 bio,
192 2236 230 2268 et
250 2230 434 2284 ἱστοριῶν
453 2242 588 2283 συναγ.
606 2229 737 2267 dictus
758 2235 837 2268 est:
868 2243 889 2267 a
907 2229 1051 2281 quibus
1071 2231 1240 2269 maxime
1258 2229 1419 2267 dissona
1437 2234 1542 2277 sunt,

83 2299 183 2337 quae
202 2285 271 2324 hic
289 2288 443 2339 profert
459 2286 613 2324 Auctor
631 2292 777 2325 noster.
838 2286 1028 2334 Quisnam
1047 2299 1143 2325 vero
1162 2287 1214 2325 sit
1230 2283 1450 2324 Antiochus
1468 2284 1542 2322 iste

81 2341 296 2392 monicus,
322 2344 406 2384 sive
423 2342 596 2382 Dionicis
615 2342 661 2383 F.
683 2356 799 2395 quem
814 2343 995 2396 proxime
1014 2343 1204 2396 producit
1224 2347 1383 2392 auctor,
1414 2341 1541 2379 fateor

81 2411 144 2437 me
163 2412 326 2439 nescire.

195 2458 292 2508 Pug-
323 2458 417 2498 208.
455 2458 520 2498 19.
550 2453 693 2511 φυγῶν
712 2453 733 2497 ὁ
755 2455 931 2505 Πῦρόος,
960 2450 1066 2507 ἦλθε
1084 2455 1254 2507 πλησίον
1273 2450 1424 2501 πόλεως
1445 2457 1538 2501 etc.]

82 2510 129 2549 In
153 2509 216 2550 his
243 2511 441 2564 discrepat
462 2521 599 2552 auctor
626 2527 647 2550 a
675 2519 834 2564 recepta
853 2511 999 2564 Pyrrhi
1024 2513 1210 2550 historia:
1253 2525 1334 2549 non
1365 2510 1469 2549 enim
1497 2510 1538 2548 in

80 2567 192 2605 Italia
205 2597 215 2616 ,
243 2567 427 2620 belloque
449 2583 471 2607 a
493 2571 612 2608 Curio
631 2569 672 2607 in
693 2569 888 2621 Pyrrhum
903 2569 1027 2616 sacto3
1058 2567 1128 2607 sed
1146 2566 1255 2619 apud
1273 2567 1398 2618 Argos
1419 2567 1539 2605 Grae-

82 2624 167 2663 ciae
187 2622 266 2662 hoc
287 2625 477 2664 accidisse
495 2633 691 2665 testantur
708 2626 900 2676 Justinus,
930 2632 967 2664 ct
986 2623 1242 2664 Plutarchus:
1273 2636 1372 2675 quos
1389 2623 1495 2662 vide.

190 2683 285 2733 Pag-
315 2684 411 2724 208.
443 2686 509 2725 22.
553 2681 578 2724 ὅ
593 2682 660 2723 καὶ
688 2685 859 2732 Παῦλος,
889 2681 914 2723 0‘
931 2678 1155 2731 Μακεδών]
1187 2679 1262 2718 HIC
1291 2679 1438 2718 Paulus
1460 2679 1537 2717 Ae-

77 2736 209 2774 milius
240 2743 318 2786 est,
349 2738 418 2789 qui
444 2753 464 2776 a
495 2739 796 2788 Macedonibus,
827 2740 1019 2789 Perseque
1049 2750 1139 2787 rege
1162 2749 1299 2775 eorum
1328 2738 1536 2788 superatis,

76 2792 355 2833 Macedonicus
375 2793 503 2834 dictus
521 2802 589 2835 est.
650 2794 854 2837 Μακεδών
882 2801 1011 2834 autem
1040 2793 1106 2831 hie
1123 2793 1241 2832 habet
1263 2799 1420 2842 auctor,
1461 2806 1534 2845 pro
