<?xml version="1.0" encoding="UTF-8"?>
<!DOCTYPE html PUBLIC "-//W3C//DTD XHTML 1.0 Transitional//EN"
    "http://www.w3.org/TR/xhtml1/DTD/xhtml1-transitional.dtd">
<html xmlns="http://www.w3.org/1999/xhtml" xml:lang="en" lang="en">
 <head>
  <title>
</title>
<meta http-equiv="Content-Type" content="text/html;charset=utf-8" />
  <meta name='ocr-system' content='tesseract 3.04.00' />
  <meta name='ocr-capabilities' content='ocr_page ocr_carea ocr_par ocr_line ocrx_word'/>
</head>
<body>
  <div class='ocr_page' id='page_1' title='image "./corpusscriptorum28niebuoft_0203.png"; bbox 0 0 1838 3230; ppageno 0'>
   <div class='ocr_carea' id='block_1_1' title="bbox 527 177 1654 239">
    <p class='ocr_par' dir='ltr' id='par_1_1' title="bbox 527 177 1654 239">
     <span class='ocr_line' id='line_1_1' title="bbox 527 177 1654 239; baseline 0.013 -17"><span class='ocrx_word' id='word_1_1' title='bbox 527 177 1141 225; x_wconf 87' lang='lat' dir='ltr'><strong>CHRONOGRAPHIA.</strong></span> <span class='ocrx_word' id='word_1_2' title='bbox 1172 181 1222 225; x_wconf 82' lang='lat' dir='ltr'><strong><em>L.</em></strong></span> <span class='ocrx_word' id='word_1_3' title='bbox 1251 183 1304 228; x_wconf 93' lang='lat' dir='ltr'><strong><em>V.</em></strong></span> <span class='ocrx_word' id='word_1_4' title='bbox 1561 190 1654 239; x_wconf 78' lang='lat'><strong><em>121</em></strong></span> 
     </span>
    </p>
   </div>
   <div class='ocr_carea' id='block_1_2' title="bbox 102 295 1803 1810">
    <p class='ocr_par' dir='ltr' id='par_1_2' title="bbox 102 295 1803 1810">
     <span class='ocr_line' id='line_1_2' title="bbox 177 295 1657 362; baseline 0.008 -24"><span class='ocrx_word' id='word_1_5' title='bbox 177 299 340 351; x_wconf 79' lang='grc' dir='ltr'><strong><em>μιαρῶς</em></strong></span> <span class='ocrx_word' id='word_1_6' title='bbox 355 295 570 355; x_wconf 73' lang='grc' dir='ltr'><strong><em>κέχρηνται</em></strong></span> <span class='ocrx_word' id='word_1_7' title='bbox 596 302 648 356; x_wconf 79' lang='grc' dir='ltr'><strong><em>τῇ</em></strong></span> <span class='ocrx_word' id='word_1_8' title='bbox 668 300 879 361; x_wconf 69' lang='grc' dir='ltr'><strong><em>συνουσίᾳ.</em></strong></span> <span class='ocrx_word' id='word_1_9' title='bbox 916 302 983 344; x_wconf 82' lang='grc' dir='ltr'><strong><em>καὶ</em></strong></span> <span class='ocrx_word' id='word_1_10' title='bbox 998 305 1158 357; x_wconf 82' lang='grc' dir='ltr'><strong><em>μᾶλλον</em></strong></span> <span class='ocrx_word' id='word_1_11' title='bbox 1176 302 1431 362; x_wconf 75' lang='grc' dir='ltr'><strong><em>σαφέστερον</em></strong></span> <span class='ocrx_word' id='word_1_12' title='bbox 1451 298 1574 357; x_wconf 66' lang='grc' dir='ltr'><strong><em>οὗτος</em></strong></span> <span class='ocrx_word' id='word_1_13' title='bbox 1589 308 1657 350; x_wconf 81' lang='grc' dir='ltr'><strong><em>καὶ</em></strong></span> 
     </span>
     <span class='ocr_line' id='line_1_3' title="bbox 177 363 1188 431; baseline 0.009 -24"><span class='ocrx_word' id='word_1_14' title='bbox 177 363 487 424; x_wconf 73' lang='grc' dir='ltr'><strong><em>ἀληθινώτερον</em></strong></span> <span class='ocrx_word' id='word_1_15' title='bbox 507 364 760 424; x_wconf 78' lang='grc' dir='ltr'><strong><em>ἦρμήνευσεν</em></strong></span> <span class='ocrx_word' id='word_1_16' title='bbox 780 370 823 412; x_wconf 71' lang='grc' dir='ltr'><strong><em>ἐν</em></strong></span> <span class='ocrx_word' id='word_1_17' title='bbox 843 374 896 427; x_wconf 84' lang='grc' dir='ltr'><strong><em>τῇ</em></strong></span> <span class='ocrx_word' id='word_1_18' title='bbox 916 371 1000 431; x_wconf 71' lang='grc' dir='ltr'><strong><em>ι’δίᾳ</em></strong></span> <span class='ocrx_word' id='word_1_19' title='bbox 1018 371 1188 417; x_wconf 71' lang='grc' dir='ltr'><strong><em>ἐκθέσει.</em></strong></span> 
     </span>
     <span class='ocr_line' id='line_1_4' title="bbox 273 433 1655 499; baseline 0.006 -21"><span class='ocrx_word' id='word_1_20' title='bbox 273 433 376 478; x_wconf 80' lang='grc' dir='ltr'><strong><em>Ἀπὸ</em></strong></span> <span class='ocrx_word' id='word_1_21' title='bbox 403 436 448 479; x_wconf 75' lang='grc' dir='ltr'><strong><em>δὲ</em></strong></span> <span class='ocrx_word' id='word_1_22' title='bbox 473 439 549 491; x_wconf 83' lang='grc' dir='ltr'><strong><em>τῆς</em></strong></span> <span class='ocrx_word' id='word_1_23' title='bbox 569 434 697 491; x_wconf 82' lang='grc' dir='ltr'><strong><em>νήσου</em></strong></span> <span class='ocrx_word' id='word_1_24' title='bbox 726 442 801 493; x_wconf 80' lang='grc' dir='ltr'><strong><em>τῆς</em></strong></span> <span class='ocrx_word' id='word_1_25' title='bbox 818 440 978 496; x_wconf 77' lang='grc' dir='ltr'><strong><em>Κίρκης</em></strong></span> <span class='ocrx_word' id='word_1_26' title='bbox 1003 438 1235 497; x_wconf 75' lang='grc' dir='ltr'><strong><em>ἐξορμήσας</em></strong></span> <span class='ocrx_word' id='word_1_27' title='bbox 1262 438 1524 493; x_wconf 80' lang='grc' dir='ltr'><strong><em>ὄὈδυσσεῦς</em></strong></span> <span class='ocrx_word' id='word_1_28' title='bbox 1553 440 1655 499; x_wconf 83' lang='grc' dir='ltr'><strong><em>ἆνή-</em></strong></span> 
     </span>
     <span class='ocr_line' id='line_1_5' title="bbox 173 502 1708 569; baseline 0.008 -23"><span class='ocrx_word' id='word_1_29' title='bbox 173 507 263 559; x_wconf 83' lang='grc' dir='ltr'><strong><em>χθη</em></strong></span> <span class='ocrx_word' id='word_1_30' title='bbox 285 502 342 554; x_wconf 81' lang='grc' dir='ltr'><strong><em>εἷς</em></strong></span> <span class='ocrx_word' id='word_1_31' title='bbox 358 503 434 561; x_wconf 87' lang='grc' dir='ltr'><strong><em>τὴν</em></strong></span> <span class='ocrx_word' id='word_1_32' title='bbox 453 503 582 560; x_wconf 79' lang='grc' dir='ltr'><strong><em>ἄλλην</em></strong></span> <span class='ocrx_word' id='word_1_33' title='bbox 601 509 749 561; x_wconf 78' lang='grc' dir='ltr'><strong><em>νῆσον,</em></strong></span> <span class='ocrx_word' id='word_1_34' title='bbox 786 504 868 550; x_wconf 78' lang='grc' dir='ltr'><strong><em>ὖπὸ</em></strong></span> <span class='ocrx_word' id='word_1_35' title='bbox 894 507 1054 563; x_wconf 75' lang='grc' dir='ltr'><strong><em>ἀνέμων</em></strong></span> <span class='ocrx_word' id='word_1_36' title='bbox 1081 510 1275 554; x_wconf 74' lang='grc' dir='ltr'><strong><em>ἐναντίων</em></strong></span> <span class='ocrx_word' id='word_1_37' title='bbox 1307 510 1504 569; x_wconf 72' lang='grc' dir='ltr'><strong><em>ἕκριφείς·</em></strong></span> <span class='ocrx_word' id='word_1_38' title='bbox 1542 510 1651 556; x_wconf 83' lang='grc' dir='ltr'><strong><em>ὅντι-</em></strong></span> <span class='ocrx_word' id='word_1_39' title='bbox 1675 524 1708 559; x_wconf 90' lang='lat' dir='ltr'>D</span> 
     </span>
     <span class='ocr_line' id='line_1_6' title="bbox 140 571 1657 637; baseline 0.005 -21"><span class='ocrx_word' id='word_1_40' title='bbox 140 585 230 621; x_wconf 88' lang='grc' dir='ltr'><strong><em>5να</em></strong></span> <span class='ocrx_word' id='word_1_41' title='bbox 253 572 420 624; x_wconf 67' lang='grc' dir='ltr'><strong><em>ἐδέξατο</em></strong></span> <span class='ocrx_word' id='word_1_42' title='bbox 451 575 518 616; x_wconf 82' lang='grc' dir='ltr'><strong><em>καὶ</em></strong></span> <span class='ocrx_word' id='word_1_43' title='bbox 547 571 815 631; x_wconf 82' lang='grc' dir='ltr'><strong><em>ἧΚαλυψώ,</em></strong></span> <span class='ocrx_word' id='word_1_44' title='bbox 853 574 880 632; x_wconf 82' lang='grc' dir='ltr'><em>ἦ</em></span> <span class='ocrx_word' id='word_1_45' title='bbox 909 576 1068 634; x_wconf 85' lang='grc' dir='ltr'><strong><em>ἀδελφὴ</em></strong></span> <span class='ocrx_word' id='word_1_46' title='bbox 1097 583 1171 634; x_wconf 83' lang='grc' dir='ltr'><strong><em>τῆς</em></strong></span> <span class='ocrx_word' id='word_1_47' title='bbox 1194 580 1375 636; x_wconf 85' lang='grc' dir='ltr'><strong><em>Κίρκης,</em></strong></span> <span class='ocrx_word' id='word_1_48' title='bbox 1414 582 1481 623; x_wconf 80' lang='grc' dir='ltr'><strong><em>καὶ</em></strong></span> <span class='ocrx_word' id='word_1_49' title='bbox 1502 585 1657 637; x_wconf 80' lang='grc' dir='ltr'><strong><em>πολλῆς</em></strong></span> 
     </span>
     <span class='ocr_line' id='line_1_7' title="bbox 173 642 1652 706; baseline 0.005 -21"><span class='ocrx_word' id='word_1_50' title='bbox 173 643 401 699; x_wconf 75' lang='grc' dir='ltr'><strong><em>θεραπείας</em></strong></span> <span class='ocrx_word' id='word_1_51' title='bbox 428 642 599 698; x_wconf 72' lang='grc' dir='ltr'><strong><em>ἠξίωσεν</em></strong></span> <span class='ocrx_word' id='word_1_52' title='bbox 630 642 780 703; x_wconf 73' lang='grc' dir='ltr'><strong><em>αὐτόν,</em></strong></span> <span class='ocrx_word' id='word_1_53' title='bbox 825 653 1071 702; x_wconf 86' lang='grc' dir='ltr'><strong><em>συμμιγεῖσα</em></strong></span> <span class='ocrx_word' id='word_1_54' title='bbox 1109 647 1223 706; x_wconf 80' lang='grc' dir='ltr'><strong><em>αὐτῷ</em></strong></span> <span class='ocrx_word' id='word_1_55' title='bbox 1261 649 1330 691; x_wconf 81' lang='grc' dir='ltr'><strong><em>καὶ</em></strong></span> <span class='ocrx_word' id='word_1_56' title='bbox 1360 649 1465 706; x_wconf 78' lang='grc' dir='ltr'><strong><em>πρὸς</em></strong></span> <span class='ocrx_word' id='word_1_57' title='bbox 1506 648 1652 706; x_wconf 84' lang='grc' dir='ltr'><strong><em>γάμον.</em></strong></span> 
     </span>
     <span class='ocr_line' id='line_1_8' title="bbox 173 709 1654 774; baseline 0.005 -20"><span class='ocrx_word' id='word_1_58' title='bbox 173 710 363 755; x_wconf 84' lang='grc' dir='ltr'><strong><em>κάκεῖθεν</em></strong></span> <span class='ocrx_word' id='word_1_59' title='bbox 390 709 579 768; x_wconf 81' lang='grc' dir='ltr'><strong><em>ἀνήχθη,</em></strong></span> <span class='ocrx_word' id='word_1_60' title='bbox 623 711 729 756; x_wconf 66' lang='grc' dir='ltr'><strong><em>ἔνθα</em></strong></span> <span class='ocrx_word' id='word_1_61' title='bbox 765 715 887 771; x_wconf 85' lang='grc' dir='ltr'><strong><em>λίμνη</em></strong></span> <span class='ocrx_word' id='word_1_62' title='bbox 917 713 1072 773; x_wconf 71' lang='grc' dir='ltr'><strong><em>ὑπῆρχε</em></strong></span> <span class='ocrx_word' id='word_1_63' title='bbox 1097 715 1253 774; x_wconf 81' lang='grc' dir='ltr'><strong><em>μεγάλη</em></strong></span> <span class='ocrx_word' id='word_1_64' title='bbox 1275 719 1447 773; x_wconf 88' lang='grc' dir='ltr'><strong><em>πλησίον</em></strong></span> <span class='ocrx_word' id='word_1_65' title='bbox 1470 723 1546 774; x_wconf 76' lang='grc' dir='ltr'><strong><em>τῆς</em></strong></span> <span class='ocrx_word' id='word_1_66' title='bbox 1567 723 1654 762; x_wconf 77' lang='grc' dir='ltr'><strong><em>θα·-</em></strong></span> 
     </span>
     <span class='ocr_line' id='line_1_9' title="bbox 172 777 1803 846; baseline 0.007 -24"><span class='ocrx_word' id='word_1_67' title='bbox 172 777 352 836; x_wconf 81' lang='grc' dir='ltr'><strong><em>λάσσης,</em></strong></span> <span class='ocrx_word' id='word_1_68' title='bbox 371 824 373 827; x_wconf 82' lang='grc'><strong><em>,</em></strong></span> <span class='ocrx_word' id='word_1_69' title='bbox 390 781 583 838; x_wconf 71' lang='grc' dir='ltr'><strong><em>λεγομένη</em></strong></span> <span class='ocrx_word' id='word_1_70' title='bbox 605 779 630 837; x_wconf 81' lang='grc' dir='ltr'><em>ἦ</em></span> <span class='ocrx_word' id='word_1_71' title='bbox 659 781 975 839; x_wconf 87' lang='grc' dir='ltr'><strong><em>Νεκυόπομπος,</em></strong></span> <span class='ocrx_word' id='word_1_72' title='bbox 1013 787 1082 828; x_wconf 77' lang='grc' dir='ltr'><strong><em>καὶ</em></strong></span> <span class='ocrx_word' id='word_1_73' title='bbox 1106 786 1144 828; x_wconf 81' lang='grc' dir='ltr'><strong><em>οἳ</em></strong></span> <span class='ocrx_word' id='word_1_74' title='bbox 1166 787 1371 837; x_wconf 77' lang='grc' dir='ltr'><strong><em>οἰκοῦντες</em></strong></span> <span class='ocrx_word' id='word_1_75' title='bbox 1389 788 1431 830; x_wconf 72' lang='grc' dir='ltr'><strong><em>ἓν</em></strong></span> <span class='ocrx_word' id='word_1_76' title='bbox 1450 787 1556 846; x_wconf 79' lang='grc' dir='ltr'><strong><em>αὐτῇ</em></strong></span> <span class='ocrx_word' id='word_1_77' title='bbox 1578 787 1652 831; x_wconf 74' lang='grc' dir='ltr'><strong><em>δίν-</em></strong></span> <span class='ocrx_word' id='word_1_78' title='bbox 1676 797 1710 832; x_wconf 93' lang='lat' dir='ltr'>O</span> <span class='ocrx_word' id='word_1_79' title='bbox 1735 794 1803 834; x_wconf 85' lang='lat'><strong><em>154</em></strong></span> 
     </span>
     <span class='ocr_line' id='line_1_10' title="bbox 171 847 1651 917; baseline 0.006 -26"><span class='ocrx_word' id='word_1_80' title='bbox 171 850 266 906; x_wconf 84' lang='grc' dir='ltr'><strong><em>δρες</em></strong></span> <span class='ocrx_word' id='word_1_81' title='bbox 292 847 483 904; x_wconf 85' lang='grc' dir='ltr'><strong><em>μάντεις·</em></strong></span> <span class='ocrx_word' id='word_1_82' title='bbox 519 851 664 901; x_wconf 70' lang='grc' dir='ltr'><strong><em>οἵτινες</em></strong></span> <span class='ocrx_word' id='word_1_83' title='bbox 688 853 844 903; x_wconf 67' lang='grc' dir='ltr'><strong><em>ἐξεῖπον</em></strong></span> <span class='ocrx_word' id='word_1_84' title='bbox 880 853 992 912; x_wconf 77' lang='grc' dir='ltr'><strong><em>αὐτῷ</em></strong></span> <span class='ocrx_word' id='word_1_85' title='bbox 1028 851 1164 898; x_wconf 84' lang='grc' dir='ltr'><strong><em>πάντα</em></strong></span> <span class='ocrx_word' id='word_1_86' title='bbox 1198 854 1251 898; x_wconf 83' lang='grc' dir='ltr'><strong><em>τὰ</em></strong></span> <span class='ocrx_word' id='word_1_87' title='bbox 1282 853 1500 910; x_wconf 78' lang='grc' dir='ltr'><strong><em>συμβάντα</em></strong></span> <span class='ocrx_word' id='word_1_88' title='bbox 1537 856 1651 917; x_wconf 78' lang='grc' dir='ltr'><strong><em>αὐτῷ’</em></strong></span> 
     </span>
     <span class='ocr_line' id='line_1_11' title="bbox 115 917 1651 982; baseline 0.006 -22"><span class='ocrx_word' id='word_1_89' title='bbox 115 930 160 966; x_wconf 86' lang='lat'><strong><em>10</em></strong></span> <span class='ocrx_word' id='word_1_90' title='bbox 171 920 239 961; x_wconf 79' lang='grc' dir='ltr'><strong><em>καὶ</em></strong></span> <span class='ocrx_word' id='word_1_91' title='bbox 259 917 312 962; x_wconf 82' lang='grc' dir='ltr'><strong><em>τὰ</em></strong></span> <span class='ocrx_word' id='word_1_92' title='bbox 330 919 548 974; x_wconf 75' lang='grc' dir='ltr'><strong><em>μέλλοντα.</em></strong></span> <span class='ocrx_word' id='word_1_93' title='bbox 621 922 688 963; x_wconf 81' lang='grc' dir='ltr'><strong><em>καὶ</em></strong></span> <span class='ocrx_word' id='word_1_94' title='bbox 720 921 918 976; x_wconf 78' lang='grc' dir='ltr'><strong><em>ἀναχθεὶς</em></strong></span> <span class='ocrx_word' id='word_1_95' title='bbox 945 923 1100 966; x_wconf 72' lang='grc' dir='ltr'><strong><em>ἐκεῖθεν</em></strong></span> <span class='ocrx_word' id='word_1_96' title='bbox 1125 928 1329 979; x_wconf 83' lang='grc' dir='ltr'><strong><em>χειμῶνος</em></strong></span> <span class='ocrx_word' id='word_1_97' title='bbox 1342 923 1521 981; x_wconf 76' lang='grc' dir='ltr'><strong><em>μεγάλου</em></strong></span> <span class='ocrx_word' id='word_1_98' title='bbox 1538 943 1651 982; x_wconf 85' lang='grc' dir='ltr'><strong><em>γενο-</em></strong></span> 
     </span>
     <span class='ocr_line' id='line_1_12' title="bbox 167 986 1651 1049; baseline 0.005 -19"><span class='ocrx_word' id='word_1_99' title='bbox 167 986 294 1043; x_wconf 76' lang='grc' dir='ltr'><strong><em>μένου</em></strong></span> <span class='ocrx_word' id='word_1_100' title='bbox 323 986 546 1045; x_wconf 85' lang='grc' dir='ltr'><strong><em>θαλάσσης</em></strong></span> <span class='ocrx_word' id='word_1_101' title='bbox 576 988 804 1047; x_wconf 72' lang='grc' dir='ltr'><strong><em>ἔκρίπτεται</em></strong></span> <span class='ocrx_word' id='word_1_102' title='bbox 837 993 894 1042; x_wconf 78' lang='grc' dir='ltr'><strong><em>εἷς</em></strong></span> <span class='ocrx_word' id='word_1_103' title='bbox 920 991 997 1042; x_wconf 83' lang='grc' dir='ltr'><strong><em>τὰς</em></strong></span> <span class='ocrx_word' id='word_1_104' title='bbox 1017 993 1234 1048; x_wconf 80' lang='grc' dir='ltr'><strong><em>Σερενίδας</em></strong></span> <span class='ocrx_word' id='word_1_105' title='bbox 1263 991 1372 1036; x_wconf 75' lang='grc' dir='ltr'><strong><em>οὕτω</em></strong></span> <span class='ocrx_word' id='word_1_106' title='bbox 1395 995 1651 1049; x_wconf 79' lang='grc' dir='ltr'><strong><em>καλουμένας</em></strong></span> 
     </span>
     <span class='ocr_line' id='line_1_13' title="bbox 168 1056 1649 1117; baseline 0.005 -18"><span class='ocrx_word' id='word_1_107' title='bbox 168 1056 340 1114; x_wconf 75' lang='grc' dir='ltr'><strong><em>πέτρας,</em></strong></span> <span class='ocrx_word' id='word_1_108' title='bbox 378 1058 427 1100; x_wconf 68' lang='grc' dir='ltr'><strong><em>αἳ</em></strong></span> <span class='ocrx_word' id='word_1_109' title='bbox 448 1058 492 1101; x_wconf 74' lang='grc' dir='ltr'><strong><em>ἔκ</em></strong></span> <span class='ocrx_word' id='word_1_110' title='bbox 520 1063 602 1101; x_wconf 85' lang='grc' dir='ltr'><strong><em>τῶν</em></strong></span> <span class='ocrx_word' id='word_1_111' title='bbox 629 1058 901 1116; x_wconf 81' lang='grc' dir='ltr'><strong><em>κρουσμάτων</em></strong></span> <span class='ocrx_word' id='word_1_112' title='bbox 920 1065 1004 1103; x_wconf 85' lang='grc' dir='ltr'><strong><em>τῶν</em></strong></span> <span class='ocrx_word' id='word_1_113' title='bbox 1034 1059 1229 1116; x_wconf 84' lang='grc' dir='ltr'><strong><em>κυμάτων</em></strong></span> <span class='ocrx_word' id='word_1_114' title='bbox 1253 1056 1354 1117; x_wconf 78' lang='grc' dir='ltr'><strong><em>ἦχος</em></strong></span> <span class='ocrx_word' id='word_1_115' title='bbox 1379 1062 1649 1108; x_wconf 78' lang='grc' dir='ltr'><strong><em>ἀποτελοῦσιν</em></strong></span> 
     </span>
     <span class='ocr_line' id='line_1_14' title="bbox 166 1124 1644 1189; baseline 0.005 -22"><span class='ocrx_word' id='word_1_116' title='bbox 166 1124 285 1170; x_wconf 71' lang='grc' dir='ltr'><strong><em>ἴδιον.</em></strong></span> <span class='ocrx_word' id='word_1_117' title='bbox 356 1126 544 1170; x_wconf 78' lang='grc' dir='ltr'><strong><em>κάκεῖθεν</em></strong></span> <span class='ocrx_word' id='word_1_118' title='bbox 568 1126 776 1184; x_wconf 76' lang='grc' dir='ltr'><strong><em>ἓξειλήσας</em></strong></span> <span class='ocrx_word' id='word_1_119' title='bbox 799 1124 931 1185; x_wconf 76' lang='grc' dir='ltr'><strong><em>ἦλθεν</em></strong></span> <span class='ocrx_word' id='word_1_120' title='bbox 957 1131 1014 1180; x_wconf 78' lang='grc' dir='ltr'><strong><em>εἷς</em></strong></span> <span class='ocrx_word' id='word_1_121' title='bbox 1039 1129 1115 1186; x_wconf 84' lang='grc' dir='ltr'><strong><em>τὴν</em></strong></span> <span class='ocrx_word' id='word_1_122' title='bbox 1134 1131 1389 1187; x_wconf 73' lang='grc' dir='ltr'><strong><em>καλουμένην</em></strong></span> <span class='ocrx_word' id='word_1_123' title='bbox 1406 1129 1644 1189; x_wconf 82' lang='grc' dir='ltr'><strong><em>Χάρυβδιν,</em></strong></span> 
     </span>
     <span class='ocr_line' id='line_1_15' title="bbox 165 1193 1705 1258; baseline 0.005 -21"><span class='ocrx_word' id='word_1_124' title='bbox 165 1195 223 1246; x_wconf 77' lang='grc' dir='ltr'><strong><em>εἷς</em></strong></span> <span class='ocrx_word' id='word_1_125' title='bbox 240 1193 399 1246; x_wconf 86' lang='grc' dir='ltr'><strong><em>τόπους</em></strong></span> <span class='ocrx_word' id='word_1_126' title='bbox 414 1195 580 1253; x_wconf 80' lang='grc' dir='ltr'><strong><em>ἀγρίους</em></strong></span> <span class='ocrx_word' id='word_1_127' title='bbox 601 1199 668 1240; x_wconf 81' lang='grc' dir='ltr'><strong><em>καὶ</em></strong></span> <span class='ocrx_word' id='word_1_128' title='bbox 692 1195 929 1253; x_wconf 79' lang='grc' dir='ltr'><strong><em>ἀποτόμους</em></strong></span> <span class='ocrx_word' id='word_1_129' title='bbox 945 1211 955 1222; x_wconf 89' lang='grc'><em>·</em></span> <span class='ocrx_word' id='word_1_130' title='bbox 991 1197 1110 1242; x_wconf 82' lang='grc' dir='ltr'><strong><em>κάκεῖ</em></strong></span> <span class='ocrx_word' id='word_1_131' title='bbox 1122 1196 1258 1250; x_wconf 88' lang='grc' dir='ltr'><strong><em>πάσας</em></strong></span> <span class='ocrx_word' id='word_1_132' title='bbox 1278 1199 1353 1250; x_wconf 78' lang='grc' dir='ltr'><strong><em>τὰς</em></strong></span> <span class='ocrx_word' id='word_1_133' title='bbox 1376 1198 1646 1258; x_wconf 83' lang='grc' dir='ltr'><strong><em>ὖπολειφθεί-</em></strong></span> <span class='ocrx_word' id='word_1_134' title='bbox 1703 1230 1705 1233; x_wconf 95' lang='grc'>-</span> 
     </span>
     <span class='ocr_line' id='line_1_16' title="bbox 111 1263 1696 1324; baseline 0.004 -17"><span class='ocrx_word' id='word_1_135' title='bbox 111 1277 158 1313; x_wconf 87' lang='lat'><strong><em>15</em></strong></span> <span class='ocrx_word' id='word_1_136' title='bbox 169 1279 248 1315; x_wconf 89' lang='grc' dir='ltr'><strong><em>σας</em></strong></span> <span class='ocrx_word' id='word_1_137' title='bbox 263 1263 377 1324; x_wconf 78' lang='grc' dir='ltr'><strong><em>αὐτῷ</em></strong></span> <span class='ocrx_word' id='word_1_138' title='bbox 395 1270 498 1316; x_wconf 82' lang='grc' dir='ltr'><strong><em>ναῦς</em></strong></span> <span class='ocrx_word' id='word_1_139' title='bbox 519 1268 587 1309; x_wconf 86' lang='grc' dir='ltr'><strong><em>καὶ</em></strong></span> <span class='ocrx_word' id='word_1_140' title='bbox 603 1265 676 1310; x_wconf 83' lang='grc' dir='ltr'><strong><em>τὸν</em></strong></span> <span class='ocrx_word' id='word_1_141' title='bbox 694 1266 874 1324; x_wconf 82' lang='grc' dir='ltr'><strong><em>στρατὸν</em></strong></span> <span class='ocrx_word' id='word_1_142' title='bbox 891 1264 1121 1322; x_wconf 83' lang='grc' dir='ltr'><strong><em>ἀπώλεσεν,</em></strong></span> <span class='ocrx_word' id='word_1_143' title='bbox 1161 1268 1286 1319; x_wconf 75' lang='grc' dir='ltr'><strong><em>αὐτὸς</em></strong></span> <span class='ocrx_word' id='word_1_144' title='bbox 1305 1270 1350 1312; x_wconf 74' lang='grc' dir='ltr'><strong><em>δὲ</em></strong></span> <span class='ocrx_word' id='word_1_145' title='bbox 1365 1267 1386 1312; x_wconf 84' lang='grc' dir='ltr'>ὅ</span> <span class='ocrx_word' id='word_1_146' title='bbox 1414 1269 1641 1321; x_wconf 76' lang='grc' dir='ltr'><strong><em>Ὀδυσσεὺς</em></strong></span> <span class='ocrx_word' id='word_1_147' title='bbox 1663 1284 1696 1319; x_wconf 80' lang='grc' dir='ltr'><strong>Ε</strong></span> 
     </span>
     <span class='ocr_line' id='line_1_17' title="bbox 162 1331 1642 1396; baseline 0.005 -20"><span class='ocrx_word' id='word_1_148' title='bbox 162 1331 290 1389; x_wconf 80' lang='grc' dir='ltr'><strong><em>μόνος</em></strong></span> <span class='ocrx_word' id='word_1_149' title='bbox 310 1334 353 1377; x_wconf 77' lang='grc' dir='ltr'><strong><em>ἓν</em></strong></span> <span class='ocrx_word' id='word_1_150' title='bbox 369 1335 504 1378; x_wconf 82' lang='grc' dir='ltr'><strong><em>σανίδι</em></strong></span> <span class='ocrx_word' id='word_1_151' title='bbox 523 1339 598 1379; x_wconf 85' lang='grc' dir='ltr'><strong><em>τοῦ</em></strong></span> <span class='ocrx_word' id='word_1_152' title='bbox 618 1337 763 1380; x_wconf 90' lang='grc' dir='ltr'><strong><em>πλοίου</em></strong></span> <span class='ocrx_word' id='word_1_153' title='bbox 789 1337 832 1379; x_wconf 76' lang='grc' dir='ltr'><strong><em>ἓν</em></strong></span> <span class='ocrx_word' id='word_1_154' title='bbox 853 1340 913 1396; x_wconf 80' lang='grc' dir='ltr'><strong><em>τῷ</em></strong></span> <span class='ocrx_word' id='word_1_155' title='bbox 931 1334 1090 1394; x_wconf 80' lang='grc' dir='ltr'><strong><em>πελάγει</em></strong></span> <span class='ocrx_word' id='word_1_156' title='bbox 1112 1337 1277 1395; x_wconf 69' lang='grc' dir='ltr'><strong><em>ἐφέρετο</em></strong></span> <span class='ocrx_word' id='word_1_157' title='bbox 1288 1371 1302 1391; x_wconf 90' lang='grc'><strong><em>,</em></strong></span> <span class='ocrx_word' id='word_1_158' title='bbox 1339 1338 1552 1394; x_wconf 75' lang='grc' dir='ltr'><strong><em>ἀναμένων</em></strong></span> <span class='ocrx_word' id='word_1_159' title='bbox 1570 1339 1642 1383; x_wconf 80' lang='grc' dir='ltr'><strong><em>τὸν</em></strong></span> 
     </span>
     <span class='ocr_line' id='line_1_18' title="bbox 160 1401 1643 1463; baseline 0.003 -16"><span class='ocrx_word' id='word_1_160' title='bbox 160 1403 266 1459; x_wconf 82' lang='grc' dir='ltr'><strong><em>μετὰ</em></strong></span> <span class='ocrx_word' id='word_1_161' title='bbox 297 1403 394 1459; x_wconf 82' lang='grc' dir='ltr'><strong><em>βίας</em></strong></span> <span class='ocrx_word' id='word_1_162' title='bbox 425 1401 627 1449; x_wconf 86' lang='grc' dir='ltr'><strong><em>θάνατον.</em></strong></span> <span class='ocrx_word' id='word_1_163' title='bbox 706 1409 854 1449; x_wconf 82' lang='grc' dir='ltr'><strong><em>τοῦτον</em></strong></span> <span class='ocrx_word' id='word_1_164' title='bbox 881 1406 927 1449; x_wconf 80' lang='grc' dir='ltr'><strong><em>δὲ</em></strong></span> <span class='ocrx_word' id='word_1_165' title='bbox 960 1404 1186 1463; x_wconf 72' lang='grc' dir='ltr'><strong><em>ἑωρακότες</em></strong></span> <span class='ocrx_word' id='word_1_166' title='bbox 1220 1408 1326 1457; x_wconf 73' lang='grc' dir='ltr'><strong><em>τινὲς</em></strong></span> <span class='ocrx_word' id='word_1_167' title='bbox 1369 1407 1643 1459; x_wconf 80' lang='grc' dir='ltr'><strong><em>ἀποπλέοντες</em></strong></span> 
     </span>
     <span class='ocr_line' id='line_1_19' title="bbox 159 1470 1637 1532; baseline 0.003 -16"><span class='ocrx_word' id='word_1_168' title='bbox 159 1476 308 1516; x_wconf 82' lang='grc' dir='ltr'><strong><em>ναῦται</em></strong></span> <span class='ocrx_word' id='word_1_169' title='bbox 345 1475 533 1526; x_wconf 83' lang='grc' dir='ltr'><strong><em>Φοίνικες</em></strong></span> <span class='ocrx_word' id='word_1_170' title='bbox 562 1470 786 1530; x_wconf 87' lang='grc' dir='ltr'><strong><em>νηχόμενον</em></strong></span> <span class='ocrx_word' id='word_1_171' title='bbox 814 1476 856 1518; x_wconf 76' lang='grc' dir='ltr'><strong><em>ἓν</em></strong></span> <span class='ocrx_word' id='word_1_172' title='bbox 878 1481 965 1526; x_wconf 86' lang='grc' dir='ltr'><strong><em>τοῖς</em></strong></span> <span class='ocrx_word' id='word_1_173' title='bbox 990 1474 1138 1519; x_wconf 70' lang='grc' dir='ltr'><strong><em>ὕδασιν</em></strong></span> <span class='ocrx_word' id='word_1_174' title='bbox 1159 1474 1396 1532; x_wconf 74' lang='grc' dir='ltr'><strong><em>ἐλεήσαντες</em></strong></span> <span class='ocrx_word' id='word_1_175' title='bbox 1421 1477 1637 1530; x_wconf 75' lang='grc' dir='ltr'><strong><em>διέσωσαν,</em></strong></span> 
     </span>
     <span class='ocr_line' id='line_1_20' title="bbox 160 1540 1639 1603; baseline 0.003 -19"><span class='ocrx_word' id='word_1_176' title='bbox 160 1544 228 1585; x_wconf 74' lang='grc' dir='ltr'><strong><em>καὶ</em></strong></span> <span class='ocrx_word' id='word_1_177' title='bbox 246 1540 400 1599; x_wconf 72' lang='grc' dir='ltr'><strong><em>ἤγαγον</em></strong></span> <span class='ocrx_word' id='word_1_178' title='bbox 430 1543 556 1588; x_wconf 79' lang='grc' dir='ltr'><strong><em>αὐτὸν</em></strong></span> <span class='ocrx_word' id='word_1_179' title='bbox 587 1545 628 1587; x_wconf 73' lang='grc' dir='ltr'><strong><em>ἐν</em></strong></span> <span class='ocrx_word' id='word_1_180' title='bbox 659 1548 711 1602; x_wconf 86' lang='grc' dir='ltr'><strong><em>τῇ</em></strong></span> <span class='ocrx_word' id='word_1_181' title='bbox 731 1542 881 1602; x_wconf 86' lang='grc' dir='ltr'><strong><em>Κρήτῃ</em></strong></span> <span class='ocrx_word' id='word_1_182' title='bbox 908 1542 1021 1603; x_wconf 82' lang='grc' dir='ltr'><strong><em>νήσῳ</em></strong></span> <span class='ocrx_word' id='word_1_183' title='bbox 1044 1544 1148 1602; x_wconf 77' lang='grc' dir='ltr'><strong><em>πρὸς</em></strong></span> <span class='ocrx_word' id='word_1_184' title='bbox 1165 1545 1238 1588; x_wconf 82' lang='grc' dir='ltr'><strong><em>τὸν</em></strong></span> <span class='ocrx_word' id='word_1_185' title='bbox 1250 1544 1478 1600; x_wconf 76' lang='grc' dir='ltr'><strong><em>Ἰδομενέα,</em></strong></span> <span class='ocrx_word' id='word_1_186' title='bbox 1516 1545 1639 1603; x_wconf 71' lang='grc' dir='ltr'><strong><em>ἐξαρ-</em></strong></span> 
     </span>
     <span class='ocr_line' id='line_1_21' title="bbox 102 1609 1638 1670; baseline 0.002 -17"><span class='ocrx_word' id='word_1_187' title='bbox 102 1630 151 1666; x_wconf 74' lang='lat'><strong><em>20</em></strong></span> <span class='ocrx_word' id='word_1_188' title='bbox 157 1627 234 1667; x_wconf 89' lang='grc' dir='ltr'><strong><em>χον</em></strong></span> <span class='ocrx_word' id='word_1_189' title='bbox 250 1609 468 1666; x_wconf 86' lang='grc' dir='ltr'><strong><em>Ἑλλήνων.</em></strong></span> <span class='ocrx_word' id='word_1_190' title='bbox 539 1615 607 1656; x_wconf 80' lang='grc' dir='ltr'><strong><em>καὶ</em></strong></span> <span class='ocrx_word' id='word_1_191' title='bbox 634 1611 825 1669; x_wconf 70' lang='grc' dir='ltr'><strong><em>ἑωρακώς</em></strong></span> <span class='ocrx_word' id='word_1_192' title='bbox 855 1613 928 1657; x_wconf 82' lang='grc' dir='ltr'><strong><em>τὸν</em></strong></span> <span class='ocrx_word' id='word_1_193' title='bbox 955 1613 1158 1657; x_wconf 71' lang='grc' dir='ltr'><strong><em>Ὀδυσσέα</em></strong></span> <span class='ocrx_word' id='word_1_194' title='bbox 1184 1612 1205 1657; x_wconf 83' lang='grc' dir='ltr'><em>ὃ</em></span> <span class='ocrx_word' id='word_1_195' title='bbox 1229 1613 1455 1668; x_wconf 73' lang='grc' dir='ltr'><strong><em>Ἰδομενεὺς</em></strong></span> <span class='ocrx_word' id='word_1_196' title='bbox 1483 1614 1638 1670; x_wconf 81' lang='grc' dir='ltr'><strong><em>γυμνὸν</em></strong></span> 
     </span>
     <span class='ocr_line' id='line_1_22' title="bbox 158 1678 1636 1741; baseline 0.002 -18"><span class='ocrx_word' id='word_1_197' title='bbox 158 1682 226 1723; x_wconf 81' lang='grc' dir='ltr'><strong><em>καὶ</em></strong></span> <span class='ocrx_word' id='word_1_198' title='bbox 246 1678 459 1735; x_wconf 86' lang='grc' dir='ltr'><strong><em>δεόμενον,</em></strong></span> <span class='ocrx_word' id='word_1_199' title='bbox 498 1686 734 1736; x_wconf 83' lang='grc' dir='ltr'><strong><em>συμπαθῶς</em></strong></span> <span class='ocrx_word' id='word_1_200' title='bbox 754 1680 998 1739; x_wconf 77' lang='grc' dir='ltr'><strong><em>φερόμενος,</em></strong></span> <span class='ocrx_word' id='word_1_201' title='bbox 1038 1684 1154 1736; x_wconf 83' lang='grc' dir='ltr'><strong><em>δῶρα</em></strong></span> <span class='ocrx_word' id='word_1_202' title='bbox 1178 1682 1291 1741; x_wconf 75' lang='grc' dir='ltr'><strong><em>αὐτῷ</em></strong></span> <span class='ocrx_word' id='word_1_203' title='bbox 1316 1687 1485 1725; x_wconf 82' lang='grc' dir='ltr'><strong><em>πλεῖστα</em></strong></span> <span class='ocrx_word' id='word_1_204' title='bbox 1507 1685 1636 1727; x_wconf 87' lang='grc' dir='ltr'><strong><em>δεδω-</em></strong></span> 
     </span>
     <span class='ocr_line' id='line_1_23' title="bbox 158 1741 1754 1810; baseline 0.003 -19"><span class='ocrx_word' id='word_1_205' title='bbox 158 1748 242 1800; x_wconf 78' lang='grc' dir='ltr'><strong><em>κώς</em></strong></span> <span class='ocrx_word' id='word_1_206' title='bbox 280 1749 355 1793; x_wconf 75' lang='grc' dir='ltr'><strong><em>σὺν</em></strong></span> <span class='ocrx_word' id='word_1_207' title='bbox 392 1755 558 1809; x_wconf 73' lang='grc' dir='ltr'><strong><em>στρατῷ</em></strong></span> <span class='ocrx_word' id='word_1_208' title='bbox 589 1753 657 1794; x_wconf 84' lang='grc' dir='ltr'><strong><em>καὶ</em></strong></span> <span class='ocrx_word' id='word_1_209' title='bbox 687 1741 910 1810; x_wconf 70' lang='grc' dir='ltr'><strong><em>στρατηγῷ</em></strong></span> <span class='ocrx_word' id='word_1_210' title='bbox 940 1750 1068 1794; x_wconf 84' lang='grc' dir='ltr'><strong><em>αὐτοῦ</em></strong></span> <span class='ocrx_word' id='word_1_211' title='bbox 1097 1752 1165 1794; x_wconf 78' lang='grc' dir='ltr'><strong><em>καὶ</em></strong></span> <span class='ocrx_word' id='word_1_212' title='bbox 1192 1749 1267 1794; x_wconf 81' lang='grc' dir='ltr'><strong><em>δύο</em></strong></span> <span class='ocrx_word' id='word_1_213' title='bbox 1298 1755 1400 1802; x_wconf 62' lang='grc' dir='ltr'><strong><em>νῗας</em></strong></span> <span class='ocrx_word' id='word_1_214' title='bbox 1427 1753 1496 1795; x_wconf 82' lang='grc' dir='ltr'><strong><em>καὶ</em></strong></span> <span class='ocrx_word' id='word_1_215' title='bbox 1537 1754 1629 1795; x_wconf 77' lang='grc' dir='ltr'><strong><em>δια·</em></strong></span> <span class='ocrx_word' id='word_1_216' title='bbox 1653 1760 1687 1795; x_wconf 89' lang='lat' dir='ltr'><strong>V</strong></span> <span class='ocrx_word' id='word_1_217' title='bbox 1709 1761 1754 1797; x_wconf 83' lang='lat'><strong><em>51</em></strong></span> 
     </span>
    </p>
   </div>
   <div class='ocr_carea' id='block_1_3' title="bbox 245 1867 1633 2000">
    <p class='ocr_par' dir='ltr' id='par_1_3' title="bbox 245 1867 1633 2000">
     <span class='ocr_line' id='line_1_24' title="bbox 248 1867 1633 1919; baseline 0 -13"><span class='ocrx_word' id='word_1_218' title='bbox 248 1871 284 1906; x_wconf 82' lang='lat'><strong><em>2.</em></strong></span> <span class='ocrx_word' id='word_1_219' title='bbox 305 1871 340 1907; x_wconf 89' lang='lat'><strong><em>3.</em></strong></span> <span class='ocrx_word' id='word_1_220' title='bbox 389 1867 659 1915; x_wconf 78' lang='grc' dir='ltr'><strong><em>ἅληθινότερον</em></strong></span> <span class='ocrx_word' id='word_1_221' title='bbox 676 1869 899 1919; x_wconf 74' lang='grc' dir='ltr'><strong><em>ἓρμήνευσεν</em></strong></span> <span class='ocrx_word' id='word_1_222' title='bbox 926 1892 972 1898; x_wconf 91' lang='lat'><strong><em>—-</em></strong></span> <span class='ocrx_word' id='word_1_223' title='bbox 999 1868 1212 1916; x_wconf 76' lang='grc' dir='ltr'><strong><em>ἕξωρμήσας</em></strong></span> <span class='ocrx_word' id='word_1_224' title='bbox 1244 1872 1313 1907; x_wconf 86' lang='lat' dir='ltr'><strong><em>Ox.</em></strong></span> <span class='ocrx_word' id='word_1_225' title='bbox 1373 1870 1535 1906; x_wconf 82' lang='lat' dir='ltr'><strong>Correxit</strong></span> <span class='ocrx_word' id='word_1_226' title='bbox 1569 1871 1633 1910; x_wconf 85' lang='lat' dir='ltr'><strong><em>ch.</em></strong></span> 
     </span>
     <span class='ocr_line' id='line_1_25' title="bbox 245 1917 1631 2000; baseline 0.001 -47"><span class='ocrx_word' id='word_1_227' title='bbox 245 1917 476 2000; x_wconf 42' lang='grc' dir='ltr'><strong><em>ὲᾈ.ιειίςοῖιὶς</em></strong></span> <span class='ocrx_word' id='word_1_228' title='bbox 505 1920 730 1965; x_wconf 84' lang='grc' dir='ltr'><strong><em>Σερενίδας]</em></strong></span> <span class='ocrx_word' id='word_1_229' title='bbox 755 1945 778 1963; x_wconf 93' lang='grc'><strong><em>,,</em></strong></span> <span class='ocrx_word' id='word_1_230' title='bbox 792 1919 978 1967; x_wconf 78' lang='grc' dir='ltr'><strong><em>Σειρῆνας</em></strong></span> <span class='ocrx_word' id='word_1_231' title='bbox 1017 1923 1146 1955; x_wconf 86' lang='lat' dir='ltr'><strong>vocant</strong></span> <span class='ocrx_word' id='word_1_232' title='bbox 1173 1918 1351 1954; x_wconf 81' lang='lat' dir='ltr'><strong>Cedrenus</strong></span> <span class='ocrx_word' id='word_1_233' title='bbox 1375 1923 1412 1953; x_wconf 91' lang='lat' dir='ltr'><strong><em>et</em></strong></span> <span class='ocrx_word' id='word_1_234' title='bbox 1434 1918 1631 1954; x_wconf 85' lang='lat' dir='ltr'><strong>lsac.Tze-</strong></span> 
     </span>
    </p>
   </div>
   <div class='ocr_carea' id='block_1_4' title="bbox 147 2067 1631 2906">
    <p class='ocr_par' dir='ltr' id='par_1_4' title="bbox 147 2067 1631 2906">
     <span class='ocr_line' id='line_1_26' title="bbox 154 2067 1631 2118; baseline -0.001 -15"><span class='ocrx_word' id='word_1_235' title='bbox 154 2068 305 2116; x_wconf 78' lang='lat' dir='ltr'><strong>turpiter</strong></span> <span class='ocrx_word' id='word_1_236' title='bbox 328 2073 474 2114; x_wconf 86' lang='lat' dir='ltr'><strong>coeunt,</strong></span> <span class='ocrx_word' id='word_1_237' title='bbox 506 2074 774 2117; x_wconf 64' lang='lat' dir='ltr'><strong>conspui-cantes</strong></span> <span class='ocrx_word' id='word_1_238' title='bbox 797 2083 893 2106; x_wconf 84' lang='lat' dir='ltr'><strong>sese:</strong></span> <span class='ocrx_word' id='word_1_239' title='bbox 926 2070 977 2106; x_wconf 89' lang='lat' dir='ltr'><strong>uti</strong></span> <span class='ocrx_word' id='word_1_240' title='bbox 1010 2071 1096 2107; x_wconf 82' lang='lat' dir='ltr'><strong>haec</strong></span> <span class='ocrx_word' id='word_1_241' title='bbox 1117 2070 1273 2118; x_wconf 89' lang='lat' dir='ltr'><strong>pluribus</strong></span> <span class='ocrx_word' id='word_1_242' title='bbox 1305 2067 1502 2111; x_wconf 80' lang='lat' dir='ltr'><strong>enarravit,</strong></span> <span class='ocrx_word' id='word_1_243' title='bbox 1528 2069 1631 2113; x_wconf 80' lang='lat' dir='ltr'><strong>juxta</strong></span> 
     </span>
     <span class='ocr_line' id='line_1_27' title="bbox 153 2115 1545 2168; baseline 0.004 -18"><span class='ocrx_word' id='word_1_244' title='bbox 153 2115 206 2150; x_wconf 85' lang='lat' dir='ltr'><strong><em>rei</em></strong></span> <span class='ocrx_word' id='word_1_245' title='bbox 226 2116 430 2160; x_wconf 82' lang='lat' dir='ltr'><strong>veritatem,</strong></span> <span class='ocrx_word' id='word_1_246' title='bbox 453 2120 582 2153; x_wconf 78' lang='lat' dir='ltr'><strong>Auctor</strong></span> <span class='ocrx_word' id='word_1_247' title='bbox 605 2118 690 2160; x_wconf 89' lang='lat' dir='ltr'><strong>iste,</strong></span> <span class='ocrx_word' id='word_1_248' title='bbox 714 2118 748 2152; x_wconf 88' lang='lat' dir='ltr'><strong>in</strong></span> <span class='ocrx_word' id='word_1_249' title='bbox 766 2118 905 2164; x_wconf 86' lang='lat' dir='ltr'><strong>scriptis</strong></span> <span class='ocrx_word' id='word_1_250' title='bbox 927 2118 1009 2153; x_wconf 85' lang='lat' dir='ltr'><strong>suis.</strong></span> <span class='ocrx_word' id='word_1_251' title='bbox 1535 2159 1545 2168; x_wconf 38' lang='lat'><em>⁶</em></span> 
     </span>
     <span class='ocr_line' id='line_1_28' title="bbox 245 2160 1628 2214; baseline -0.002 -18"><span class='ocrx_word' id='word_1_252' title='bbox 245 2163 380 2198; x_wconf 85' lang='lat' dir='ltr'><strong>Ulisses</strong></span> <span class='ocrx_word' id='word_1_253' title='bbox 403 2176 486 2200; x_wconf 89' lang='lat' dir='ltr'><strong>vero</strong></span> <span class='ocrx_word' id='word_1_254' title='bbox 510 2176 530 2199; x_wconf 87' lang='lat' dir='ltr'><strong>a</strong></span> <span class='ocrx_word' id='word_1_255' title='bbox 556 2165 669 2199; x_wconf 87' lang='lat' dir='ltr'><strong>Circis</strong></span> <span class='ocrx_word' id='word_1_256' title='bbox 692 2164 803 2198; x_wconf 85' lang='lat' dir='ltr'><strong>insula</strong></span> <span class='ocrx_word' id='word_1_257' title='bbox 827 2165 982 2207; x_wconf 87' lang='lat' dir='ltr'><strong>solvens,</strong></span> <span class='ocrx_word' id='word_1_258' title='bbox 1007 2164 1149 2200; x_wconf 89' lang='lat' dir='ltr'><strong>adverso</strong></span> <span class='ocrx_word' id='word_1_259' title='bbox 1173 2162 1258 2198; x_wconf 83' lang='lat' dir='ltr'><strong>mari</strong></span> <span class='ocrx_word' id='word_1_260' title='bbox 1277 2163 1453 2208; x_wconf 77' lang='lat' dir='ltr'><strong>jactatus,</strong></span> <span class='ocrx_word' id='word_1_261' title='bbox 1475 2160 1511 2195; x_wconf 89' lang='lat' dir='ltr'><strong>in</strong></span> <span class='ocrx_word' id='word_1_262' title='bbox 1535 2171 1628 2214; x_wconf 74' lang='lat' dir='ltr'><strong>insu-</strong></span> 
     </span>
     <span class='ocr_line' id='line_1_29' title="bbox 151 2206 1628 2257; baseline -0.003 -13"><span class='ocrx_word' id='word_1_263' title='bbox 151 2209 217 2244; x_wconf 81' lang='lat' dir='ltr'><strong>lam</strong></span> <span class='ocrx_word' id='word_1_264' title='bbox 240 2209 331 2244; x_wconf 82' lang='lat' dir='ltr'><strong>illam</strong></span> <span class='ocrx_word' id='word_1_265' title='bbox 355 2212 498 2246; x_wconf 86' lang='lat' dir='ltr'><strong>alteram</strong></span> <span class='ocrx_word' id='word_1_266' title='bbox 517 2211 653 2245; x_wconf 85' lang='lat' dir='ltr'><strong>delatus</strong></span> <span class='ocrx_word' id='word_1_267' title='bbox 677 2217 748 2245; x_wconf 80' lang='lat' dir='ltr'><strong>est=</strong></span> <span class='ocrx_word' id='word_1_268' title='bbox 774 2211 831 2245; x_wconf 86' lang='lat' dir='ltr'><strong>ubi</strong></span> <span class='ocrx_word' id='word_1_269' title='bbox 855 2222 876 2245; x_wconf 83' lang='lat' dir='ltr'><strong>a</strong></span> <span class='ocrx_word' id='word_1_270' title='bbox 899 2211 1116 2257; x_wconf 78' lang='lat' dir='ltr'><strong>Calypsone‚</strong></span> <span class='ocrx_word' id='word_1_271' title='bbox 1141 2210 1255 2244; x_wconf 83' lang='lat' dir='ltr'><strong>Circis</strong></span> <span class='ocrx_word' id='word_1_272' title='bbox 1278 2220 1418 2249; x_wconf 88' lang='lat' dir='ltr'><strong>sorore,</strong></span> <span class='ocrx_word' id='word_1_273' title='bbox 1443 2206 1628 2241; x_wconf 82' lang='lat' dir='ltr'><strong>hononfice</strong></span> 
     </span>
     <span class='ocr_line' id='line_1_30' title="bbox 152 2253 1626 2303; baseline -0.003 -13"><span class='ocrx_word' id='word_1_274' title='bbox 152 2261 332 2303; x_wconf 84' lang='lat' dir='ltr'><strong>exceptus,</strong></span> <span class='ocrx_word' id='word_1_275' title='bbox 356 2257 636 2292; x_wconf 77' lang='lat' dir='ltr'>consuetudinem</span> <span class='ocrx_word' id='word_1_276' title='bbox 661 2258 762 2292; x_wconf 83' lang='lat' dir='ltr'><strong>etiam</strong></span> <span class='ocrx_word' id='word_1_277' title='bbox 783 2269 856 2292; x_wconf 89' lang='lat' dir='ltr'><strong>cum</strong></span> <span class='ocrx_word' id='word_1_278' title='bbox 881 2269 923 2292; x_wconf 83' lang='lat' dir='ltr'><strong><em>ea</em></strong></span> <span class='ocrx_word' id='word_1_279' title='bbox 939 2258 1070 2292; x_wconf 87' lang='lat' dir='ltr'><strong>habuit.</strong></span> <span class='ocrx_word' id='word_1_280' title='bbox 1119 2257 1265 2291; x_wconf 77' lang='lat' dir='ltr'><strong>Delatus</strong></span> <span class='ocrx_word' id='word_1_281' title='bbox 1284 2255 1377 2295; x_wconf 88' lang='lat' dir='ltr'><strong>inde,</strong></span> <span class='ocrx_word' id='word_1_282' title='bbox 1401 2253 1445 2287; x_wconf 83' lang='lat' dir='ltr'><strong>ad</strong></span> <span class='ocrx_word' id='word_1_283' title='bbox 1468 2257 1626 2297; x_wconf 79' lang='lat' dir='ltr'>stagnum</span> 
     </span>
     <span class='ocr_line' id='line_1_31' title="bbox 150 2297 1626 2360; baseline -0.003 -24"><span class='ocrx_word' id='word_1_284' title='bbox 150 2301 292 2348; x_wconf 82' lang='lat' dir='ltr'><strong>ingens,</strong></span> <span class='ocrx_word' id='word_1_285' title='bbox 315 2303 596 2360; x_wconf 81' lang='lat' dir='ltr'><strong>Necyopompum</strong></span> <span class='ocrx_word' id='word_1_286' title='bbox 620 2310 798 2346; x_wconf 88' lang='lat' dir='ltr'><strong>vocatum,</strong></span> <span class='ocrx_word' id='word_1_287' title='bbox 823 2315 931 2350; x_wconf 83' lang='lat' dir='ltr'><strong>prope</strong></span> <span class='ocrx_word' id='word_1_288' title='bbox 952 2315 1046 2339; x_wconf 85' lang='lat' dir='ltr'><strong>mare</strong></span> <span class='ocrx_word' id='word_1_289' title='bbox 1069 2302 1190 2344; x_wconf 85' lang='lat' dir='ltr'><strong>situm,</strong></span> <span class='ocrx_word' id='word_1_290' title='bbox 1217 2299 1385 2348; x_wconf 86' lang='lat' dir='ltr'><strong>pervenit.</strong></span> <span class='ocrx_word' id='word_1_291' title='bbox 1434 2299 1550 2343; x_wconf 86' lang='lat' dir='ltr'><strong>Hujus</strong></span> <span class='ocrx_word' id='word_1_292' title='bbox 1574 2297 1626 2332; x_wconf 90' lang='lat' dir='ltr'><strong>in-</strong></span> 
     </span>
     <span class='ocr_line' id='line_1_32' title="bbox 152 2347 1626 2401; baseline -0.004 -17"><span class='ocrx_word' id='word_1_293' title='bbox 152 2350 267 2389; x_wconf 82' lang='lat' dir='ltr'><strong>colae,</strong></span> <span class='ocrx_word' id='word_1_294' title='bbox 301 2349 359 2395; x_wconf 88' lang='lat' dir='ltr'><strong>qui</strong></span> <span class='ocrx_word' id='word_1_295' title='bbox 383 2350 555 2386; x_wconf 76' lang='lat' dir='ltr'><strong>vaticiniis</strong></span> <span class='ocrx_word' id='word_1_296' title='bbox 579 2350 854 2397; x_wconf 79' lang='lat' dir='ltr'><strong>praecellebant,</strong></span> <span class='ocrx_word' id='word_1_297' title='bbox 891 2350 1004 2384; x_wconf 87' lang='lat' dir='ltr'><strong>omnia</strong></span> <span class='ocrx_word' id='word_1_298' title='bbox 1033 2362 1123 2395; x_wconf 86' lang='lat' dir='ltr'><strong>quae</strong></span> <span class='ocrx_word' id='word_1_299' title='bbox 1158 2349 1190 2383; x_wconf 89' lang='lat' dir='ltr'><strong><em>ei</em></strong></span> <span class='ocrx_word' id='word_1_300' title='bbox 1214 2347 1429 2401; x_wconf 71' lang='lat' dir='ltr'><strong>acciderant,</strong></span> <span class='ocrx_word' id='word_1_301' title='bbox 1465 2356 1626 2398; x_wconf 74' lang='lat' dir='ltr'><strong>quaeque</strong></span> 
     </span>
     <span class='ocr_line' id='line_1_33' title="bbox 149 2393 1623 2445; baseline -0.005 -14"><span class='ocrx_word' id='word_1_302' title='bbox 149 2401 316 2431; x_wconf 80' lang='lat' dir='ltr'><strong>eventura</strong></span> <span class='ocrx_word' id='word_1_303' title='bbox 338 2402 439 2432; x_wconf 86' lang='lat' dir='ltr'><strong>erant</strong></span> <span class='ocrx_word' id='word_1_304' title='bbox 462 2402 682 2443; x_wconf 86' lang='lat' dir='ltr'><strong>aperuerunt.</strong></span> <span class='ocrx_word' id='word_1_305' title='bbox 728 2396 813 2431; x_wconf 86' lang='lat' dir='ltr'><strong>Inde</strong></span> <span class='ocrx_word' id='word_1_306' title='bbox 835 2397 982 2438; x_wconf 86' lang='lat' dir='ltr'><strong>solvens,</strong></span> <span class='ocrx_word' id='word_1_307' title='bbox 1007 2395 1156 2431; x_wconf 80' lang='lat' dir='ltr'><strong>saeviori</strong></span> <span class='ocrx_word' id='word_1_308' title='bbox 1180 2393 1282 2429; x_wconf 85' lang='lat' dir='ltr'><strong>maris</strong></span> <span class='ocrx_word' id='word_1_309' title='bbox 1304 2396 1431 2438; x_wconf 78' lang='lat' dir='ltr'><strong>impetu</strong></span> <span class='ocrx_word' id='word_1_310' title='bbox 1455 2395 1623 2445; x_wconf 57' lang='lat' dir='ltr'><strong>agitatus,</strong></span> 
     </span>
     <span class='ocr_line' id='line_1_34' title="bbox 150 2437 1622 2491; baseline -0.005 -15"><span class='ocrx_word' id='word_1_311' title='bbox 150 2442 198 2476; x_wconf 85' lang='lat' dir='ltr'><strong>ad</strong></span> <span class='ocrx_word' id='word_1_312' title='bbox 227 2442 414 2478; x_wconf 82' lang='lat' dir='ltr'><strong>Serenidas</strong></span> <span class='ocrx_word' id='word_1_313' title='bbox 447 2455 534 2490; x_wconf 87' lang='lat' dir='ltr'><strong>quas</strong></span> <span class='ocrx_word' id='word_1_314' title='bbox 556 2449 681 2478; x_wconf 90' lang='lat' dir='ltr'><strong>vocant</strong></span> <span class='ocrx_word' id='word_1_315' title='bbox 708 2454 814 2488; x_wconf 84' lang='lat' dir='ltr'><strong>rupes</strong></span> <span class='ocrx_word' id='word_1_316' title='bbox 845 2443 1043 2478; x_wconf 82' lang='lat' dir='ltr'><strong>ferebatur:</strong></span> <span class='ocrx_word' id='word_1_317' title='bbox 1078 2454 1168 2488; x_wconf 85' lang='lat' dir='ltr'><strong>quae</strong></span> <span class='ocrx_word' id='word_1_318' title='bbox 1202 2440 1363 2474; x_wconf 86' lang='lat' dir='ltr'><strong>fluctuum</strong></span> <span class='ocrx_word' id='word_1_319' title='bbox 1387 2449 1430 2472; x_wconf 86' lang='lat' dir='ltr'><strong><em>ex</em></strong></span> <span class='ocrx_word' id='word_1_320' title='bbox 1454 2437 1622 2491; x_wconf 46' lang='lat' dir='ltr'><strong>ammon-e„</strong></span> 
     </span>
     <span class='ocr_line' id='line_1_35' title="bbox 148 2482 1621 2537; baseline -0.004 -15"><span class='ocrx_word' id='word_1_321' title='bbox 148 2487 295 2523; x_wconf 76' lang='lat' dir='ltr'><strong>sonitum</strong></span> <span class='ocrx_word' id='word_1_322' title='bbox 319 2490 485 2534; x_wconf 84' lang='lat' dir='ltr'><strong>quendam</strong></span> <span class='ocrx_word' id='word_1_323' title='bbox 510 2489 716 2535; x_wconf 81' lang='lat' dir='ltr'><strong>peculiarem</strong></span> <span class='ocrx_word' id='word_1_324' title='bbox 739 2489 904 2526; x_wconf 79' lang='lat' dir='ltr'><strong>efficiunt.</strong></span> <span class='ocrx_word' id='word_1_325' title='bbox 951 2489 1028 2523; x_wconf 82' lang='lat' dir='ltr'><strong>Has</strong></span> <span class='ocrx_word' id='word_1_326' title='bbox 1049 2499 1122 2524; x_wconf 87' lang='lat' dir='ltr'><strong>cum</strong></span> <span class='ocrx_word' id='word_1_327' title='bbox 1148 2485 1325 2526; x_wconf 84' lang='lat' dir='ltr'><strong>evasisset,</strong></span> <span class='ocrx_word' id='word_1_328' title='bbox 1350 2483 1395 2518; x_wconf 82' lang='lat' dir='ltr'><strong>ad</strong></span> <span class='ocrx_word' id='word_1_329' title='bbox 1419 2482 1621 2537; x_wconf 58' lang='lat' dir='ltr'><strong>Charybdin</strong></span> 
     </span>
     <span class='ocr_line' id='line_1_36' title="bbox 149 2529 1622 2585; baseline -0.005 -16"><span class='ocrx_word' id='word_1_330' title='bbox 149 2545 248 2579; x_wconf 86' lang='lat' dir='ltr'><strong>quem</strong></span> <span class='ocrx_word' id='word_1_331' title='bbox 279 2543 408 2571; x_wconf 87' lang='lat' dir='ltr'><strong>vocant</strong></span> <span class='ocrx_word' id='word_1_332' title='bbox 439 2537 547 2571; x_wconf 89' lang='lat' dir='ltr'><strong>sinum</strong></span> <span class='ocrx_word' id='word_1_333' title='bbox 578 2536 732 2577; x_wconf 84' lang='lat' dir='ltr'><strong>delatus,</strong></span> <span class='ocrx_word' id='word_1_334' title='bbox 773 2535 896 2570; x_wconf 85' lang='lat' dir='ltr'><strong>incidit</strong></span> <span class='ocrx_word' id='word_1_335' title='bbox 924 2535 974 2569; x_wconf 88' lang='lat' dir='ltr'><strong><em>ibi</em></strong></span> <span class='ocrx_word' id='word_1_336' title='bbox 1006 2536 1041 2570; x_wconf 87' lang='lat' dir='ltr'><strong>in</strong></span> <span class='ocrx_word' id='word_1_337' title='bbox 1078 2535 1157 2569; x_wconf 83' lang='lat' dir='ltr'><strong>loca.</strong></span> <span class='ocrx_word' id='word_1_338' title='bbox 1189 2535 1375 2585; x_wconf 75' lang='lat' dir='ltr'><strong>praerupta</strong></span> <span class='ocrx_word' id='word_1_339' title='bbox 1403 2534 1438 2564; x_wconf 85' lang='lat' dir='ltr'><strong><em>et</em></strong></span> <span class='ocrx_word' id='word_1_340' title='bbox 1470 2529 1622 2583; x_wconf 69' lang='lat' dir='ltr'><strong>scopulis</strong></span> 
     </span>
     <span class='ocr_line' id='line_1_37' title="bbox 151 2575 1622 2632; baseline -0.003 -18"><span class='ocrx_word' id='word_1_341' title='bbox 151 2591 296 2626; x_wconf 82' lang='lat' dir='ltr'><strong>aspera:</strong></span> <span class='ocrx_word' id='word_1_342' title='bbox 328 2583 387 2617; x_wconf 90' lang='lat' dir='ltr'><strong>ubi</strong></span> <span class='ocrx_word' id='word_1_343' title='bbox 421 2583 571 2617; x_wconf 85' lang='lat' dir='ltr'><strong>residuis</strong></span> <span class='ocrx_word' id='word_1_344' title='bbox 602 2582 751 2617; x_wconf 83' lang='lat' dir='ltr'><strong>navibus</strong></span> <span class='ocrx_word' id='word_1_345' title='bbox 783 2581 1004 2626; x_wconf 82' lang='lat' dir='ltr'><strong>exercituque</strong></span> <span class='ocrx_word' id='word_1_346' title='bbox 1036 2581 1071 2616; x_wconf 87' lang='lat' dir='ltr'><strong>in</strong></span> <span class='ocrx_word' id='word_1_347' title='bbox 1102 2579 1187 2614; x_wconf 83' lang='lat' dir='ltr'><strong>mari</strong></span> <span class='ocrx_word' id='word_1_348' title='bbox 1210 2579 1396 2632; x_wconf 75' lang='lat' dir='ltr'><strong>demers1S‚</strong></span> <span class='ocrx_word' id='word_1_349' title='bbox 1429 2575 1524 2610; x_wconf 84' lang='lat' dir='ltr'><strong>solus</strong></span> <span class='ocrx_word' id='word_1_350' title='bbox 1547 2586 1622 2621; x_wconf 73' lang='lat' dir='ltr'><strong>ipse</strong></span> 
     </span>
     <span class='ocr_line' id='line_1_38' title="bbox 151 2626 1620 2676; baseline -0.004 -16"><span class='ocrx_word' id='word_1_351' title='bbox 151 2626 250 2660; x_wconf 82' lang='lat' dir='ltr'><strong>navis</strong></span> <span class='ocrx_word' id='word_1_352' title='bbox 271 2627 410 2664; x_wconf 79' lang='lat' dir='ltr'><strong>tabulae</strong></span> <span class='ocrx_word' id='word_1_353' title='bbox 431 2629 601 2671; x_wconf 86' lang='lat' dir='ltr'><strong>insidens,</strong></span> <span class='ocrx_word' id='word_1_354' title='bbox 630 2629 754 2674; x_wconf 82' lang='lat' dir='ltr'><strong>pelago</strong></span> <span class='ocrx_word' id='word_1_355' title='bbox 778 2628 986 2670; x_wconf 83' lang='lat' dir='ltr'><strong>fluctuabat,</strong></span> <span class='ocrx_word' id='word_1_356' title='bbox 1018 2632 1159 2662; x_wconf 78' lang='lat' dir='ltr'><strong>mortem</strong></span> <span class='ocrx_word' id='word_1_357' title='bbox 1183 2634 1338 2658; x_wconf 85' lang='lat' dir='ltr'><strong>mlseram</strong></span> <span class='ocrx_word' id='word_1_358' title='bbox 1363 2633 1532 2676; x_wconf 45' lang='lat' dir='ltr'><strong>nun-quam</strong></span> <span class='ocrx_word' id='word_1_359' title='bbox 1555 2633 1620 2655; x_wconf 85' lang='lat' dir='ltr'><strong><em>non</em></strong></span> 
     </span>
     <span class='ocr_line' id='line_1_39' title="bbox 149 2668 1617 2724; baseline -0.004 -18"><span class='ocrx_word' id='word_1_360' title='bbox 149 2676 346 2718; x_wconf 79' lang='lat' dir='ltr'><strong>expectans.</strong></span> <span class='ocrx_word' id='word_1_361' title='bbox 397 2676 520 2710; x_wconf 84' lang='lat' dir='ltr'><strong>Verum</strong></span> <span class='ocrx_word' id='word_1_362' title='bbox 542 2675 889 2722; x_wconf 82' lang='lat' dir='ltr'><strong>praeternavigantes</strong></span> <span class='ocrx_word' id='word_1_363' title='bbox 908 2674 988 2708; x_wconf 88' lang='lat' dir='ltr'><strong>illac</strong></span> <span class='ocrx_word' id='word_1_364' title='bbox 1011 2672 1225 2711; x_wconf 74' lang='lat' dir='ltr'><strong>Phoenices,</strong></span> <span class='ocrx_word' id='word_1_365' title='bbox 1249 2669 1407 2724; x_wconf 76' lang='lat' dir='ltr'><strong>videntes</strong></span> <span class='ocrx_word' id='word_1_366' title='bbox 1430 2668 1520 2702; x_wconf 76' lang='lat' dir='ltr'><strong>illum</strong></span> <span class='ocrx_word' id='word_1_367' title='bbox 1545 2679 1617 2722; x_wconf 66' lang='lat' dir='ltr'><strong>ma-</strong></span> 
     </span>
     <span class='ocr_line' id='line_1_40' title="bbox 149 2717 1617 2768; baseline -0.005 -14"><span class='ocrx_word' id='word_1_368' title='bbox 149 2718 233 2754; x_wconf 89' lang='lat' dir='ltr'><strong>rinis</strong></span> <span class='ocrx_word' id='word_1_369' title='bbox 250 2720 349 2755; x_wconf 90' lang='lat' dir='ltr'><strong>undis</strong></span> <span class='ocrx_word' id='word_1_370' title='bbox 370 2720 608 2764; x_wconf 85' lang='lat' dir='ltr'><strong>fluctuantem,</strong></span> <span class='ocrx_word' id='word_1_371' title='bbox 649 2720 884 2756; x_wconf 84' lang='lat' dir='ltr'><strong>misericordia</strong></span> <span class='ocrx_word' id='word_1_372' title='bbox 914 2719 1018 2760; x_wconf 87' lang='lat' dir='ltr'><strong>moti,</strong></span> <span class='ocrx_word' id='word_1_373' title='bbox 1054 2717 1218 2753; x_wconf 87' lang='lat' dir='ltr'><strong>fluctibus</strong></span> <span class='ocrx_word' id='word_1_374' title='bbox 1248 2718 1466 2768; x_wconf 72' lang='lat' dir='ltr'><strong>eripuerunt:</strong></span> <span class='ocrx_word' id='word_1_375' title='bbox 1512 2719 1552 2768; x_wconf 70' lang='lat' dir='ltr'><strong><em>et</em></strong></span> <span class='ocrx_word' id='word_1_376' title='bbox 1582 2725 1617 2747; x_wconf 88' lang='grc' dir='ltr'><strong><em>ιιι</em></strong></span> 
     </span>
     <span class='ocr_line' id='line_1_41' title="bbox 149 2759 1616 2815; baseline -0.006 -13"><span class='ocrx_word' id='word_1_377' title='bbox 149 2767 290 2802; x_wconf 88' lang='lat' dir='ltr'><strong>Cretam</strong></span> <span class='ocrx_word' id='word_1_378' title='bbox 312 2766 456 2801; x_wconf 84' lang='lat' dir='ltr'><strong>insulam</strong></span> <span class='ocrx_word' id='word_1_379' title='bbox 477 2767 681 2808; x_wconf 83' lang='lat' dir='ltr'><strong>adductum,</strong></span> <span class='ocrx_word' id='word_1_380' title='bbox 716 2768 918 2807; x_wconf 82' lang='lat' dir='ltr'><strong>Idomeneo,</strong></span> <span class='ocrx_word' id='word_1_381' title='bbox 955 2766 1168 2799; x_wconf 85' lang='lat' dir='ltr'><strong>Graecorum</strong></span> <span class='ocrx_word' id='word_1_382' title='bbox 1198 2773 1240 2796; x_wconf 90' lang='lat' dir='ltr'><strong><em>ex</em></strong></span> <span class='ocrx_word' id='word_1_383' title='bbox 1264 2761 1428 2815; x_wconf 72' lang='lat' dir='ltr'><strong>duclbus‚</strong></span> <span class='ocrx_word' id='word_1_384' title='bbox 1462 2759 1616 2795; x_wconf 73' lang='lat' dir='ltr'><strong>tradide—</strong></span> 
     </span>
     <span class='ocr_line' id='line_1_42' title="bbox 149 2806 1616 2861; baseline -0.006 -13"><span class='ocrx_word' id='word_1_385' title='bbox 149 2817 238 2848; x_wconf 87' lang='lat' dir='ltr'><strong>runt.</strong></span> <span class='ocrx_word' id='word_1_386' title='bbox 295 2812 497 2847; x_wconf 85' lang='lat' dir='ltr'><strong>Idomeneus</strong></span> <span class='ocrx_word' id='word_1_387' title='bbox 527 2813 585 2848; x_wconf 89' lang='lat' dir='ltr'><strong>ubi</strong></span> <span class='ocrx_word' id='word_1_388' title='bbox 615 2813 763 2848; x_wconf 84' lang='lat' dir='ltr'><strong>Ulisscm</strong></span> <span class='ocrx_word' id='word_1_389' title='bbox 793 2811 993 2858; x_wconf 85' lang='lat' dir='ltr'><strong>conspexit,</strong></span> <span class='ocrx_word' id='word_1_390' title='bbox 1026 2809 1149 2844; x_wconf 89' lang='lat' dir='ltr'><strong>nudum</strong></span> <span class='ocrx_word' id='word_1_391' title='bbox 1173 2813 1279 2853; x_wconf 84' lang='lat' dir='ltr'><strong>atque</strong></span> <span class='ocrx_word' id='word_1_392' title='bbox 1309 2806 1483 2861; x_wconf 73' lang='lat' dir='ltr'><strong>indigum3</strong></span> <span class='ocrx_word' id='word_1_393' title='bbox 1525 2818 1616 2860; x_wconf 70' lang='lat' dir='ltr'><strong>sum-</strong></span> 
     </span>
     <span class='ocr_line' id='line_1_43' title="bbox 147 2854 1614 2906; baseline -0.007 -10"><span class='ocrx_word' id='word_1_394' title='bbox 147 2870 288 2906; x_wconf 84' lang='lat' dir='ltr'><strong>mopere</strong></span> <span class='ocrx_word' id='word_1_395' title='bbox 310 2858 469 2894; x_wconf 77' lang='lat' dir='ltr'><strong>misertus</strong></span> <span class='ocrx_word' id='word_1_396' title='bbox 489 2859 583 2904; x_wconf 83' lang='lat' dir='ltr'><strong>ejus,</strong></span> <span class='ocrx_word' id='word_1_397' title='bbox 614 2859 807 2895; x_wconf 84' lang='lat' dir='ltr'><strong>muneribus</strong></span> <span class='ocrx_word' id='word_1_398' title='bbox 831 2857 966 2894; x_wconf 84' lang='lat' dir='ltr'><strong>abunde</strong></span> <span class='ocrx_word' id='word_1_399' title='bbox 988 2856 1168 2898; x_wconf 82' lang='lat' dir='ltr'><strong>donatum,</strong></span> <span class='ocrx_word' id='word_1_400' title='bbox 1197 2854 1294 2890; x_wconf 85' lang='lat' dir='ltr'><strong>Duce</strong></span> <span class='ocrx_word' id='word_1_401' title='bbox 1315 2857 1418 2889; x_wconf 73' lang='lat' dir='ltr'><strong>etiam</strong></span> <span class='ocrx_word' id='word_1_402' title='bbox 1441 2858 1614 2888; x_wconf 75' lang='lat' dir='ltr'><strong>exercitu-</strong></span> 
     </span>
    </p>
   </div>
  </div>
 </body>
</html>
