1838 3230
262 166 361 211 216
663 158 946 204 IOANNIS
973 161 1315 205 MALALAE

260 295 325 331 κε,
363 278 430 321 καὶ
463 276 645 328 ὖπάτους
673 278 717 322 δὲ
747 277 873 328 αὐτὸς
900 276 1175 337 προεβάλλετο
1205 279 1302 324 καθ’
1335 281 1506 326 ἕκαστον
1531 281 1628 338 ἕνα,
1646 283 1719 336 οὓς

257 344 470 403 ἠβούλετο.
1566 382 1568 385 -
1582 352 1646 387 {m-
1660 370 1661 373 ¹

212 429 242 463 c
362 414 428 457 Ἐν
449 415 493 457 δὲ
513 419 570 473 τῷ
598 413 709 471 αὐτῷ
730 417 858 471 καιρῷ
879 414 1111 470 Βεργίλλιος
1129 413 1150 458 ὃ
1175 416 1304 471 σοφὸς
1326 414 1535 471 Ῥωμαίων
1551 418 1721 474 ποιητὴς

260 481 546 539 συνεγράψατο
582 482 658 536 τὴν
694 485 768 524 τοῦ
798 483 964 524 Αἰνείου
1002 482 1184 539 ἱστορίαν
1218 486 1284 526 καὶ
1315 489 1388 539 τῆς
1415 485 1638 540 Aulai-‘1⁷73
1676 487 1720 528 ἐκ

267 552 458 605 Φοινίκης
476 549 752 607 καταγομένης
771 551 837 592 καὶ
864 549 934 592 τὸν
955 547 1119 608 δούρων
1139 553 1265 595 ἵππον
1285 554 1351 594 καὶ
1373 557 1446 607 τῆς
1470 555 1623 610 Τροίης
1646 554 1752 610 τὴν5

263 618 428 662 ἅλωσιν.

364 687 448 729 Καὶ
477 685 631 736 εὐθέως
656 683 842 741 ἐμηνύθη
868 683 894 740 ἢ
920 687 1125 742 παρουσία
1151 686 1320 730 Ἰουλίου
1348 690 1560 744 Καίσαρος
1581 686 1722 732 δικτά-

264 770 411 811 τορος,
448 753 469 796 ὅ
501 755 585 797 ἔστι
613 751 846 809 μονάρχου,
874 758 948 796 τοῦ
976 753 1303 811 τυραννήσαντος
1324 758 1389 798 καὶ
1412 755 1723 813 παραλαβόντος

265 822 340 876 τὴν
366 819 522 877 Ῥώμην
554 823 621 864 καὶ
649 820 922 878 φονεύσαντος
947 821 1022 876 τὴν
1053 820 1275 878 σύγκλητον
1300 826 1366 866 καὶ
1393 825 1606 879 γενομένου
1641 843 1722 879 μο-

266 888 432 945 νάρχου.
502 892 568 933 καὶ
588 890 824 946 κατέφθασε
845 889 891 932 τὸ
912 888 1103 944 πρόθεμα
1128 891 1169 933 ἓν
1200 891 1418 951 Ἀντιοχείᾳ
1448 897 1498 949 τῇ
1527 891 1638 936 πόλει
1671 897 1722 951 τῇ
1734 901 1802 936 10«

267 956 323 1011 ιβ’
355 962 429 1001 τοῦ
466 958 699 1015 ἆρτεμισίου
730 962 803 1000 τοῦ
830 959 896 999 καὶ
926 961 1050 1011 μα·ι”ου
1080 959 1209 1012 μηνὸς
1241 964 1315 1014 τῆς
1341 959 1443 1013 μετὰ
1474 965 1604 1003 ταῦτα
1636 962 1723 1004 ἔπι-

118 1037 151 1072 0
174 1039 242 1076 278
266 1024 478 1080 νεμήσεως.
550 1028 616 1068 καὶ
649 1026 851 1081 προετέθη
883 1026 923 1067 ἓν
944 1025 1208 1084 Ἀντιοχειάἧ
1233 1029 1443 1083 ἐλευθερία
1473 1028 1600 1083 αὐτῆς
1608 1061 1622 1081 ,
1657 1027 1724 1071 ὅτε

263 1094 416 1149 ἐγένετο
436 1093 514 1136 ὑπὸ
530 1093 775 1148 Ῥωμαίους,
813 1098 863 1150 τῇ
883 1092 1010 1135 fimi&
1027 1099 1100 1135 τοῦ
1120 1094 1353 1151 ἀρτεμισιόυ
1368 1095 1496 1150 μηνὸς
1518 1101 1726 1153 πεμφθεῖ-

267 1178 321 1204 σα
345 1162 458 1217 παρὰ
481 1167 552 1204 τοῦ
575 1162 701 1204 αὐτοῦ
721 1164 936 1217 Καίσαρος
958 1162 1142 1205 Ἰουλίου.
1213 1162 1259 1204 τὸ
1284 1159 1355 1205 οὖν
1373 1163 1538 1218 ἤδικτον
1558 1153 1720 1220 προετέ-

211 1243 244 1278 Ῑ)
267 1234 327 1284 θη
347 1230 528 1286 περιέχον
550 1229 691 1279 οὕτως.
741 1229 807 1270 Ἐν
820 1229 1035 1288 Ἀντιοχείᾳ
1057 1234 1107 1286 τῇ
1126 1230 1371 1285 μητροπόλει
1393 1231 1480 1290 ἱερᾷ
1499 1234 1564 1274 καὶ
1585 1231 1723 1290 ἀσύλῳ
1736 1241 1780 1277 15

269 1300 334 1340 καὶ
356 1296 571 1354 αὐτονόμῳ
592 1299 659 1339 καὶ
678 1295 859 1352 ἀρχούσῃ
881 1299 946 1338 καὶ
971 1298 1264 1354 προκαθημένῃ
1293 1304 1366 1353 τῆς
1392 1299 1592 1354 ἀνατολῆς
1622 1299 1726 1342 Ἰού-

269 1370 356 1414 λιος
378 1364 503 1414 Γάϊος
526 1369 691 1420 Καῖσαρ
715 1367 779 1406 καὶ
800 1364 851 1406 τὰ
873 1363 1007 1407 λοιπά.
1077 1367 1143 1406 καὶ
1168 1367 1356 1419 εἶσῆλθεν
1379 1364 1399 1408 ὅ
1419 1367 1541 1416 αὐτὸς
1559 1367 1726 1417 Ἰούλιος

268 1436 435 1489 Καῖσαρ
467 1432 487 1476 ὃ
518 1431 718 1488 δικτάτωρ
744 1434 784 1474 ἒν
803 1432 1022 1490 Ἀντιοχείᾳ
1049 1437 1098 1488 τῇ
1128 1431 1187 1487 κγ’
1209 1438 1283 1475 τοῦ
1314 1434 1545 1489 ἀρτεμισίου
1572 1434 1723 1490 μηνός·

270 1503 336 1543 καὶ
358 1500 483 1543 ἔκτισε
502 1499 728 1555 βασιλικήν,
757 1499 807 1555 ἢν
829 1498 987 1542 ἐκάλεσε
1006 1500 1052 1542 τὸ
1070 1498 1312 1557 Καισάρων,
1340 1502 1548 1544 κατέναντι
1572 1507 1644 1545 τοῦ
1668 1504 1725 1546 ἱε-

272 1573 346 1622 ροῦ
373 1573 445 1610 τοῦ
467 1568 614 1624 Ἄρεως
633 1573 707 1610 τοῦ
726 1568 1050 1622 μετακληθέντος
1072 1569 1318 1621 Μακέλλου,
1355 1567 1510 1624 στήσας
1529 1571 1610 1613 ἐκεῖ
1624 1569 1722 1626 στή-
1734 1578 1781 1612 20

271 1640 345 1690 λην
363 1641 520 1691 χαλκῆν
540 1641 590 1693 τῇ
610 1634 711 1693 τύχῃ
726 1634 895 1690 Ῥώμης.
967 1635 1093 1678 ἔκτισε
1114 1637 1157 1678 δὲ
1178 1634 1371 1694 ὡσαύτως
1388 1640 1455 1680 καὶ
1474 1637 1559 1680 ἄνω
1579 1641 1634 1688 εἷς
1653 1639 1726 1693 τὴν

271 1704 523 1759 καλουμένην
546 1702 764 1760 ἀκρόπολιν
786 1706 840 1753 εἷς
873 1703 918 1745 τὸ
942 1702 1037 1759 ὅρος
1061 1708 1134 1757 τῆς
1155 1703 1281 1759 αὐτῆς
1306 1705 1544 1759 Ἀντιοχείας
1562 1710 1635 1761 τῆς
1652 1724 1726 1760 με-

271 1771 397 1828 γάλης
424 1771 619 1827 δημόσιον
654 1772 826 1829 λουτρὸν
857 1779 943 1820 τοῖς
968 1771 1107 1821 αὐτοῖς
1137 1772 1442 1829 ἀκροπολίταις,
1481 1774 1646 1830 ἐνεγκὼν
1679 1775 1724 1817 τὸ

363 1915 396 1949 1.
420 1912 639 1961 προεβάλετο
663 1914 732 1950 Ox.
825 1916 858 1951 7.
883 1910 1069 1961 ἔμηνεύθη
1094 1914 1161 1948 Ox,

274 2037 396 2083 quibus
417 2038 518 2073 etiam
542 2043 577 2074 et
599 2040 710 2083 Leges
733 2038 847 2081 dedit,
884 2039 1116 2084 Mensiumque
1139 2038 1376 2084 appellationes
1397 2049 1521 2073 novasz
1564 2038 1726 2075 Consules

272 2083 373 2118 etiam
396 2083 481 2128 ipse,
512 2097 575 2130 pro
598 2085 695 2119 libitu
719 2096 790 2126 suo,
814 2086 992 2129 quotannis
1016 2085 1216 2129 designavit.

363 2129 439 2163 Hoc
461 2136 612 2175 tempore
639 2129 816 2173 Virgilius,
847 2130 980 2175 sapiens
1004 2131 1228 2164 Romanorum
1250 2130 1381 2170 Poeta,
1417 2130 1570 2171 Aeneae,
1605 2133 1641 2165 et
1663 2129 1728 2164 Di·-

273 2174 369 2208 donis
394 2176 595 2209 Phoeniciae
626 2176 821 2217 historiam,
857 2176 990 2221 Equum
1023 2176 1103 2210 item
1126 2176 1308 2220 Ligneum,
1348 2179 1550 2220 captamque
1572 2175 1726 2220 Trojam,

272 2220 406 2254 cecinit.

364 2266 492 2300 Romae
521 2265 637 2310 itaque
668 2277 689 2299 a
719 2266 805 2299 Julio
842 2267 991 2301 Caesare
1021 2267 1196 2301 Dictatore
1227 2269 1372 2310 captae,
1413 2266 1682 2309 Senator-umque
1707 2278 1727 2300 e

274 2311 386 2345 medio
409 2312 631 2352 sublatorum,
655 2310 858 2355 imperiique
879 2312 943 2345 sibi
969 2313 1099 2358 arrepti
1120 2314 1209 2346 fama
1231 2312 1355 2345 statim¹
1369 2310 1585 2356 percrebuit.-
1607 2310 1726 2344 mensis

275 2362 386 2390 autem
411 2356 597 2398 Artemisfi,
619 2356 689 2390 sive
713 2357 797 2389 Maii
819 2368 890 2398 ΧΠ,
915 2357 1122 2399 indictione,
1154 2368 1242 2401 quae
1265 2356 1423 2401 deinceps
1446 2355 1554 2400 prima
1577 2356 1728 2389 vocaba-

276 2406 355 2444 tur,
394 2401 596 2435 Antiochiae
617 2402 710 2435 facta
734 2406 786 2435 est
817 2402 962 2445 ejusdem
996 2402 1238 2446 Promulgatio.
1284 2402 1348 2435 Die
1371 2405 1481 2434 autem
1503 2411 1548 2433 xx
1579 2400 1726 2444 ejusdem

275 2446 423 2487 Mensis,
447 2446 658 2481 Antiochiam
683 2448 815 2487 urbem,
848 2458 950 2490 quum
972 2448 1130 2482 Romanis
1151 2448 1301 2491 subjecta
1325 2450 1429 2486 esset,
1453 2445 1561 2478 Julius
1586 2446 1726 2488 Caesar,

276 2493 372 2526 misso
398 2492 520 2525 Edicto
544 2504 615 2533 suo,
640 2492 778 2526 liberam
802 2503 871 2525 esse
891 2492 1001 2535 jussit.
1050 2494 1163 2527 Verba
1186 2497 1298 2526 autem
1320 2490 1437 2524 Edicti
1459 2490 1507 2524 sic
1529 2502 1565 2524 se
1588 2491 1726 2525 habent.

275 2538 314 2570 1η
339 2539 521 2571 Antiochia
546 2539 743 2582 Metropoli,
766 2544 1003 2579 sacrosancta,
1027 2539 1233 2578 inviolabili,
1256 2538 1384 2576 libera,
1406 2537 1580 2580 principe,
1609 2538 1728 2571 Orien-

274 2585 383 2626 tis-qne
408 2584 590 2623 Prwside,
621 2585 730 2616 Julius
762 2584 865 2616 Caius
890 2584 1037 2623 Caesar,
1071 2589 1134 2618 etc.
1182 2582 1266 2615 Maii
1289 2588 1402 2614 autem
1425 2592 1534 2614 xxxm
1555 2581 1642 2615 idem
1665 2582 1728 2616 Ju-

276 2627 339 2660 lius
373 2628 501 2661 Caesar
524 2628 680 2662 Dictator
716 2628 924 2662 Antiochiam
950 2628 1060 2661 venit:
1098 2627 1155 2662 ubi
1178 2627 1353 2660 Basilicam
1379 2627 1548 2668 extruxit,
1584 2638 1683 2671 quam
1705 2638 1727 2660 a

278 2672 409 2705 nomine
430 2685 489 2706 suo
515 2673 729 2714 Caesarium,
753 2673 908 2714 vocavit3
933 2685 953 2706 e
975 2674 1116 2717 regione
1139 2672 1255 2716 templi
1279 2671 1423 2713 Martis,
1447 2672 1584 2705 Macelli
1608 2675 1727 2717 postea

278 2718 412 2758 vocati,
449 2718 608 2762 positam:
649 2730 849 2764 aereamque
871 2718 918 2752 ibi
949 2721 1094 2752 statuam
1117 2718 1246 2758 erexit,
1280 2717 1450 2751 Fortunae
1472 2717 1564 2751 urbis
1586 2717 1725 2751 Romae.

278 2761 440 2796 Condidit
461 2763 562 2797 etiam
597 2763 640 2797 ad
664 2765 875 2808 Acropolim‚
910 2775 1008 2809 quam
1041 2767 1187 2804 vocant,
1222 2761 1256 2795 in
1279 2762 1499 2796 eminentiore
1529 2761 1727 2796 Antiochiae

277 2818 419 2851 magnae
451 2814 552 2853 parte
580 2808 696 2852 sitam,
737 2810 898 2845 Balneum
928 2809 1116 2856 publicum,
1159 2807 1194 2842 in
1228 2808 1377 2852 ejusdem
1407 2807 1589 2843 incolarum
1614 2818 1726 2849 usum3
