1838 3230
597 154 1071 203 ANNOTATIONES.
1460 162 1492 208 6
1497 159 1560 209 43

22 276 26 307 l
71 302 74 304 v
91 275 186 316 editi
201 272 420 328 κωνοειδῆς
435 273 609 322 habent,
642 272 849 313 mendose:
880 273 1083 326 quomodo
1100 273 1204 313 enim
1223 275 1275 329 τῇ
1292 271 1379 329 ἰδέᾳ
1397 289 1563 315 κωνοει-

22 338 35 376 ’,
90 331 165 386 δής
194 333 285 385 quis
311 345 394 371 esse
411 331 570 384 possit?
601 336 753 368 statura
785 331 945 382 quidem
969 337 1054 370 erat
1073 337 1206 379 curta,
1239 337 1281 369 ut
1302 331 1464 389 Noster3
1498 331 1562 371 vel

0 426 3 430 ,
89 395 137 428 ut
154 388 388 441 Procopius,
419 402 499 427 non
516 401 696 456 procera,
727 401 800 426 nec
819 388 964 440 pusilla
985 387 1115 428 nimis.
1180 384 1234 427 Το
1253 384 1325 439 μὲν
1352 389 1428 428 οὐν
1447 391 1562 440 σῶμα

0 459 23 496 2³³
91 445 344 496 [Iustiniani]
377 442 468 485 οὔτε
500 441 671 498 μακρός,
704 441 794 484 οὕτε
825 442 988 497 κολοβὸς
1015 442 1140 498 ἄγαν,
1172 440 1270 484 ἄλλα
1303 441 1513 498 μέτριοςὝ
1482 457 1559 496 ‘qv'

14 515 32 531 ⁴*
93 501 264 556 Corpore
284 516 404 555 neque
433 515 596 553 procero
611 500 725 554 fuit,
756 516 874 555 neque
895 498 1043 554 pusillo
1072 502 1214 551 nimis,
1244 498 1313 539 sed
1335 515 1412 554 quo
1430 511 1560 540 statu-

0 554 19 611 ξ
88 572 175 597 ram
198 559 349 612 justam
385 571 462 596 non
483 555 697 596 excedere&
1563 585 1566 589 ,

200 617 302 666 Pag-
334 613 430 656 425.
460 616 502 655 9-
533 629 600 652 και
624 609 744 660 αὐτος
767 610 809 653 δὲ
834 608 892 652 ὧν
912 614 1023 666 Θρᾶξ
1043 609 1119 654 α’πὸ
1138 611 1412 666 Βεδεριαιᾶς.]
1441 613 1558 652 Justi-

0 651 13 719 ᾗ
85 683 163 710 nus
182 671 284 710 enim
304 670 403 722 lmp.
423 670 644 708 avunculus
668 670 775 723 ejus,
805 667 945 708 Thrax
979 671 1097 708 etiam
1113 676 1215 720 erat,
1246 669 1295 708 ab
1317 669 1414 709 urbe
1432 670 1559 711 Bede-

53 729 57 734 '
82 726 194 766 rinna
213 733 345 765 ortum
377 738 490 765 suum
509 726 669 764 ducens.

202 786 298 836 Pag.
323 785 418 826 426.
449 786 489 825 8.
529 780 637 831 ὅστις
659 786 699 822 Γ
692 779 815 823 ολιαθ
836 782 940 822 λίθω
961 778 1132 834 λαβων.]
1165 780 1357 831 Subaudi,
1387 779 1557 836 πληγην.

195 842 298 893 Pag·
328 843 424 883 426·
457 842 522 882 14.
564 855 618 887 ως
645 837 864 891 γενομένην
892 842 1037 891 μοῖραν
1066 841 1122 892 τῷ
1156 834 1346 890 Pol-coifi]
1377 839 1432 877 De
1457 841 1556 878 ridi-

83 896 174 936 culo
206 896 286 935 hoc
315 902 559 945 commento,
588 895 681 936 vide
712 909 812 947 quae
839 908 956 946 supra
991 894 1216 933 notavimus
1246 895 1295 933 ad
1326 895 1398 936 lib.
1418 896 1456 938 5.
1488 897 1555 935 ubi

81 952 182 993 haec
204 954 318 992 etiam
348 952 560 991 habentur.

196 1009 296 1064 Pag.
325 1009 419 1052 426
450 1013 518 1052 21.
551 1005 823 1055 Ιονστινιανος
845 1005 1016 1048 δέδωκεν
1032 1005 1228 1048 νπατείαν
1245 1010 1299 1063 τῇ
1315 1007 1405 1065 εκτῃ
1425 1009 1552 1051 ἐπινε-

81 1062 239 1120 μήσει.]
255 1026 486 1104 gSecundus
508 1064 575 1103 hic
598 1071 682 1103 erat
709 1064 917 1103 Justiniani
947 1063 1419 1116 Consulatus:p1i0rem
1447 1067 1551 1105 enim

82 1137 175 1163 cum
198 1123 356 1162 Valerio
378 1127 562 1174 gesserat,
591 1121 733 1159 Justini
751 1121 853 1173 Imp.
876 1134 978 1159 anno
999 1134 1056 1159 1v.

198 1183 292 1232 Peg.
323 1180 418 1222 427.
451 1178 487 1221 5.
535 1177 730 1231 Γιλδέριχ,
760 1178 827 1218 καὶ
846 1174 1058 1231 Κήρυκον,
1089 1174 1156 1216 καὶ
1174 1175 1437 1228 Εἰρηναῖον-]
1469 1177 1549 1215 Du-

81 1249 148 1276 ces
173 1237 216 1275 in
234 1236 314 1274 hoc
334 1236 440 1274 bello
464 1235 605 1274 missos
626 1235 747 1273 fuisse
766 1234 1022 1284 Belisarium‚
1055 1232 1249 1284 Cerycum
1281 1238 1320 1271 et
1338 1233 1548 1273 Irenaeum

81 1293 223 1332 asserit
250 1292 344 1332 Chr.
375 1292 487 1332 Alex.
519 1292 681 1332 Auctor.
751 1290 950 1330 cedrenus
979 1303 1096 1338 vero,
1134 1289 1389 1339 Belisarium,
1429 1291 1548 1343 Cery-

80 1363 173 1390 cum
193 1356 232 1388 et
255 1350 436 1389 Petrum:
468 1347 687 1387 Gilderichi
710 1353 841 1386 autem
858 1346 977 1399 hujus
994 1345 1140 1384 ibidem
1160 1346 1307 1385 mentio
1329 1348 1450 1388 nulia.

190 1404 293 1460 Pag-
324 1409 420 1448 427.
457 1409 522 1448 12.
555 1406 622 1445 καὶ
647 1400 840 1458 λαβόντος
858 1401 905 1444 τὰ
927 1401 1138 1456 ἕχρεδίτα.]
1171 1401 1264 1442 Chr.
1286 1403 1402 1443 Alex.
1423 1402 1545 1442 habet

75 1478 126 1504 τα
146 1462 369 1512 §gauzelm-
397 1461 662 1513 scribendum,
689 1460 891 1511 ἒξπὲδιταε
921 1459 1136 1510 ἕξπέὸιτον,
1164 1457 1428 1512 Expeditum.-
1457 1458 1544 1499 ΕΓ-

75 1520 230 1559 erciius.

15 1574 18 1576 v
188 1574 417 1627 Pag.427.
451 1577 517 1618 18.
549 1573 572 1616 ὅ
593 1571 668 1627 ῤἠξ
682 1577 763 1614 τῶν
787 1568 1016 1627 Ερούλλων,
1048 1567 1205 1622 ονόματι
1226 1569 1414 1624 Γρέπης.]
1450 1570 1542 1623 Γρὲ-

76 1647 160 1682 της,
191 1631 367 1670 cedreno
390 1631 552 1673 dicitm.
612 1628 807 1683 Ερούλων
828 1644 923 1668 vero
945 1629 1210 1677 scribendum,
1240 1629 1299 1666 uti
1323 1628 1541 1680 Procopius

74 1687 217 1734 habet,
251 1687 409 1726 Gothic.
427 1688 497 1726 lib.
518 1691 558 1729 2.
589 1687 632 1727 οί
652 1701 754 1734 τινες
780 1684 822 1726 δὲ
843 1681 1080 1737 α’νθρώπων
1113 1685 1215 1725 εἰσὶν
1241 1687 1438 1738 Ερουλοι,
1469 1684 1540 1725 καὶ

74 1741 176 1786 ’ὅθεν
200 1745 400 1797 Ρωμαίοις
421 1743 462 1791 ἐς
482 1744 703 1796 ξυμμαχίαν
725 1741 978 1794 κατέστησαν,
1008 1741 1142 1794 ἐμόν’
1129 1741 1302 1794 ἔρχομαι,
1332 1746 1407 1779 etc.

191 1803 285 1854 Peg.
313 1800 408 1844 427.
449 1804 514 1843 20.
574 1797 722 1855 ἥτησεν
751 1796 892 1839 ἔαυτόν
918 1797 1106 1852 γενέσθαι
1137 1793 1410 1850 Χριστιανόν.]
1450 1797 1536 1837 Imo

74 1857 256 1897 maximis
276 1856 500 1896 muneribus
522 1870 541 1894 a
554 1856 771 1894 Justiniano
791 1855 842 1893 ad
859 1855 902 1893 id
922 1855 1068 1904 allecti,
1094 1853 1433 1892 Christianismum
1452 1867 1537 1893 sus-

75 1919 288 1967 ceperunt·
320 1920 366 1953 ut
391 1927 440 1952 cx
460 1913 596 1952 eodem
617 1913 813 1964 Procopio
834 1912 1045 1963 discimus,
1077 1909 1192 1951 Goth.
1214 1911 1279 1950 lib.
1293 1915 1333 1952 2.
1368 1910 1472 1950 Επεὶ
1490 1909 1535 1951 δὲ

75 1967 344 2018 Ιουστινιανός
365 1986 439 2021 την
466 1971 669 2036 βασιλείαν
692 1968 909 2022 παρέλαβε,
938 1966 1046 2024 χώρα
1064 1983 1104 2008 τε
1125 1965 1282 2022 ἀγαθῇ,
1311 1965 1378 2006 καὶ
1399 1964 1534 2015 ἄλλοις

73 2027 271 2082 χρήμασιν
291 2043 440 2076 αυτονς
470 2023 730 2080 [Ερούλους]
762 2021 1062 2093 δωρησαμενος,
1093 2024 1268 2078 ἑταιρίαν
1287 2022 1473 2075 λέγεσθαί
1491 2039 1532 2064 τε

71 2087 275 2132 παντελως
295 2083 428 2136 ἴσχυσε
454 2083 521 2123 καὶ
541 2079 789 2136 χριστιανους
813 2081 1000 2136 γενέσθαι
1025 2076 1204 2129 ἅπαντας
1230 2080 1369 2121 ἔπεισε.
1427 2077 1531 2119 Vide

70 2141 188 2179 etiam
205 2141 438 2191 Evagrium,
467 2140 536 2179 lib.
557 2139 596 2181 4.
618 2153 704 2192 cap.
729 2141 794 2181 19.
824 2137 1092 2191 Nicephorum
1112 2137 1181 2177 lib.
1206 2140 1270 2179 17.
1290 2149 1375 2188 cap.
1400 2140 1465 2179 13.
1490 2142 1531 2176 et

70 2197 305 2307 cedrelr’jdlgl·
307 2255 403 2296 428.
434 2254 475 2294 6.
528 2253 616 2292 Τῶν
642 2249 863 2306 λεγομένων
892 2251 1165 2300 Εξακιονιτῶν
1194 2246 1441 2301 Αρειανων.]
1468 2248 1526 2286 Ita

70 2309 186 2350 etiam
207 2311 420 2349 cedrenus.
480 2310 759 2358 Εξωκιονιτῶν
777 2322 873 2348 vero
896 2306 1161 2356 scribendum,
1191 2306 1247 2344 uti
1269 2318 1388 2357 supra
1408 2311 1527 2343 nota-

69 2367 214 2414 vimus,
242 2367 293 2406 ad
314 2367 494 2406 1ib.x111.

183 2422 285 2476 Pag.
314 2423 406 2466 428.
440 2425 501 2464 10.
531 2421 596 2474 ἔτη
613 2418 724 2473 φνθῆ
736 2425 750 2470 ]
780 2422 917 2460 Annus
934 2433 1044 2459 max
1065 2417 1311 2456 aJustiniani
1331 2416 1522 2454 consuia-

69 2484 115 2518 tu
135 2493 188 2529 11,
217 2486 432 2518 retrorsum
458 2479 722 2528 numerando,
752 2477 941 2516 coincidit
969 2490 1057 2515 cum
1081 2488 1181 2512 anno
1202 2479 1291 2525 post
1310 2487 1338 2511 1.
1380 2473 1521 2512 caesa-

69 2549 153 2574 rem
172 2510 422 2575 interfectum
443 2536 742 2574 Decimotertio:
774 2535 841 2586 qui
859 2541 989 2573 tamen
1011 2534 1102 2570 anni
1121 2535 1295 2580 Augusto
1313 2529 1518 2581 Imperan-

68 2592 100 2630 ti
120 2607 140 2630 a
157 2593 356 2630 nonnullis
376 2592 788 2640 attribuuntu131icet
805 2591 963 2643 quidam
985 2589 1031 2627 ab
1045 2587 1204 2625 Actiaca
1225 2586 1403 2635 victoria,
1419 2598 1520 2637 quae

67 2662 143 2687 xn.
166 2655 231 2701 pst
250 2663 275 2688 1.
299 2649 404 2689 Caes,
424 2656 621 2687 mortuum
652 2662 752 2687 anno
775 2647 920 2686 accidit
947 2645 1153 2696 imperium
1176 2643 1258 2695 ejus
1275 2643 1432 2681 initium
1452 2655 1516 2681 su-

68 2711 201 2754 munt,
235 2718 254 2743 e
276 2718 442 2757 quorum
459 2719 624 2744 numeio
643 2705 794 2743 Auctor
816 2710 950 2743 noster
971 2715 1053 2739 esse
1078 2699 1245 2739 videtur

182 2764 276 2814 Pag.
310 2760 404 2803 428-
439 2765 502 2805 12.
548 2760 611 2813 ἔτη
634 2758 801 2817 ςυῑμζῖ
812 2764 824 2808 ]
855 2761 1050 2798 Numerus
1080 2758 1154 2794 iste
1182 2754 1355 2807 pessime
1379 2767 1518 2792 corru-

66 2823 164 2870 ptus
181 2824 256 2859 est:
285 2817 497 2857 Auctorem
525 2818 627 2856 enim
649 2818 746 2856 adeo
766 2817 825 2855 sui
853 2816 1015 2855 oblitum
1043 2826 1126 2853 esse
1147 2813 1326 2865 potuisse
1344 2811 1412 2851 vix
1429 2823 1516 2849 ele·-
