1852 3236
248 200 292 231 vr
791 184 1164 232 PRAEFATIO.

248 301 435 346 loannes
478 300 804 355 Damascenus‚
853 314 987 358 quem
1029 299 1206 344 saeculo
1251 303 1410 343 octavo
1443 299 1592 344 medio
1627 290 1706 345 ex-

249 370 454 414 stinctum
497 373 692 423 constat,
737 367 931 411 oratione
974 368 1100 411 tertia
1146 367 1204 411 de
1237 367 1505 427 Imaginibus
1551 368 1597 411 in
1613 396 1617 400 -
1636 368 1707 412 fa-

251 438 355 482 bula
397 435 592 494 quadam
632 436 852 479 narranda
885 435 1052 479 Malaia
1095 441 1242 480 utatur
1276 440 1478 491 auctore,
1520 436 1580 479 ita
1602 436 1706 480 -eius

249 505 543 550 testimonium
579 503 716 547 eludit
748 509 797 547 ut
832 505 1073 547 orationem
1111 504 1231 547 illam
1264 519 1397 562 posse
1433 504 1707 563 suppositam

250 589 345 618 esse
380 572 511 619 dicat.
582 571 710 626 Quae
747 586 880 628 quam
914 571 1027 615 levia
1062 571 1143 615 sint
1176 572 1306 614 facile
1333 577 1531 630 apparet.
1577 571 1707 616 loan-

249 642 313 685 nis
350 640 612 685 Damasceni
647 639 864 682 orationes
899 640 1071 683 tertiam
1104 639 1216 683 inter
1259 645 1302 682 et
1337 639 1574 683 secundam
1607 645 1708 684 tan-

248 715 293 753 ta
327 707 559 753 intercedit
588 722 735 749 rerum
765 707 959 751 omnium
989 707 1223 751 similitudo
1257 713 1306 750 ut
1340 707 1374 750 si
1402 708 1539 751 altera
1566 722 1592 750 a
1618 722 1708 766 quo

251 777 413 836 scripta
458 780 572 819 esset
605 775 869 830 nesciretur,
914 776 971 819 ab
1015 775 1175 819 eodem
1210 776 1360 819 ambas
1390 775 1570 819 homine
1596 790 1709 835 pro-

249 845 387 888 fectas
430 858 525 890 esse
567 858 700 886 nemo
756 843 831 901 qui
892 844 1062 903 legeret
1105 858 1194 886 non
1239 849 1355 887 esset
1400 844 1708 903 suspicaturus.

250 912 345 957 Sed
389 911 557 955 etiamsi
603 911 842 954 certissime
887 911 1176 955 demonstrari
1218 916 1370 970 posset
1411 912 1584 955 tertiam
1621 926 1710 955 non

251 995 347 1025 esse
381 979 575 1034 Ioannis,
604 994 664 1022 ea
692 994 741 1021 re
776 995 832 1022 ne
861 979 1087 1023 minimum
1118 978 1299 1037 quidem
1327 980 1418 1023 eius
1438 979 1495 1022 de
1515 979 1712 1024 Malalae

249 1053 392 1092 aetate
427 1047 720 1091 testimonium
760 1053 1016 1093 mutaretur.
1097 1047 1344 1104 Utramque
1400 1047 1516 1090 enim
1551 1047 1713 1102 eodem

249 1117 463 1175 scriptam
523 1130 618 1159 esse
671 1121 874 1175 tempore
928 1116 1003 1159 illo
1035 1130 1147 1173 ·quo
1202 1115 1436 1159 anathema
1502 1115 1712 1160 adversus

247 1186 449 1230 Leonem
482 1183 698 1243 Episcopi
734 1182 924 1228 Orientis
959 1183 1237 1227 minabantur
1271 1183 1451 1240 quidem
1485 1183 1566 1227 sed
1598 1198 1714 1228 non-

252 1253 359 1296 dum
378 1252 728 1311 pronunciabant
762 1267 816 1296 ex
852 1267 906 1296 eo
926 1258 1048 1295 recte
1085 1252 1266 1310 collegit
1286 1251 1540 1310 Lequienus
1567 1252 1653 1296 vol.
1678 1251 1713 1296 l.

252 1336 300 1380 p.
324 1319 437 1364 306.
475 1319 599 1377 quod
633 1319 791 1364 eadem
824 1321 869 1363 in
902 1326 1088 1378 utraque
1107 1320 1245 1364 verba
1271 1326 1370 1363 sunt
1401 1335 1447 1379 p.
1470 1318 1582 1363 332.
1607 1325 1715 1379 etp.

255 1387 370 1435 346.
440 1387 527 1434 κᾶν
572 1386 764 1447 ἄγγελος
803 1406 890 1435 nav
932 1383 1154 1448 βασιλευς
1172 1384 1551 1468 ευαγγελίζηται
1571 1385 1717 1467 fimf?

254 1453 371 1518 παρ’
420 1454 448 1502 ὃ
491 1451 815 1518 παρελάβετε,
861 1454 1076 1503 κλείσατε
1119 1473 1205 1507 τας
1248 1450 1413 1507 ἀκοάς·
1468 1453 1590 1502 ὀκνοῖ
1623 1450 1715 1517 γοῖρ

254 1524 369 1575 τέως
404 1524 571 1575 εἰπεῖν,
606 1540 664 1575 ως
687 1524 776 1585 ἔφη
802 1521 829 1570 ὁ
854 1527 986 1575 θεῖος
1007 1518 1291 1581 ἀπόστολος,
1328 1520 1555 1583 ἀνάθεμα
1574 1523 1717 1574 ἔστω,

257 1586 560 1650 ἐκδεχόμενος
598 1608 686 1652 την
724 1587 1000 1653 διόρθωσιν.
1070 1591 1242 1635 Hodius
1277 1606 1384 1635 vero
1419 1591 1541 1649 quod
1580 1590 1717 1646 addit,

257 1660 293 1703 si
327 1658 466 1702 minus
500 1663 639 1702 totam
682 1659 921 1702 orationem
964 1659 1108 1713 illam,
1154 1664 1273 1703 certe
1308 1659 1456 1703 locum
1491 1675 1515 1704 e
1549 1658 1718 1702 Malala

258 1732 519 1785 excerptum
561 1726 660 1769 fieri
699 1741 759 1787 po
788 1742 836 1770 se
877 1732 926 1770 ut
972 1726 1128 1785 aliquis
1173 1727 1524 1786 interpolaverit,
1576 1727 1717 1771 verbo

257 1795 480 1838 monuisse
523 1794 687 1838 sufficit
727 1741 818 1838 ngn
859 1795 1030 1839 meliori
1074 1810 1175 1838 eum
1213 1795 1382 1838 ratione
1418 1795 1584 1839 dictum
1623 1809 1718 1838 esse

256 1877 392 1921 quam
437 1876 552 1919 quae
596 1862 653 1905 de
700 1861 963 1918 Clementis,
1006 1862 1273 1922 Theophili,
1315 1863 1532 1922 Hesychii
1575 1867 1719 1907 aetate

258 1946 362 1974 suae
398 1929 592 1988 opinioni
641 1931 878 1974 commoda
919 1930 1184 1974 hariolatur:
1232 1930 1290 1974 ad
1336 1946 1450 1988 quae
1486 1930 1609 1988 quod
1642 1945 1716 1974 re-

259 1997 471 2057 sponderi
513 2011 647 2056 posse
691 1998 829 2055 quivis
872 1999 1076 2057 intelligit
1122 1998 1352 2057 respondit
1384 1998 1638 2055 Lequienus
1671 2013 1719 2057 p.

262 2064 375 2109 368.
445 2065 515 2108 De
559 2065 697 2123 ipsius
740 2071 887 2110 autem
921 2065 1114 2109 Malalae
1159 2066 1337 2124 ingenio
1377 2081 1636 2124 summaque
1675 2071 1721 2109 et

262 2133 433 2177 inscitia
467 2137 524 2190 et,
561 2132 597 2175 si
632 2147 733 2178 cum
762 2133 1049 2193 scriptoribus
1086 2134 1237 2192 paullo
1259 2133 1574 2191 antiquioribus
1609 2148 1720 2177 con-

263 2202 451 2256 feratur,
505 2201 712 2245 sermonis
763 2202 967 2245 barbarie
1021 2201 1094 2258 qui
1144 2202 1203 2245 ita
1247 2202 1402 2245 sentiat
1442 2208 1491 2246 ut
1540 2201 1722 2261 indigna

265 2270 499 2312 arbitretur
524 2267 703 2313 homine
739 2269 856 2328 Syro
885 2270 1047 2312 saeculi
1082 2270 1189 2312 sexti
1224 2270 1451 2328 septimive
1488 2285 1589 2313 cum
1621 2270 1722 2313 vul-

266 2352 328 2396 go
375 2337 594 2394 loquenti,
641 2337 784 2396 ipsam
836 2353 931 2380 rem
975 2336 1265 2395 Byzantinam
1309 2343 1487 2396 oportet
1532 2338 1720 2397 ignoret.

267 2405 405 2448 Aliter
472 2403 716 2449 iudicarunt
781 2405 860 2448 viri
933 2420 1082 2448 rerum
1137 2405 1483 2463 Byzantinarum
1545 2404 1722 2464 peritis-

268 2472 385 2527 simi,
429 2472 634 2516 Reiskius
670 2478 715 2516 et
746 2472 1002 2517 Gibbonus:
1040 2474 1235 2530 ‘quorum
1283 2474 1392 2517 alter
1420 2474 1586 2517 Histor.
1622 2487 1719 2531 cap.

268 2540 367 2585 XL.
412 2545 557 2585 annot.
594 2539 672 2585 ll.
719 2540 933 2584 Malalam
976 2540 1098 2583 brevi
1142 2545 1245 2599 post
1287 2541 1570 2585 Iustinianum
1605 2540 1720 2583 scri-

269 2607 408 2666 psisse
444 2608 671 2652 assentitur
714 2608 877 2652 lortino
925 2607 1223 2653 Animadvers.
1267 2609 1351 2652 vol.
1388 2609 1463 2652 IV.
1506 2624 1551 2667 p.
1584 2606 1721 2651 383.:

272 2689 360 2732 qua
393 2674 490 2732 ipsa
508 2676 607 2719 libri
623 2677 732 2720 illius
753 2682 880 2736 parte
898 2690 986 2735 ego
1007 2691 1079 2719 me
1100 2691 1234 2735 aegre
1259 2676 1356 2720 fero
1380 2691 1555 2728 carere3
1589 2676 1722 2719 Reis-

273 2741 370 2784 kius
421 2747 566 2785 autem
617 2745 678 2788 ita
722 2745 869 2788 scribit
915 2745 958 2787 in
1003 2743 1329 2788 Commentario
1377 2744 1435 2787 ad
1472 2743 1724 2788 Constanti-

273 2824 379 2853 num
419 2811 647 2868 praeclare
680 2827 823 2872 nuper
851 2818 980 2856 aucto
1024 2828 1072 2872 p.
1107 2809 1218 2858 855.
1263 2807 1603 2875 „Meego'vepoc
1635 2824 1720 2870 pro
