1838 3230
271 161 338 207 92
669 157 962 204 IOANNIS
993 160 1336 207 MALALAE

375 280 463 320 Τοῦ
480 275 666 335 Πάριδος
686 277 949 334 γεννηθέντος
966 277 1044 323 {ma
1067 284 1140 337 τῆς
1156 279 1342 337 Ἑκάβης,
1357 281 1564 338 Πρίαμος,
1583 280 1606 326 ὃ
1624 279 1723 326 τοῦ-

271 362 346 390 του
363 344 513 402 πατήρ,
548 347 741 389 ἀπελθὼν
757 347 799 389 ἓν
817 351 876 406 τῷ
891 349 1066 407 μαντείῳ
1084 354 1156 392 τοῦ
1182 352 1339 404 Φοίβου
1362 347 1613 393 ἐπυνθάνετο
1632 352 1725 407 περὶ

270 418 346 457 τοῦ
375 415 588 469 τεχθέντος
615 414 726 472 αὐτῷ
755 415 860 458 υἱοῦ.
930 418 995 459 καὶ
1026 415 1155 474 ἐδόθη
1189 418 1299 476 αὐτῷ
1330 416 1352 462 ὅ
1375 418 1562 474 χρησμὸς
1587 412 1720 469 οὗτος.

267 482 441 537 Ἔτέχθη
463 499 527 524 σοι
544 482 631 532 υἱὸς
649 480 800 537 Πάρις,
829 490 926 535 παΐς
945 482 1156 541 δύσπαρις,
1182 485 1495 542 τριακοντούτης
1513 483 1723 542 γενόμενος

272 550 399 594 ὀλέσει
420 551 472 592 τὰ
492 551 678 603 βασίλεια
702 554 888 607 Φρυγῶν.
957 555 1024 595 καὶ
1054 559 1185 596 ταῦτα
1207 553 1385 604 ἀκούσας
1404 553 1425 598 ὅ
1443 555 1637 611 Πρίαμος
1655 554 1757 602 eti-5

271 619 382 668 θέως
416 616 703 672 μετωνόμασεν
736 619 861 663 αὐτὸν
896 619 1183 678 Ἀλέξανδρον,
1219 625 1287 665 καὶ
1317 622 1494 678 ἔπεμψεν
1525 622 1653 667 αὐτὸν
1682 623 1726 667 ἓν

151 692 185 725 V
207 692 251 728 38
276 687 385 745 ἀγρῷ
421 685 591 740 ὀνόματι
618 685 849 747 Ἀμάνδρᾳ,
886 693 1266 747 γαλακτοτροφῆναι
1291 691 1403 748 παρὰ
1428 689 1609 750 γεηπόνῳ
1631 691 1722 743 τινί,

129 761 162 795 Ο
189 762 254 796 115
279 754 394 811 ἄχρις
415 749 462 798 οὗ
486 755 631 812 διέλθῃ
649 755 700 798 τὰ
713 754 930 813 τριάκοντα
948 757 1038 813 ἔτη,
1074 757 1176 815 ἅπερ
1198 757 1219 801 ὃ
1236 759 1422 815 χρησμὸς
1439 758 1564 812 εἶπεν,
1601 757 1726 809 ἐάσας

272 823 344 866 τὸν
364 823 487 866 αὐτὸν
511 823 775 881 Ἀλέξανδρον
808 825 880 867 τὸν
906 828 972 868 καὶ
1001 824 1170 883 Πάριδα
1193 829 1408 884 Πρίαμος,
1447 825 1469 871 ὅ
1494 827 1620 870 αὐτοῦ
1642 845 1724 870 πα-

272 890 366 948 τήρ,
391 893 432 935 ἐν
456 895 514 949 τῷ
537 892 669 950 ἀγρῷ·
697 891 870 948 ποιήσας
889 895 933 936 δὲ
955 901 1084 949 τεῖχος
1105 895 1146 936 ἓν
1168 899 1225 952 τῷ
1245 895 1356 954 αὐτῷ
1377 895 1490 953 ἀγρῷ
1508 895 1609 951 μέγα
1629 892 1723 938 ἔκά-
1736 904 1780 939 10

274 965 386 1003 λεσεν
420 960 520 1003 αὐτὸ
547 959 663 1003 πόλιν
692 961 739 1003 τὸ
769 959 945 1017 Πάριον.
1013 964 1079 1006 καὶ
1097 962 1246 1017 ἕμεινεν
1267 962 1381 1007 ἐκεΐὸ
1399 962 1537 1020 Πάρις
1554 964 1725 1020 ἀνατρε-

275 1027 450 1085 φάμενος
481 1030 549 1071 καὶ
579 1029 621 1071 ἕν
652 1029 763 1087 αὐτῷ
789 1028 938 1086 διάγων
957 1032 1023 1072 καὶ
1049 1029 1354 1087 ἀναγινώσκων·
1389 1030 1501 1080 ὅστις
1519 1029 1726 1087 ἐλλόγιμος

275 1099 343 1139 καὶ
362 1097 621 1146 εὐπαίδευτος
640 1097 805 1152 ἐγένετο,
843 1100 909 1140 καὶ
931 1099 1091 1148 ἐξέθετο
1110 1098 1228 1155 λόγον
1247 1099 1557 1155 ἐγκωμιαστικὸν
1577 1102 1631 1149 εἷς
1651 1098 1726 1154 τὴν

269 1164 538 1222 Ἀφροδίτην,
565 1165 689 1220 λέγων
707 1167 868 1220 μείζονα
887 1166 1015 1222 αὐτῆς
1033 1167 1137 1210 θεὰν
1153 1169 1211 1224 μὴ
1243 1167 1343 1211 εἶναι
1368 1166 1471 1224 μήτε
1495 1168 1570 1224 τὴν
1590 1167 1726 1223 ’Ἠραν

275 1232 377 1288 μήτε
396 1234 470 1288 τὴν
494 1233 687 1288 Ἀθηνᾶν.
757 1234 831 1289 τὴν
848 1235 925 1291 γὰρ
949 1236 1194 1292 Ἀφροδίτην
1213 1236 1287 1291 τὴν
1308 1238 1530 1291 ἐπιθυμίαν
1547 1235 1651 1278 εἶπεν
1669 1234 1726 1278 εἷ-
1738 1245 1781 1281 15

277 1315 364 1345 ναι·
401 1303 444 1343 ἐκ
468 1306 542 1357 τῆς
565 1303 785 1355 ἐπιθυμίας
817 1298 888 1345 οὗν
923 1301 1057 1346 πάντα
1085 1306 1295 1347 τίκτεσθαι
1321 1303 1425 1347 εἶπεν
1445 1306 1487 1347 ἐν
1508 1308 1559 1361 τῇ
1578 1303 1726 1346 ἑαυτοῦ

223 1383 253 1417 Β
278 1370 446 1413 ἐκθέσει.
519 1370 585 1411 διὰ
616 1375 736 1412 τοῦτο
760 1371 990 1427 ἱστοροῦσιν
1008 1370 1069 1414 ὅτι
1095 1370 1115 1414 ὃ
1134 1371 1270 1427 Πάρις
1291 1372 1416 1429 ἔκρινε
1433 1372 1585 1427 μεταξῦ
1604 1375 1727 1415 Παλ-

276 1436 402 1488 λάδος
434 1439 500 1481 καὶ
522 1437 655 1494 Ἵ·Ιρας
681 1441 746 1480 καὶ
769 1439 1012 1495 Ἀφροδίτης
1032 1442 1097 1482 καὶ
1119 1445 1170 1497 τῇ
1194 1441 1413 1498 Ἀφροδίτῃ
1435 1440 1555 1483 ἔδωκε
1574 1440 1622 1483 τὸ
1644 1444 1727 1495 μῆ-

277 1512 375 1559 λον,
412 1505 435 1550 ὅ
456 1507 541 1549 ἔστι
559 1506 633 1561 τὴν
652 1508 789 1562 νίκην,
826 1507 948 1551 εἰπών
965 1507 1028 1550 ὅτι
1044 1506 1070 1563 ἡ
1089 1509 1311 1562 ἐπιθυμία,
1350 1507 1371 1551 ὅ
1395 1510 1502 1551 ἔστιν
1524 1506 1551 1564 ἦ
1573 1507 1725 1565 Ἀφρο-

275 1577 366 1631 δίτη
377 1607 391 1628 ,
425 1572 559 1618 πάντα
580 1575 700 1617 τίκτει
721 1577 786 1618 καὶ
810 1575 927 1619 τέκνα
946 1578 1014 1619 καὶ
1032 1578 1178 1634 σοφίαν
1199 1579 1266 1619 καὶ
1285 1575 1555 1635 σωφροσύνην
1576 1578 1644 1620 καὶ
1659 1575 1726 1620 τέ·
1735 1586 1782 1621 20

365 1731 399 1765 7.
441 1725 640 1777 Ἆμὰνδρᾳ]
675 1731 841 1775 Μανδρῷ
874 1730 1068 1773 cedrenus,
1103 1731 1191 1767 unde
1222 1728 1384 1778 Μάνδρα
1412 1729 1652 1776 Wesselingius
1683 1730 1728 1765 ad

366 1776 561 1811 Hieroclem
586 1790 619 1822 p.
644 1780 745 1820 664,
778 1779 879 1812 aliter
912 1777 1034 1823 opinor
1064 1778 1291 1819 iudicaturus,
1324 1778 1353 1812 si
1375 1775 1573 1822 Ἀμάνδραν
1595 1777 1729 1821 Lycao-

368 1822 446 1856 niae
478 1829 766 1858 commemoratam
798 1837 832 1870 p.
860 1823 912 1860 14.
943 1824 975 1857 E
1008 1824 1206 1858 recordatus
1237 1827 1334 1857 esset.
1436 1825 1518 1860 ibid.
1553 1825 1726 1868 γαλακτο-

369 1869 572 1914 τροφῆναι]
596 1870 991 1915 γαλακτοτροφηθῆναι
1016 1870 1197 1904 Cedrenus.
1244 1870 1338 1903 Infra
1356 1881 1389 1914 p.
1401 1871 1519 1912 75.c‚
1541 1870 1600 1903 ubi
1617 1870 1727 1913 γαλα-

369 1914 635 2004 κτοτᾶρφέντιιές
658 1917 870 1997 εεῖὸθὴῑοιι.
895 1916 1017 1952 Pasch.
1039 1917 1440 1962 γαλακτοτροφηθῆναι.
1530 1914 1585 1951 14.
1606 1915 1727 1959 μείζο-

369 1973 418 1995 να
496 1986 525 2003 .,
545 1975 594 2007 μη
617 1975 684 1997 ονοι
742 1974 774 1996 Χ.

373 2097 467 2132 Nato
491 2110 534 2132 ex
551 2099 694 2133 Hecuba
711 2099 859 2141 Paride,
883 2102 982 2145 pater
1005 2100 1076 2144 ejus
1098 2099 1249 2134 Priamus
1271 2097 1442 2133 oraculum
1465 2095 1629 2142 Apollinis
1647 2107 1727 2130 con-

284 2142 402 2184 suluit,
444 2143 525 2188 quid
560 2145 604 2178 de
627 2144 697 2178 filio
729 2145 790 2178 sibi
815 2150 896 2178 nato
928 2147 1127 2190 sperandum
1151 2149 1246 2179 esset.
1292 2144 1502 2189 Responsum
1524 2153 1607 2176 vero
1631 2148 1728 2176 vates

282 2191 348 2223 hoc
372 2189 478 2223 dedit.
526 2191 640 2224 Natus
672 2195 722 2224 est
744 2192 807 2224 tibi
829 2192 928 2234 filius
953 2193 1055 2225 Paris
1075 2202 1159 2235 puer
1180 2191 1372 2232 infaustus:
1413 2188 1489 2234 qui,
1522 2188 1728 2222 tricesimum

283 2237 463 2281 attingens
485 2247 627 2276 annum,
665 2237 805 2270 exitium
827 2237 944 2281 regnis
969 2237 1131 2281 Phrygiis
1154 2238 1323 2270 allaturus
1357 2240 1419 2269 est.
1466 2234 1563 2267 Haec
1585 2232 1644 2267 ubi
1666 2243 1728 2266 au-

284 2281 388 2315 disset
411 2285 530 2325 pater,
553 2285 680 2316 mutato
703 2281 814 2315 statim
837 2284 968 2316 numine
992 2282 1214 2316 Alexandrum
1237 2292 1310 2315 eum
1332 2278 1485 2314 vocavit:
1512 2283 1547 2312 et
1569 2277 1728 2312 amanda—

283 2331 355 2361 tum
379 2338 455 2360 eum
476 2327 511 2360 in
535 2339 653 2372 agrum
676 2327 859 2371 quendam,
884 2328 1085 2362 Amandram
1102 2331 1276 2367 vocatam,
1299 2326 1469 2370 agricolae
1492 2323 1622 2359 cuidam
1645 2333 1727 2358 enu-

283 2373 452 2407 triendum
475 2373 638 2414 tradidit,
672 2384 775 2418 usque
807 2373 885 2406 dum
905 2373 1032 2417 impleti
1056 2378 1164 2407 essent
1197 2371 1275 2406 anni
1295 2372 1346 2406 illi
1367 2382 1444 2405 xxx,
1491 2369 1641 2403 Oraculo
1665 2368 1727 2402 de-

284 2418 421 2463 signati.
469 2419 619 2452 Priamus
641 2418 776 2463 itaque,
807 2418 876 2452 filio
899 2417 934 2451 in
958 2429 1042 2462 agro
1066 2418 1207 2459 relicto,
1242 2429 1334 2451 muro
1356 2427 1477 2460 magno
1500 2426 1617 2459 agrum
1639 2414 1728 2448 hunc

284 2464 411 2505 cinxit,
442 2465 627 2509 urbemque
649 2464 784 2498 Parium
816 2463 961 2497 vocavit.
1008 2464 1104 2497 Paris
1124 2463 1242 2507 itaque
1267 2463 1322 2496 hic
1343 2462 1500 2496 educatus
1522 2464 1596 2501 est,
1630 2463 1728 2493 aeta-

283 2512 351 2543 tem
373 2522 466 2544 suam
497 2510 592 2544 bonis
616 2510 742 2544 artibus
763 2509 965 2554 impendens.
1011 2508 1206 2552 Ingeniosus
1238 2508 1376 2551 itaque,
1416 2511 1452 2540 et
1475 2505 1624 2539 eruditus
1644 2516 1729 2539 eva-

282 2554 349 2596 sit,
384 2560 420 2589 et
451 2556 647 2590 Orationem
670 2555 906 2590 Laudatoriam
936 2555 971 2587 in
995 2554 1158 2587 Venerem
1189 2552 1390 2597 composuit,
1422 2551 1622 2597 praedicans
1655 2561 1728 2584 eam

283 2600 420 2635 Deabus
453 2602 600 2636 omnibus
631 2601 851 2646 superiorem,
885 2611 929 2633 ne
953 2600 1104 2644 exceptis
1135 2598 1268 2643 quidem
1290 2598 1442 2639 Junone,
1477 2601 1536 2631 aut
1559 2596 1727 2630 Minerva.

285 2646 515 2691 Cupiditatem
552 2648 637 2681 enim
664 2648 823 2681 Venerem
847 2657 918 2680 esse
939 2645 1046 2678 dixit:
1089 2656 1132 2678 ex
1156 2643 1354 2689 cupiditate
1376 2648 1490 2677 autem
1513 2642 1625 2677 omnia
1647 2652 1727 2685 pro-

285 2692 407 2725 creari·
454 2693 537 2726 Inde
560 2693 604 2727 de
626 2705 666 2727 eo
690 2698 768 2727 orta
792 2692 928 2732 fabula,
958 2690 1122 2724 arbitrum
1141 2689 1233 2724 illum
1256 2689 1470 2723 constitutum
1492 2688 1614 2729 fuisse,
1635 2687 1726 2720 inter

284 2736 475 2779 Palladem,
498 2739 678 2779 Junonem,
703 2743 740 2772 et
762 2739 946 2777 Venerem-3
970 2735 1095 2769 Veneri
1117 2741 1228 2769 autem
1249 2735 1406 2769 detulisse
1428 2733 1622 2773 victoriam,
1643 2732 1726 2766 dato

286 2780 336 2814 illi
359 2782 445 2816 malo
470 2794 583 2818 aureo.
628 2784 725 2818 Dixit
747 2783 833 2818 enim
857 2783 1039 2823 Venerem,
1074 2781 1110 2815 id
1133 2785 1203 2822 est,
1238 2781 1478 2826 cupiditatem,
1514 2778 1624 2814 omnia
1644 2787 1726 2830 prq-

286 2838 425 2870 creare,
447 2827 592 2872 liberos,
616 2829 831 2876 sapientiam,
854 2826 1132 2874 temperantiam,
1163 2830 1271 2869 artes,
1296 2826 1429 2872 aliaque
1451 2823 1581 2866 omnia,
1602 2828 1671 2859 tam
1693 2833 1728 2856 m
