1838 3230
313 182 410 230 606
795 180 1254 228 ANNOTATIONES

427 296 522 346 Pag.
553 297 646 336 339.
676 298 742 337 22.
774 290 1038 347 Πραιπόσιτον
1056 312 1126 337 του
1146 298 1374 350 παλατίου.]
1405 300 1646 353 Praepositi,
1670 312 1745 344 un-

312 349 422 401 perio
443 351 613 388 Graeco·
617 352 791 389 Romano
811 351 969 402 plurimi
992 352 1172 392 fuerunt:
1202 353 1268 392 hic
1286 367 1380 393 vero
1398 354 1658 409 πραιπόσιτος
1673 362 1747 399 τοῦ

311 406 523 458 παλατίου,
552 407 653 445 idem
675 412 779 455 erat,
810 406 877 457 qui
904 413 941 445 et
961 407 1143 461 ἔπαρχος,
1176 410 1256 448 sive
1285 407 1459 464 ὕπαρχος
1485 412 1745 466 πραιτωρίων,

311 475 391 513 quo
411 462 560 512 duplici
585 462 738 500 nomine
756 463 949 514 Procopio
969 465 1098 502 dictus
1128 472 1204 514 est,
1236 465 1354 505 Goth.
1375 471 1413 509 2.
1440 473 1480 506 et
1496 469 1535 509 3.
1557 468 1746 518 Evagrius

310 515 488 571 ὕπαρχον
505 533 575 569 της
597 515 722 570 αὐλῆς
740 524 875 556 vocat:
909 533 1022 570 quem
1046 521 1160 558 etiam
1185 534 1377 560 summum
1399 523 1519 560 fuisse
1545 525 1746 575 magistra-

311 580 393 611 tum
416 575 575 611 asserit.
608 589 700 621 τους
718 573 984 626 καλουμένους
1004 577 1215 643 βίνδικας’
1199 574 1269 627 εφ’
1287 575 1428 633 ἑκάστῃ
1446 575 1560 619 πόλει
1578 581 1746 634 προβαλ-

310 625 498 680 λόμενος,
537 626 720 698 ἐσηγήσει.
753 630 849 681 φασὶ
887 632 1077 698 Μαρίνου
1114 635 1186 672 τοῦ
1215 628 1376 700 Συρουζ
1414 632 1488 685 τὴν
1522 636 1747 690 κορυφαίαν

312 685 514 733 διέποντος
538 689 616 725 τῶν
651 682 805 737 οἷρχῶν,
836 683 884 726 ὃν
911 687 953 726 οἱ
974 684 1095 747 παλαι
1123 685 1301 739 ’ὕπαρχον
1325 692 1397 745 τῆς
1417 686 1543 741 αὐλῆς
1564 686 1744 732 ἐκάλουν.

311 742 500 790 Evagrius
518 741 617 779 Hist.
638 742 784 782 Eccles.
807 742 876 780 lib.
902 745 939 783 3.
963 740 1048 794 cap.
1070 743 1137 786 42.
1192 745 1300 782 Idem
1318 743 1577 797 πραιπόσιτος
1592 750 1662 798 τῆς
1678 744 1747 787 αὖ·

309 798 403 847 λῆς,
433 797 602 835 Simeoni
621 797 871 848 Metapluasti
891 797 1020 836 dictus
1045 805 1112 839 est.
1167 800 1332 848 Latinis,
1365 798 1466 839 Cura
1489 801 1644 851 Palatii,
1674 817 1745 842 vo·
1768 848 1769 851 Ἰ

309 852 484 901 cabatur,
516 859 553 891 et
575 851 844 905 Curopalates:
876 854 1032 892 Graecis
1051 856 1184 905 etiam
1213 862 1387 893 mutuato
1411 857 1620 907 vocabulo,
1642 861 1746 899 Κου-

311 905 545 960 ροπαλάτης.
602 908 699 946 Vide
718 909 776 947 Jo.
795 909 954 947 Meursii
975 911 1148 949 G‘lossar.
1169 917 1208 949 et
1226 903 1442 949 doctissimi
1458 912 1615 951 Fabroti
1634 915 1747 952 Glos-

311 977 386 1001 sar.
410 964 459 1001 ad
479 964 642 1003 Cedren.
661 965 729 1003 ubi
749 965 862 1003 etiam
880 966 1116 1017 ipsissimum
1134 966 1242 1005 hunc
1261 968 1444 1006 Auctoris
1462 969 1585 1007 nostri
1613 970 1746 1009 locum

309 1019 440 1058 habes.

421 1078 520 1127 Pag·
549 1077 643 1117 340-
674 1078 711 1116 6.
758 1074 898 1124 πλέξας
927 1072 1062 1130 ‹xm-32]
1100 1077 1343 1129 Hesychius.
1381 1077 1542 1128 Πλέκει,
1575 1083 1746 1148 μηχανᾶ-

310 1147 384 1171 ται.
420 1132 528 1169 Infra
558 1132 673 1169 etiam
704 1131 772 1168 lib.
803 1133 865 1173 14.
896 1131 942 1169 de
967 1133 1070 1183 Cy10
1102 1134 1320 1173 P1aefecto:
1358 1133 1424 1174 καὶ
1451 1132 1746 1188 κατεσκευάσθη

310 1184 472 1237 λοιπὸν,
501 1186 568 1225 καὶ
590 1183 737 1238 ἐπλακη
761 1203 813 1234 ως
832 1187 1004 1238 Ελλην““
984 1204 1004 1228 o
1024 1185 1139 1236 αὐτὸς
1161 1193 1316 1242 Κυρος,
1346 1197 1419 1228 etc.

412 1242 509 1294 Pag.
538 1242 633 1284 340.
664 1247 702 1284 7.
742 1242 822 1281 Καὶ
851 1246 1079 1295 προσῆλθεν
1102 1245 1230 1315 ε’κείνη
1259 1249 1314 1301 τῷ
1332 1242 1442 1301 αυτῷ
1458 1249 1746 1313 Βαλεντινιανῷ

309 1299 477 1350 βασιλεῖ.
507 1294 551 1349 ἢ
560 1294 685 1348 μόνον
704 1296 746 1337 δὲ
774 1298 1016 1349 ἐβασίλευσε,
1046 1297 1133 1339 κατ’
1165 1286 1289 1341 αυτοῦ
1313 1287 1456 1341 ε’δωκεν
1487 1298 1620 1349 αυτοῖς
1644 1309 1715 1341 etc
1730 1303 1744 1352 J

308 1355 435 1392 Locus
453 1353 634 1391 mutilus:
666 1353 735 1404 qui
758 1366 807 1391 ex
828 1353 920 1393 Chr.
943 1354 1053 1394 Alex.
1072 1356 1127 1393 ita
1145 1358 1418 1397 restituendus.
1479 1358 1560 1398 Καὶ
1576 1362 1746 1411 προσῆλ-

308 1415 383 1450 θεν
404 1410 534 1461 ἐκείνη
558 1412 613 1463 τῷ
630 1406 736 1462 αὐτῷ
762 1412 1047 1477 Βαλεντινιανῷ
1067 1413 1235 1463 βασιλεῖ,
1264 1409 1352 1452 κατ’
1383 1427 1504 1452 αυτου
1538 1417 1610 1453 τοῦ
1626 1429 1746 1466 πραι-

307 1466 495 1507 ποσίτου·
527 1465 593 1504 καὶ
614 1464 757 1504 ἔδωκεν
782 1461 916 1512 αὐτοῖς
934 1472 1005 1504 etc.

418 1520 738 1572 Pag.34o.14.
775 1516 1045 1588 ἀγανακτήσας
1073 1520 1093 1562 ὅ
1122 1517 1240 1569 αὐτὸς
1267 1521 1465 1575 βασιλευς,
1497 1522 1671 1591 §nel-euos
1694 1526 1747 1579 τῇ

309 1573 413 1644 αυτῇ
442 1576 600 1630 γυναικὶ
625 1580 860 1629 προσελθεῖν
889 1573 1037 1633 αὐτοι]
1079 1577 1171 1617 Chr.
1193 1579 1304 1617 Alex.
1333 1578 1469 1616 habet:
1505 1579 1572 1618 καὶ
1603 1575 1746 1632 α’γανα-

307 1629 455 1685 κτήσας
470 1631 495 1674 o‘
515 1630 776 1683 Σαλούστιος,
809 1618 983 1673 ἐκέλευσε
1003 1636 1053 1688 τῇ
1068 1635 1225 1686 γυναικὶ
1253 1638 1489 1688 προσελθεῖν
1510 1650 1562 1674 τω
1584 1636 1745 1687 βασιλεῖ’,

310 1695 383 1728 etc.

420 1746 520 1795 Pag.
549 1743 642 1785 340.
666 1747 710 1786 7.
749 1746 805 1799 τῷ
820 1742 981 1799 πέμπτῳ
1011 1744 1112 1798 βαΐῳ
1137 1745 1325 1797 πρωΐας.]
1358 1745 1448 1784 Chr.
1472 1746 1584 1785 Alex.
1611 1744 1744 1796 habet,

310 1802 366 1854 τῷ
384 1801 484 1855 βαίῳ
505 1801 626 1852 πρωΐ·
657 1799 724 1837 ubi
748 1801 966 1853 hsterpres,
996 1802 1130 1852 βαίον,
1160 1799 1284 1839 solum
1300 1829 1309 1846 ,
1339 1802 1480 1839 vertit:
1519 1815 1596 1852 qua
1616 1809 1746 1840 tamen

309 1856 463 1894 ratione
495 1855 659 1904 ductus,
697 1869 776 1894 non
810 1857 941 1894 video.
1010 1856 1219 1902 Quomodo
1250 1857 1351 1895 enim
1379 1858 1615 1908 Imperator,
1651 1858 1745 1895 dum

312 1910 506 1948 Circensia
534 1917 746 1963 spectaret,
775 1912 882 1950 solus
909 1925 991 1950 esse
1018 1913 1242 1951 diceretur?
1282 1913 1464 1966 πέμπτῳ,
1487 1913 1627 1963 itaque
1650 1926 1746 1964 sup-

309 1967 519 2018 plendum,
550 1981 598 2005 ex
619 1974 766 2005 nostro.
823 1968 925 2007 Βαία
942 1981 1035 2005 vero
1058 1982 1217 2006 munera
1241 1975 1368 2016 erant,
1397 1982 1477 2006 non
1498 1968 1545 2006 ab
1571 1969 1744 2019 [mpera-

309 2029 416 2070 tore,
455 2029 520 2060 aut
544 2023 790 2072 Patriarcha,
831 2025 1046 2075 septimana
1086 2031 1175 2062 ante
1211 2025 1311 2063 diem
1347 2031 1496 2062 tantum
1527 2024 1743 2062 palmarum

310 2079 516 2128 quotannis
540 2079 907 2131 dist1ibuta·quod
935 2080 991 2119 Jo.
1022 2080 1191 2118 Meursio
1219 2081 1346 2119 visum
1379 2087 1456 2126 esu
1476 2079 1587 2117 unde
1613 2085 1651 2117 et
1672 2093 1744 2117 no-

308 2147 397 2171 men
419 2134 624 2198 sumpsisse
657 2141 788 2186 putat:
819 2136 888 2174 sed
914 2136 1029 2174 etiam
1060 2135 1235 2185 ἐ’παθλα,
1265 2137 1449 2188 βραβεῖα,
1478 2135 1637 2172 Munera
1662 2136 1743 2173 sive

308 2192 481 2241 praemia
514 2202 769 2240 quaecunque
800 2191 1015 2229 victoribus
1044 2191 1144 2229 data.
1210 2194 1308 2238 Βαῒς
1332 2191 1462 2239 enim,
1502 2191 1583 2228 sive
1613 2192 1742 2242 βαΐον,

307 2244 469 2283 Palmae
509 2259 662 2283 ramus:
710 2247 842 2285 Palma
877 2253 1007 2285 autem
1031 2250 1200 2286 victores
1236 2247 1329 2285 olim
1370 2252 1575 2284 coronatos
1611 2247 1742 2295 fuisse,

309 2302 489 2339 omnibus
507 2307 655 2339 notum.
710 2301 811 2339 Hinc
840 2316 915 2353 pro
942 2304 1073 2351 Dono,
1103 2304 1186 2341 sive
1203 2315 1361 2341 munere
1383 2314 1640 2352 quocunque,
1670 2314 1742 2340 vo-

309 2357 491 2394 cabulum
513 2357 694 2409 deinceps
723 2364 967 2408 usurpatum.
1027 2359 1128 2397 Male
1157 2359 1290 2410 itaque
1314 2356 1585 2409 Landulphum
1615 2358 1743 2395 corri-

308 2414 363 2462 git
380 2413 410 2452 J.
434 2413 646 2459 Meursius,
673 2413 783 2451 Notis
805 2414 882 2451 suis
910 2415 951 2451 in
974 2414 1214 2455 Constantin.
1271 2412 1514 2464 Porphyrog.
1534 2413 1582 2450 de
1607 2413 1742 2451 Admi-

307 2467 421 2507 nistr.
441 2469 539 2519 Imp.
559 2482 647 2519 pag.
674 2473 740 2511 21.
767 2469 865 2506 ubi·
855 2483 895 2506 m
912 2469 974 2506 his
989 2470 1143 2520 verbis,
1164 2484 1289 2523 usque
1307 2467 1360 2507 ad
1381 2467 1607 2506 solutionem
1624 2468 1743 2521 primi

306 2524 435 2561 bravii
455 2523 645 2563 calcavit:
672 2539 744 2576 pro
763 2523 905 2574 bravii,
937 2523 1039 2574 baii,
1070 2525 1342 2578 reponendum
1371 2524 1582 2564 contendit.
1637 2522 1742 2562 Bra-

312 2578 415 2616 bium
438 2580 537 2617 enim
557 2579 635 2618 hoc
661 2581 774 2630 loco,
813 2583 885 2621 τοῦ
918 2581 1034 2632 βαΐου
1063 2581 1228 2620 cedreni
1259 2594 1413 2618 sensum
1437 2580 1580 2631 optime
1606 2579 1742 2630 expri—

309 2635 397 2672 mit:
427 2641 634 2686 utrumque
652 2637 751 2674 enim
762 2666 774 2686 ‚
803 2643 886 2674 tum
906 2637 1110 2687 βραβεῖον,
1139 2644 1222 2674 tum
1241 2637 1356 2688 βαῖον
1373 2634 1586 2673 Praemium
1605 2635 1742 2673 victori

314 2688 466 2740 datum,
495 2704 610 2729 sensu
627 2692 775 2743 primo:
805 2690 1067 2743 metaphorice
1099 2706 1214 2740 vero,
1243 2692 1285 2729 id
1312 2698 1485 2743 tempus,
1525 2703 1626 2741 quo,
1655 2702 1745 2727 cer-

315 2746 457 2784 tamine
476 2746 606 2796 finito,
636 2749 848 2799 praemium
869 2748 1010 2786 victori
1025 2747 1277 2787 deferendum
1298 2754 1400 2796 erat,
1431 2745 1632 2797 significat.
1675 2745 1742 2782 At-

317 2814 391 2850 que
409 2801 474 2839 hic
496 2804 677 2842 vocabuli
694 2803 813 2856 hujus
830 2817 964 2844 sensus
983 2804 1124 2856 ubique
1149 2811 1225 2854 est,
1256 2804 1360 2856 apud
1379 2809 1566 2842 nostrum.
1607 2801 1738 2838 Certa-
