1838 3230
591 143 1058 189 ANNOTATIONES.
1308 196 1310 198 .
1445 142 1541 195 613

91 260 251 316 πολέμῳ
280 256 601 316 ἆγωνισᾶμενος·
644 258 706 301 διὸ
734 259 802 300 καὶ
823 262 894 311 τῆς
924 261 999 300 τοῦ
1029 255 1185 300 ὑπάτου
1213 255 1326 307 ἀξίας
1349 258 1542 311 μετέσχεν,

91 314 192 360 καθ’
220 315 276 369 ἢν
291 317 458 359 τίκτεται
481 319 539 372 τῷ
555 318 712 369 βασιλεῖ
734 316 921 369 Αρκαδίῳ
941 312 1049 363 υἷάς,
1084 313 1109 356 ὅ
1136 311 1286 368 ἀγαθὸς
1315 312 1541 366 Θεοδόσιος,

90 378 142 430 τῇ
157 369 301 429 δεκάτῃ
322 377 396 415 τοῦ
414 373 634 426 Λπριλλίου
655 370 795 424 μηνός.
834 368 1084 410 Marcellinus
1101 377 1242 419 tamen,
1271 377 1309 409 et
1328 370 1418 409 Chr.
1432 370 1542 412 Alex.

91 427 303 484 eugnsnon
318 430 464 482 Aprilis
482 442 524 479 x,
569 428 638 466 secl
656 442 698 466 1v
716 427 806 466 idus
829 428 971 466 mensis
994 427 1180 479 ejusdem,
1210 427 1292 465 sive
1311 426 1459 479 Aprilis
1479 427 1543 464 die

90 499 148 536 ιτ,
176 492 311 525 natum
333 487 486 525 volunt.
540 484 655 523 Anno
676 497 771 522 vero
801 490 1006 535 sequente,
1040 483 1082 522 id
1105 489 1183 532 est,
1213 483 1349 522 aetatis
1371 496 1464 522 suae
1482 497 1541 521 se-

79 542 236 591 cundo,
262 541 507 581 Theodosius
525 541 573 579 ab
593 540 763 578 Arcadio
790 546 903 591 patre
924 540 1125 590 Augustus
1141 545 1293 578 creatus
1316 546 1389 589 est,
1422 539 1540 577 Arca-

89 598 157 637 dio
177 597 276 649 Aug.
293 598 338 637 V.
354 604 394 638 et
406 598 583 637 Honorio
611 596 711 647 Aug.
732 596 778 636 V.
803 597 909 633 Coss.
933 596 995 634 uti
1015 596 1232 635 Marcellin.
1258 596 1364 633 Com.
1392 602 1430 634 et
1451 594 1540 633 Chr.

87 654 203 695 Alex.
221 660 426 694 testantur.
483 652 634 691 Biennii
654 652 787 703 itaque
810 651 875 689 hic
893 651 1220 690 Prochronismus
1241 658 1310 690 est.

200 713 298 763 Peg.
329 710 425 752 351.
456 713 495 752 4.
539 706 587 748 τα“
607 705 740 748 πάντα
757 705 822 760 ἔτη
845 705 919 758 ν’.]
949 707 996 745 Id
1013 715 1093 757 est,
1123 722 1194 746 vm
1218 721 1308 746 cum
1330 713 1443 759 patre
1466 707 1539 746 Ar-

89 761 214 817 ca'dio‚
245 772 284 804 et
302 779 388 804 ειη
408 772 498 818 post
517 765 600 818 ejus
622 764 786 803 exitum.
845 764 945 802 Vide
970 764 1184 804 Marcellin.
1211 764 1350 801 comit.

195 821 294 875 Pag.
325 825 420 865 351.
456 824 494 864 8.
532 817 627 868 τούς
644 824 714 872 τῆς
736 818 980 871 πεδατούρας
1001 817 1269 872 ammanitas-‚J
1301 819 1410 867 Quid
1423 819 1540 859 πεδα-

85 882 211 931 τοῦρα
228 877 307 917 hoc
327 879 416 916 loco
437 878 574 929 signet,
597 876 705 915 haud
725 882 870 915 temere
890 875 1048 917 dixero:
1080 877 1322 914 Vocabulum
1341 874 1433 924 hoc,
1454 876 1542 926 plu..

85 935 158 975 rali
177 934 274 974 licet
291 947 470 981 numero,
499 934 655 986 profert
675 947 725 971 ex
742 932 932 970 Mauricio
950 934 1114 982 Strateg.
1137 946 1193 972 xi.
1213 946 1299 983 cap.
1321 936 1359 974 8.
1385 938 1425 970 et
1444 932 1542 969 Leo--

86 1005 157 1040 ne,
199 991 407 1030 constitut.
427 1003 496 1039 xv,
543 990 628 1028 Nic.
647 989 838 1039 Rigaltius
857 989 899 1026 in
922 988 1122 1027 Glossario
1143 1002 1237 1038 suo3
1284 993 1324 1026 et
1341 1000 1392 1025 ex
1411 1000 1480 1037 eo,
1508 987 1540 1028 J.

86 1049 303 1097 Meursim,
349 1047 479 1085 Gloss.
512 1045 777 1085 Graecobarb.
819 1058 891 1082 nec
920 1051 1047 1083 tamen
1073 1045 1183 1083 vocis
1210 1044 1293 1082 vim
1329 1043 1540 1093 explicant.

87 1105 216 1143 Gloss.
241 1109 337 1143 vett.
367 1101 476 1155 apud
504 1102 732 1152 Rigallium:
778 1102 1048 1150 Πεδατοῦραι,
1083 1100 1318 1149 pedaturae,
1349 1097 1538 1138 Podismi.

87 1162 293 1199 Caeterum
311 1159 457 1199 videsis
475 1159 584 1196 locos
600 1171 649 1195 ex
675 1157 792 1195 dictis
811 1157 1048 1196 Auctoribus
1068 1157 1115 1194 ab
1136 1155 1282 1196 eisdem
1303 1154 1455 1193 citatos.

196 1215 297 1268 Peg.
325 1217 420 1258 351.
452 1218 517 1257 10.
561 1213 697 1265 ἔχοντα
715 1209 930 1265 μεσόστυλα
953 1213 1030 1264 ἕξ]
1060 1215 1143 1254 Ser.
1173 1206 1418 1264 μεσοστύλια.
1476 1226 1540 1262 με-

86 1269 308 1322 σοστύλιον,
337 1269 678 1310 Intercolumnium
699 1275 770 1317 est,
799 1269 882 1308 sive
899 1269 1068 1321 spatium
1087 1270 1190 1308 inter
1210 1267 1309 1305 duas
1323 1268 1537 1305 columnas.

200 1331 294 1382 Peg.
322 1327 415 1370 352.
447 1330 487 1368 3.
517 1326 695 1377 ἔπεμψεν
713 1322 850 1372 αὐτοῖς
867 1321 1047 1376 μανὸάτα
1069 1323 1134 1365 διοὶ
1154 1326 1226 1366 τοῦ
1248 1319 1539 1376 προτοκούρσο-

85 1385 193 1439 ρος.]
233 1379 478 1432 Μανδάτον,
504 1380 768 1422 Mandatum.-
797 1381 978 1421 hocloco
998 1380 1195 1421 Nuncium
1213 1386 1347 1418 sonat:
1379 1386 1426 1418 ut
1445 1392 1540 1417 seu-

87 1455 155 1481 sus
173 1441 387 1480 verborum
407 1437 477 1490 εἰη
509 1441 580 1478 Per
599 1440 912 1477 protocursorem
934 1438 987 1476 eis
1008 1439 1188 1477 nuncium
1210 1437 1328 1474 misit.
1359 1435 1454 1482 sive,
1487 1435 1540 1472 eis

83 1507 217 1537 notum
235 1496 365 1550 fecit,
397 1502 473 1535 etc.
528 1495 788 1532 Protocursor
812 1507 931 1542 vero,
963 1494 1177 1532 Corsorum
1203 1492 1429 1530 Praefectus
1455 1497 1536 1529 est:

83 1567 182 1594 voce
196 1553 365 1605 hybrida
378 1582 390 1602 ,
420 1565 470 1590 ex
489 1551 639 1589 Graeco
657 1553 833 1602 πρῶτος,
864 1556 902 1587 et
921 1550 1058 1588 Latino
1091 1549 1246 1598 Cursor,
1276 1547 1454 1586 conficta.

198 1613 294 1663 Peg.
321 1609 415 1651 352.
448 1611 513 1649 16.
553 1606 716 1656 efflata]
747 1607 829 1644 Ser.
861 1605 993 1646 εἵλετο.

199 1669 293 1717 Peg.
323 1664 416 1706 352.
451 1666 516 1705 19.
560 1658 827 1715 συνδιάγουσα
846 1657 951 1715 αὐτῷ
974 1660 1016 1700 ἐν
1036 1663 1091 1715 τῷ
1107 1659 1310 1715 παλατίῳ]
1342 1660 1538 1710 Corrupta

83 1723 182 1761 haec
198 1721 396 1760 habentur
417 1717 523 1771 apud
545 1717 635 1755 Chr.
657 1717 773 1757 Alex.
793 1717 1024 1767 Auctorem,
1055 1717 1124 1767 qui
1144 1722 1267 1754 totam
1290 1715 1393 1754 hanc
1413 1714 1538 1754 histo-

83 1779 182 1818 riam
204 1791 253 1817 ex
272 1783 410 1816 nostro
442 1773 665 1826 descripsit.

196 1835 292 1887 Pag.
322 1832 417 1875 353.
451 1834 487 1873 1.
519 1826 568 1871 ου’
585 1830 719 1883 χρείαν
741 1829 824 1881 ἔχω,
856 1827 946 1870 οὔτε
969 1825 1250 1881 ἀξιωματικὴν,
1282 1826 1378 1879 etc.]
1408 1826 1537 1865 Locus

85 1891 315 1932 mendosus:
347 1887 440 1928 Chr.
458 1886 569 1926 Alex.
591 1886 731 1934 habet,
763 1882 812 1926 ου’
833 1886 967 1938 χρείαν
985 1884 1059 1936 ἔχω
1079 1882 1170 1925 οὕτε
1194 1885 1403 1937 βασιλικοῦ
1419 1883 1538 1936 αἵμα-

83 1964 171 1998 τος,
203 1945 294 1988 οὔτε
311 1943 525 1993 πλουσίαν,
559 1938 656 1982 ἄλλα
676 1941 743 1982 καὶ
760 1942 920 1991 εἴτινος,
952 1947 1023 1981 etc.
1083 1941 1201 1980 Forte
1224 1939 1455 1991 legendum,
1487 1934 1537 1978 ου’

83 2005 219 2058 χρείαν
236 2003 309 2056 ἔχω
327 1999 418 2043 οὕτε
436 1996 705 2052 ἄξιωματικοῦ
714 2030 726 2048 ,
756 1995 847 2039 οὔτε
866 1999 1074 2051 βασιλικοῦ
1093 1997 1275 2050 αἵματος,
1305 1993 1397 2036 οὔτε
1416 1990 1535 2036 πλού-

83 2076 165 2102 του.

198 2116 300 2168 Pag.
329 2114 424 2157 353.
453 2118 490 2157 3.
535 2108 660 2166 μόνον
687 2110 911 2165 παρθένον,
955 2109 1023 2150 καὶ
1055 2104 1368 2162 εὐπρεπεστάτην
1391 2102 1533 2154 nciam-l

84 2174 290 2224 legerem,
320 2169 446 2224 μόνον
463 2167 686 2222 παρθένος,
715 2167 782 2208 καὶ
814 2162 1101 2222 εὐπρεπεστάτη
1131 2161 1250 2205 πάνυ.
1310 2162 1402 2201 Chr.
1424 2162 1534 2200 Alex.

83 2229 206 2269 habet
226 2234 390 2277 tantum,
420 2222 543 2279 μόνον
561 2222 760 2278 εὐπρεπής
780 2222 899 2264 πάνυ.

200 2288 294 2337 Pag.
324 2285 419 2326 353.
447 2282 486 2323 4.
514 2277 759 2333 οἷκηκοῶσα.]
789 2282 869 2320 Ser.
901 2275 1110 2331 ἀκηκουῖα.

202 2344 294 2392 Pag.
325 2341 420 2382 353.
457 2341 498 2379 9.
529 2336 728 2387 θυγατέρα
746 2335 960 2389 γενομένην
978 2332 1172 2375 Λεοντίου
1191 2333 1262 2370 τοῦ
1279 2323 1534 2379 φιλοσόφου]

88 2398 147 2436 lta
167 2397 296 2435 dietus
326 2402 384 2434 est
401 2393 663 2445 Philosophus
692 2393 764 2431 iste
791 2393 840 2431 ab
860 2392 1038 2431 omnibus
1063 2385 1348 2438 Scriptoribus‚
1378 2390 1535 2437 praeter

89 2465 212 2491 unum
241 2452 332 2491 Chr.
362 2450 625 2490 Alexandrini
650 2450 881 2498 Auctorem,
928 2447 994 2500 qui
1020 2444 1260 2484 Heraclitum
1286 2454 1374 2480 eum
1402 2445 1532 2478 vocat.

89 2511 294 2547 Caeterum
322 2509 440 2546 lectio
461 2506 559 2545 haec
580 2513 713 2545 nostra
743 2505 906 2544 stabiliri
935 2509 1065 2555 potest
1089 2514 1138 2539 ex
1156 2498 1316 2546 Photio,
1347 2493 1532 2536 Biblioth.

89 2578 199 2604 num.
230 2578 428 2614 czxxxm,
458 2563 529 2601 ubi
560 2563 609 2601 (le
632 2561 897 2614 Imperalricis
922 2557 1120 2598 Eudociae
1147 2552 1379 2594 Octateuchi
1409 2551 1532 2591 Meta-

91 2620 228 2674 phrasi
247 2620 409 2659 metrica
428 2619 549 2658 verba
566 2619 725 2664 habens,
755 2617 952 2657 distichon
974 2614 1052 2652 hoc
1071 2611 1211 2651 exinde
1230 2609 1394 2661 profert.

305 2675 501 2729 Δευτέρην
524 2675 592 2716 καὶ
611 2672 731 2727 τήνδε
749 2677 852 2715 θεοῦ
870 2672 1037 2724 θέμιδος
1053 2664 1154 2721 κάμε
1178 2668 1319 2720 βίβλον

304 2733 482 2783 Ευδοκίη
501 2732 676 2783 βασίλεια
696 2728 890 2777 Λεοντιοῖς
912 2724 1149 2777 εὐπατέρεια.

198 2791 298 2842 Pssg·
331 2789 422 2831 353.
455 2791 518 2831 16·
567 2786 779 2841 Ουαλέριον
798 2785 864 2828 καὶ
887 2780 1065 2836 Γέσιον.]
1097 2781 1251 2820 Fratres
1270 2779 1387 2818 hosce
1410 2779 1530 2816 Zona-
