1838 3230
4 182 14 209 κω
10 149 17 158 .
14 134 18 138 .
4 91 21 116 ..a
2 0 28 86 ⁴⁹3¹*AE

704 153 998 199 EPISTOLA.
1487 162 1582 210 741

122 279 243 318 quem
261 265 366 317 dixi,
396 281 544 309 morem
559 276 818 310 servaverunt
834 270 992 310 nomina
1009 277 1141 310 tamen
1157 271 1384 322 Servorum,
1413 279 1484 312 aut
1503 274 1587 326 qui-

125 335 303 375 cunque,
347 330 394 365 υἱ
422 326 623 380 principio
653 327 755 376 dixi,
791 328 832 366 in
864 328 1002 367 Latina
1031 328 1189 367 civitate
1214 328 1372 377 vixere,
1411 329 1587 379 vulgaris
1611 337 1645 373 ο
1669 339 1713 375 81

123 391 243 430 usus,
271 393 392 433 penes
418 395 533 433 quem
561 382 628 436 jus
657 390 715 422 est
742 383 955 435 loquendi,
985 384 1219 436 plerumque
1241 385 1510 424 immutaverit
1539 386 1590 425 ad

122 435 301 474 Latinam
318 438 653 479 consuetudinem.
711 439 808 478 Inde
839 446 897 478 est
920 440 1028 491 apud
1047 441 1301 492 Ciceronem,
1329 439 1489 479 Phania
1507 442 1587 494 Ap-

122 491 182 544 pii
202 492 381 533 libertus.
438 495 602 534 Frustra
629 495 731 535 enim
757 497 1011 547 graecissaret
1036 497 1239 546 dominus;
1268 510 1358 535 cum
1391 497 1440 535 ab
1463 499 1587 536 omni-

121 547 198 587 bus
226 549 427 589 conservis
455 560 495 590 et
515 552 621 590 notis
652 553 736 591 sine
756 553 904 600 glitera
935 551 1089 596 Phania
1113 554 1147 591 is
1174 553 1401 592 vocabatur.
1463 554 1540 592 Sed
1564 569 1587 594 a

119 604 250 644 Plinio
274 613 518 646 memoratur
549 607 718 648 Phanias
738 607 943 662 physicus:
973 623 1115 661 nempe
1142 610 1175 648 is
1197 610 1239 648 in
1269 609 1435 650 Graecia
1460 610 1586 649 vitam

119 667 274 711 egerat,
304 663 459 703 nultum
490 663 685 703 habuerat
706 666 853 704 Romae
879 664 1083 705 dominum
1112 672 1180 705 aut
1206 673 1429 718 patronum.
1488 666 1587 705 Inde

118 717 222 755 illud
239 717 410 769 Horatii,
449 718 592 760 Credat
612 719 786 760 Iudaeus
811 719 975 774 Apella,
1006 722 1048 760 id
1074 729 1144 772 est,
1175 722 1304 774 quivis
1319 723 1511 761 Judaeus:
1541 729 1587 762 ut

117 773 252 813 locum
280 775 487 828 explanem
517 791 657 829 parum
683 776 760 815 hac
785 778 976 816 memoria
1002 779 1260 820 intellectum.
1317 779 1452 818 Judaei
1472 778 1587 818 habi-

119 830 256 870 tabant
274 837 384 871 trans
412 833 608 883 Tiberim,
637 840 678 872 et
704 834 829 872 multo
855 835 1062 873 maximam
1083 841 1239 888 partem
1269 842 1380 875 erant
1400 835 1586 884 libertini,
1638 841 1640 844 ⁴

119 893 167 925 ut
197 888 347 928 fatetur
377 888 489 928 Philo
517 890 557 928 in
575 891 785 941 Legatione
811 891 861 929 ad
889 891 1038 930 Caium.
1095 891 1237 943 Apella
1264 898 1395 931 autem
1418 891 1587 931 Liberti-

118 956 263 983 norum
285 951 342 984 est
360 958 515 994 nomen,
544 947 635 985 satis
655 947 835 998 frequens
855 947 896 984 in
915 947 1245 1000 Inscriptionibus
1263 948 1443 988 vetustis.
1503 949 1585 996 Cic.

117 1000 194 1052 Ep.
225 1001 293 1044 25.
322 1001 390 1040 lib.
421 1005 459 1044 7.
488 1001 550 1040 Ne
582 1001 752 1055 Apellae
778 1001 932 1056 quidem
961 1002 1098 1042 liberto
1126 1013 1193 1042 iuo
1223 1002 1386 1046 dixeris.
1444 1004 1585 1056 Itaque

121 1053 264 1096 Credat
283 1055 455 1096 Judaeus
473 1056 644 1111 Apella,
673 1060 786 1110 quasi
807 1065 851 1098 tu
871 1059 1000 1109 dicas,
1032 1059 1178 1099 Credat
1193 1061 1491 1112 superstitiosus
1511 1060 1584 1098 ali-

119 1113 208 1164 quis
225 1112 396 1152 Judaeus
415 1114 743 1154 Transtiberinus.
787 1115 884 1154 Inde
903 1116 1006 1154 illud
1021 1117 1202 1166 alterum,
1235 1115 1444 1156 obeundus
1466 1116 1585 1156 Mar-

117 1183 211 1223 sya:
241 1183 322 1220 quo
341 1170 460 1208 modo
479 1171 595 1209 etiam
614 1171 835 1222 loquuntur
853 1172 1037 1221 Ovidius,
1068 1173 1200 1223 Silius,
1229 1173 1425 1211 Lucanus.
1477 1172 1584 1210 Mar-

118 1238 190 1276 sya
215 1226 368 1266 scilicet
386 1227 426 1265 in
445 1227 549 1266 Foro
578 1228 797 1267 collocatus
822 1234 862 1266 et
881 1228 1051 1267 donatus
1077 1228 1189 1280 quasi
1218 1229 1378 1268 civitate
1409 1229 1584 1267 Romana

115 1294 198 1320 nou
217 1283 349 1334 potuit
367 1298 446 1322 non
466 1286 507 1322 in
528 1297 596 1322 ore
619 1285 729 1335 vulgi
762 1284 940 1336 quotidie
958 1285 1131 1333 versari3
1162 1290 1199 1322 et
1217 1291 1422 1336 praeterea
1444 1299 1490 1323 eo
1508 1298 1585 1322 no·-

116 1339 222 1376 mine
249 1339 412 1378 suerunt.
439 1340 545 1379 servi
567 1339 754 1391 Phryges.
810 1340 856 1378 In
885 1340 1012 1379 veteri
1034 1353 1252 1390 marmore,
1282 1341 1334 1380 M.
1364 1341 1585 1379 HELVIUS

114 1394 171 1435 M.
209 1395 252 1433 L.
289 1396 514 1437 MARSYA.
584 1396 703 1447 Vulgi
729 1402 861 1435 autem
888 1396 1136 1435 autoritatem
1166 1397 1336 1436 libenter
1362 1396 1429 1435 hic
1459 1397 1584 1435 secuti

115 1458 210 1490 sunt
232 1458 372 1504 poetae
382 1467 394 1504 3
423 1466 512 1492 cum
541 1453 758 1491 secundum
781 1453 972 1491 Graecam
1002 1453 1371 1503 pronunciationem
1395 1455 1585 1503 Marsyas

113 1506 156 1546 in
173 1507 403 1548 hexametro
423 1523 502 1548 non
521 1515 654 1549 staret.
697 1509 762 1547 Sic
787 1507 941 1548 Cassius
963 1506 1130 1547 Chaerea
1146 1509 1329 1547 tribunus
1351 1509 1490 1560 plebis,
1510 1522 1583 1547 no-

115 1563 290 1603 tissimus
315 1565 365 1603 ob
396 1566 479 1604 Caii
500 1566 677 1604 Caesaris
701 1565 879 1604 caedem:
909 1565 1009 1603 alter
1034 1565 1141 1616 apud
1163 1565 1333 1603 Plinium
1352 1565 1581 1614 statuarius,

117 1621 186 1671 qui
214 1634 416 1673 nunquam
444 1623 564 1660 credo
593 1621 743 1659 Italiam
774 1621 948 1668 viderat3
986 1626 1024 1659 et
1054 1621 1162 1671 apud
1189 1621 1409 1660 Varronem
1436 1621 1581 1661 tertius

114 1676 385 1728 Atheniensis,
416 1679 484 1730 qui
513 1678 562 1716 de
587 1679 644 1716 Re
669 1678 832 1715 Rustic-a
857 1676 1034 1728 scripsit,
1068 1674 1269 1716 Chaereas.
1325 1678 1384 1716 Ita
1408 1678 1580 1726 Persius,

116 1734 374 1785 (priusquam
393 1735 593 1773 Cornutus
612 1734 769 1772 Stoicus
790 1747 948 1772 versum
968 1734 1245 1772 immutaverat
1262 1740 1370 1773 metu
1390 1734 1578 1783 Neronis)

115 1789 337 1830 Auriculas
365 1792 468 1829 asini
495 1788 618 1830 Zlslida
648 1805 722 1829 rex
751 1788 892 1841 luam,-
922 1795 961 1828 et
986 1789 1037 1827 ad
1065 1789 1107 1827 id
1135 1790 1361 1842 exemplum
1382 1790 1579 1829 lustinus:

115 1847 264 1885 nullam
285 1847 401 1885 aliam
421 1847 471 1884 ob
493 1860 668 1896 causam,
703 1852 985 1898 praeterquam
999 1845 1106 1896 quod
1127 1846 1169 1884 id
1187 1860 1330 1886 nomen
1348 1847 1579 1898 frequenter

115 1903 325 1954 mancipiis
342 1910 402 1942 est
420 1903 613 1950 inditum,
644 1903 874 1954 praesertim
891 1916 941 1940 ex
962 1901 1135 1954 Phrygia
1153 1902 1310 1955 emptis,
1368 1903 1578 1942 Terentius

115 1959 376 1999 Phormione:
423 1963 522 2000 Puer
538 1957 592 1998 ad
621 1975 680 1997 me
700 1960 870 1998 occurrit
888 1957 1025 1998 Mida.
1084 1959 1207 1997 Vetus
1228 1959 1329 2011 lapis
1350 1959 1459 2011 apud
1475 1961 1576 2011 Spo-

112 2018 222 2055 nium
239 2030 283 2068 p.
305 2019 399 2060 289.
428 2017 555 2056 MlDA
585 2015 959 2055 CUBICULARIUS.
1015 2015 1176 2067 Nequeo
1195 2021 1329 2054 tamen
1347 2017 1577 2069 conjectura

113 2073 316 2125 augurari,
348 2087 421 2111 cur
449 2073 518 2125 qui
543 2072 690 2124 Nepoti
709 2070 939 2121 Perdiccas,
969 2073 1103 2110 Curtio
1124 2078 1164 2110 et
1186 2072 1337 2110 Justino
1354 2078 1393 2111 et
1411 2073 1575 2124 quibus·
1643 2094 1649 2099 ·

111 2130 201 2169 dam
223 2129 310 2169 aliis
334 2128 521 2170 Perdicca
540 2129 775 2168 nominetur.
831 2128 1040 2180 'Siquidem
1061 2128 1166 2181 apud
1187 2135 1401 2180 utrumque
1420 2135 1575 2166 caetera

110 2187 239 2226 omnia
267 2187 417 2225 Graeco
447 2200 556 2225 more
587 2186 866 2236 proferuntur,
906 2184 1127 2236 Amyntas,
1164 2184 1348 2237 Bagoas,
1382 2182 1571 2229 Philotas,

114 2241 314 2296 Ophellas,
344 2241 486 2289 Jonas,
521 2241 704 2292 Gobryas,
733 2239 900 2281 Alcetas
914 2242 1034 2280 frater·
1053 2242 1280 2294 Perdiccae.
1326 2242 1469 2279 Nullus
1489 2254 1573 2278 ine-
1596 2238 1629 2272 0
1654 2239 1700 2275 82

108 2300 206 2338 mini
235 2300 447 2339 Perdiccas
471 2301 576 2338 inter
605 2300 794 2337 Italorum
821 2311 956 2337 servos
987 2304 1055 2336 aut
1079 2299 1261 2337 libertos:
1305 2310 1434 2348 neque
1462 2298 1573 2348 quic-

98 2369 229 2407 quam
255 2356 364 2394 aliud
397 2370 536 2394 causae
557 2356 733 2394 invenire
761 2368 934 2407 possum.
991 2355 1091 2393 Nam
1124 2360 1380 2405 cognomenta
1404 2353 1573 2391 Liberti·-

108 2421 250 2451 norum
281 2417 349 2460 (ea
371 2413 465 2465 ipsis
494 2412 652 2450 nomina
680 2413 860 2460 fuerunt,
888 2411 1119 2464 priusquam
1145 2424 1267 2449 manu
1295 2410 1569 2459 mitterentur)

111 2469 145 2507 si
168 2469 316 2508 Graece
337 2469 379 2507 in
399 2474 459 2516 Ας
477 2470 679 2519 caderent,
709 2468 885 2507 Latinam
916 2467 1227 2506 terminationem
1249 2466 1486 2518 plerumque
1507 2478 1571 2503 ce-

109 2531 266 2578 perunt.
324 2526 411 2564 Non
433 2531 561 2564 tamen
581 2538 860 2577 usquequaque
886 2524 1125 2562 increbuisse
1143 2537 1227 2562 eam
1246 2521 1571 2561 consuetudinem

110 2595 160 2619 ex
178 2582 350 2633 antiquis
375 2583 701 2636 inscriptionibus
723 2581 991 2621 animadverti.
1049 2580 1147 2619 Nam
1177 2593 1268 2618 ecce
1286 2579 1357 2617 tibi
1380 2577 1479 2616 haec
1496 2591 1570 2616 no-

110 2638 214 2676 mina
248 2651 299 2676 ex
338 2639 531 2688 Grutero,
575 2639 771 2688 Reinesio,
813 2638 975 2690 Sponio.
1047 2639 1231 2688 Αχιλλᾶς.
1274 2634 1341 2674 M.
1371 2632 1570 2674 Cornelius

110 2692 311 2734 Achillas.
339 2695 393 2735 L.
414 2695 575 2736 Pontius
595 2695 778 2736 Aclzilas.
817 2692 851 2748 lf’
882 2695 1051 2742 Αλεξᾶς,
1080 2688 1386 2745 ’ὑποκοριστικόν
1406 2690 1453 2729 ab
1470 2688 1568 2730 Αλέ-

109 2751 290 2804 ξανδρος.
336 2749 382 2802 Q.
402 2751 643 2791 Hortensius.
685 2751 733 2803 Q.
755 2753 805 2793 L.
828 2751 976 2792 Alexa.
1007 2747 1227 2788 Suaveuius
1247 2745 1399 2787 Alema.
1431 2743 1466 2800 P
1486 2750 1567 2785 Av-

111 2805 241 2860 δρέας.
302 2805 341 2847 G.
364 2807 568 2863 Quinctius
585 2808 762 2848 Andrea.
821 2807 856 2864 If
887 2809 1068 2855 Απελλᾶς
1095 2807 1307 2855 (Amol-lois
1323 2803 1426 2855 apud
1445 2802 1567 2842 Athe-
