1838 3230
327 181 427 230 562
814 177 1280 223 ANNOTATIONES.

438 295 531 347 Pag.
561 296 653 336 227.
681 297 722 336 7.
761 288 1028 342 ’ὑπατεύοντος
1047 291 1091 334 δὲ
1108 295 1184 336 τοῦ
1203 289 1327 335 αὐτοῦ
1350 295 1602 347 Οκταβιανοῦ
1618 293 1688 336 καὶ
1705 298 1773 336 Σι·

326 352 501 390 λουανοῦ
511 349 537 403 }
559 350 747 388 Eusebius
781 350 897 387 etiam
917 349 993 387 hoc
1012 364 1112 388 anno
1134 352 1239 388 Coss.
1264 350 1383 390 habet
1399 350 1620 401 Augustum
1638 363 1716 389 xm
1733 357 1774 394 et

326 405 379 445 M.
408 406 623 444 Plautium:
679 405 796 443 Hunc
823 405 878 445 Μ.
902 406 1100 445 Plautium
1127 407 1329 446 Silvanum
1355 412 1500 447 vocant
1527 406 1636 446 Fasti
1657 406 1770 459 Capi-

326 462 452 500 tolini.

438 520 533 570 Pag.
563 518 660 558 229.
687 516 725 559 5.
769 517 838 559 καὶ
868 514 1155 571 ἔνανθρῶπησε
1177 515 1224 571 *)
1254 516 1353 569 φησὶ
1382 519 1440 572 τῷ
1466 513 1527 568 εφ’
1551 516 1649 570 ἔτει]
1677 518 1772 556 Ubi-

325 587 414 611 nam
437 572 593 611 tandem
611 571 689 610 1100
717 573 814 613 dicit
837 575 1056 613 Eusebius?
1098 580 1203 613 certe
1221 575 1259 612 in
1284 573 1488 612 Chronicis
1509 574 1588 612 suis
1605 575 1652 612 ab
1671 573 1774 612 Ada-

325 643 390 667 mo
419 628 470 666 ad
491 628 689 666 Christum
718 636 851 668 natum
873 645 993 668 annos
1021 636 1137 682 putat
1156 637 1308 668 tantum
1336 631 1457 672 5199.
1514 630 1556 667 Si
1574 636 1702 670 autem
1719 631 1771 667 ila

325 691 370 722 ut
385 684 535 722 Auctor
557 686 645 722 vult
673 686 866 724 calculum
888 699 1001 724 suum
1031 686 1276 735 institueret,
1316 686 1383 723 ubi
1403 685 1522 724 suerit
1540 685 1644 724 inter
1660 686 1772 724 illum

325 747 364 778 et
380 739 640 792 Theophilum
657 741 834 794 aliosque
853 747 1087 780 memoratos
1109 742 1398 793 disclepantia'?

439 799 652 848 pag-230.
685 799 719 838 1.
769 798 825 844 εἰς
853 796 926 848 τὴν
957 794 1153 850 οἷνατολήν
1184 794 1392 850 ἐλθόντες]
1426 797 1507 835 11110
1530 792 1610 837 ami
1633 791 1773 837 ανατο-

323 854 426 902 λων,
454 867 508 891 ex
526 851 741 905 regionibus
763 851 1037 903 Orientalibus,
1054 853 1260 893 advenisse
1276 854 1410 904 Magos
1427 859 1594 892 testatur
1609 854 1647 893 S.
1666 852 1770 891 Scri-

323 914 455 959 ptura,
483 908 577 946 Mat.

439 966 656 1016 pag-230.
687 966 750 1006 13.
799 962 843 1005 ἐν
864 963 1031 1005 υπατεία
1064 960 1294 1005 Ουίνδικίου
1314 963 1382 1004 καὶ
1406 960 1646 1015 Ουαλερίου]
1676 935 1771 1003 (3111.

323 1018 435 1060 Alex.
455 1019 530 1058 hos
549 1025 691 1068 vocat,
722 1019 927 1071 Indicium,
959 1027 996 1059 et
1016 1021 1356 1060 Varium.ve1um
1375 1021 1480 1061 Coss.
1497 1020 1570 1058 hos
1590 1021 1704 1072 ponit
1722 1019 1772 1058 ad

324 1090 387 1115 an.
417 1076 581 1126 Augusti
600 1089 700 1114 xml.
716 1089 795 1127 quo
813 1090 915 1115 anno
936 1083 1073 1115 noster
1093 1091 1214 1129 supra
1230 1080 1452 1130 Augustum
1475 1082 1627 1116 11111.οῑ
1645 1076 1769 1116 Silva-

322 1145 416 1170 num
437 1132 668 1171 Coss.sec'1t.

437 1191 656 1239 Pag.231.
691 1189 755 1228 10.
792 1187 835 1227 ἒν
855 1186 1024 1244 ὑπατεία
1039 1189 1178 1242 Λαμία
1196 1205 1265 1229 και
1286 1186 1569 1242 Σερελλιανοῦ]
1599 1186 1771 1225 Lamiam

323 1249 362 1282 et
386 1243 595 1282 Servitium
614 1243 719 1282 Coss.
739 1242 885 1281 habent
905 1245 1105 1294 Eusebius,
1126 1252 1163 1283 et
1181 1245 1274 1284 Clu.
1293 1245 1403 1283 Alex.
1425 1244 1598 1292 Auctor3
1631 1249 1672 1280 ut
1691 1242 1770 1292 hic,

323 1313 424 1337 anno
446 1297 612 1349 Augusti
637 1311 747 1336 xmv.
771 1299 862 1344 ille,
891 1314 993 1338 anno
1017 1301 1190 1351 ejusdem
1211 1313 1322 1338 va1.
1354 1306 1519 1350 uterque
1549 1306 1678 1337 tamen
1703 1312 1772 1336 an-

279 1405 282 1407 ,
319 1369 414 1393 num
430 1355 626 1404 integrum
647 1354 770 1405 ponit,
799 1354 900 1393 inter
919 1355 991 1393 hos
1015 1357 1122 1395 Coss.
1146 1362 1184 1394 et
1204 1356 1372 1394 Herodis
1393 1356 1557 1395 obitum.

433 1409 534 1477 Pag.
564 1413 659 1451 231.
689 1413 755 1452 21.
797 1410 864 1450 καὶ
891 1409 1003 1458 ἅϊδος
1029 1414 1151 1459 αυθις
1182 1411 1378 1462 ἷκέσθαι.]
1418 1411 1618 1449 cedrenus
1637 1408 1769 1458 habet,

320 1465 389 1506 καὶ
406 1463 504 1506 όδόν
525 1460 647 1512 αυθις
665 1471 736 1502 etc.
755 1472 794 1503 et
811 1479 931 1504 versu
950 1474 1150 1518 sequente,
1171 1467 1213 1507 ἐκ
1233 1464 1400 1519 δόμων“
1371 1465 1592 1518 ημετὲρων·
1621 1465 1680 1503 uti
1698 1465 1769 1503 ha-

319 1522 388 1560 bet
409 1522 524 1560 etiam
544 1520 743 1559 Eusebius.
798 1521 927 1560 Habes
944 1536 1040 1560 vero
1059 1522 1137 1560 1100
1157 1523 1370 1561 Graculum
1387 1523 1490 1560 inter
1510 1521 1678 1560 Oracula
1701 1534 1767 1560 ve-

319 1583 419 1627 tela,
450 1591 472 1615 a
488 1577 544 1616 10.
566 1576 778 1628 Obsopoeo
796 1578 912 1626 edita,
946 1579 1015 1616 ubi
1035 1578 1113 1616 1100
1131 1579 1248 1616 modo
1266 1579 1418 1629 legitur.

539 1635 646 1680 Παῖς
665 1634 841 1684 Εβραῖος
856 1633 1005 1674 κέλεταί
1035 1649 1082 1686 με
1102 1639 1216 1681 θεοῖς
1233 1631 1472 1692 μακάρεσσιν
1487 1628 1684 1683 ἀνάσσων,

543 1684 667 1729 Τόνδε
688 1685 808 1756 δόμον
827 1693 1045 1741 προλιπεῖν,
1073 1689 1141 1729 καὶ
1165 1686 1283 1742 οἷἰδην
1303 1686 1424 1736 αὖθις
1443 1688 1611 1729 ἱκέσθαι.

534 1741 696 1784 Λοιπον
714 1742 854 1794 α’πιθι,
885 1748 1007 1797 σιγῶν
1026 1746 1068 1785 ἐκ
1091 1747 1236 1797 βωμῶν
1258 1745 1471 1799 ἦμετέρωι.

403 1799 480 1838 Ubi
502 1805 631 1838 tamen
655 1813 793 1838 versus
821 1801 982 1840 ultimus
1012 1801 1229 1841 claudicat:
1268 1803 1371 1840 forte
1401 1799 1607 1852 legendum
1634 1797 1768 1852 ’ἡμετε-

320 1850 445 1907 ράων.

434 1914 527 1964 Pag·
556 1914 648 1953 232-
678 1914 717 1952 7.
763 1910 805 1951 ἓν
831 1914 884 1968 τῇ
910 1909 1027 1969 Ρωμῃ
1053 1908 1299 1964 ἐτελεύτησε]
1329 1912 1590 1962 Hieronymus
1613 1910 1655 1948 in
1675 1923 1764 1948 ver-

320 1966 428 2003 sione
456 1980 525 2004 sua
543 1967 756 2004 Eusebiana
774 1953 992 2018 Augustum
1006 1954 1164 2007 Atellae
1193 1969 1234 2006 in
1251 1969 1459 2020 Campania
1491 1973 1686 2005 mortuum
1706 1980 1765 2003 as-

321 2022 435 2059 serit:
475 2028 641 2073 uterque
659 2023 770 2063 falso.
828 2024 950 2064 Nolae
968 2025 1068 2064 enim
1086 2025 1188 2063 diem
1209 2038 1321 2062 suum
1341 2025 1448 2063 obiit.
1504 2021 1604 2061 Vide
1625 2022 1764 2060 Sueto-

320 2078 441 2124 nium,
471 2078 582 2116 alios.

430 2134 531 2184 Pag.
561 2135 655 2175 232.
694 2135 733 2174 8.
780 2131 937 2186 ἅπαις,]
980 2135 1040 2174 An
1072 2135 1122 2173 de
1153 2135 1266 2187 prole
1294 2134 1466 2173 mascula
1490 2131 1764 2183 intelligendus

321 2195 376 2225 est
405 2188 581 2226 Auctor?
639 2189 775 2226 Filiam
803 2191 903 2228 enim
928 2191 1069 2230 Juliam
1094 2205 1143 2230 ex
1170 2205 1296 2230 uxore
1315 2190 1518 2230 Scribonia
1546 2189 1763 2240 suscepisse

320 2257 420 2291 eum,
450 2243 593 2281 nemini
610 2257 692 2281 non
713 2250 859 2283 notum.

431 2297 534 2338 Ibid.
589 2299 658 2339 καὶ
687 2298 949 2352 σωφρονήσας
979 2298 1055 2342 οἷπό
1085 2304 1308 2354 σωματικῆς
1325 2298 1534 2354 αμαρτίας]
1564 2299 1673 2337 Itane
1691 2311 1762 2336 ve-

319 2354 394 2393 ro'?
438 2354 650 2393 Audiamus
669 2361 796 2392 tamen
818 2357 1077 2395 Suetonium
1065 2372 1106 2395 1n
1130 2358 1310 2407 Octavio,
1339 2357 1419 2394 Tit.
1440 2358 1506 2396 69.
1548 2352 1762 2393 Adulteria

320 2408 473 2463 quidem
503 2411 735 2459 exercuisse,
764 2426 809 2448 ne
836 2413 955 2450 amici
981 2412 1133 2465 quidem
1155 2422 1295 2464 negant
1316 2422 1385 2451 etc.
1442 2411 1492 2449 Et
1512 2410 1632 2461 paulo
1656 2415 1759 2460 post.

321 2465 374 2503 L.
394 2464 592 2503 Antonius
614 2481 724 2518 super
731 2465 947 2520 festinatas
965 2467 1102 2506 Liviae
1121 2469 1275 2520 nuptias
1294 2463 1757 2520 objeci15eifoeminam

324 2519 570 2558 Consularem
589 2536 609 2559 e
628 2519 797 2560 triclinio
815 2523 889 2560 viri
911 2537 1043 2561 coram
1071 2525 1111 2561 in
1132 2521 1347 2561 cubiculum
1368 2521 1599 2569 abductam,
1629 2535 1759 2558 rursus
1789 2564 1791 2567 ι

320 2577 358 2612 in
384 2576 597 2614 convivium
631 2575 848 2615 rubentibus
868 2577 1075 2627 auriculis,
1103 2579 1352 2630 incomptiore
1376 2575 1521 2629 capillo
1546 2574 1755 2615 reductam.

322 2631 447 2677 Quem
472 2631 761 2683 Paragraphum
788 2633 902 2671 etiam
929 2634 1239 2684 petulantissima
1262 2633 1431 2684 ejusdem
1451 2632 1624 2683 Epistola
1649 2631 1755 2669 clau-

320 2685 380 2724 dit
398 2687 621 2725 Suetonius:
653 2701 768 2740 quam
785 2688 937 2729 videsis,
988 2689 1065 2728 Sed
1085 2695 1124 2728 et
1142 2702 1306 2728 uxorem
1324 2689 1439 2727 etiam
1460 2701 1570 2727 suam
1590 2687 1663 2726 sibi
1684 2685 1756 2724 ha-

366 2807 403 2848 ’)
445 2807 506 2841 Sic
532 2808 585 2842 ed.
611 2809 679 2843 Ox.
