1838 3230
588 147 1056 197 ANNOTATIONES.
1453 154 1549 201 607

101 285 192 314 men
209 284 307 312 vero
327 269 536 324 quodlibet
553 268 620 308 ubi
640 267 871 318 finiebatur,
899 267 1041 307 victori
1061 266 1249 306 Bravium
1267 266 1397 306 statim
1418 265 1554 305 datum

102 335 208 369 erat:
236 327 344 368 unde
368 327 582 375 habemus,
611 325 719 378 apud
735 325 980 376 Cedrenum,
1007 327 1081 365 τοῦ
1096 319 1256 376 πρώτου
1275 325 1416 376 βαΐου,
1446 322 1555 376 apud

99 386 290 425 Nostrum
311 383 521 433 hocloco,
549 385 603 437 τῷ
623 381 786 437 πέμπτῳ
819 383 946 437 βαΐῳ·
976 388 1015 421 et
1041 380 1166 430 infra,
1196 380 1264 419 lib.
1294 383 1357 423 13.
1390 379 1463 428 ἕως
1479 382 1555 420 τοῦ

101 442 283 483 εἰκοστοῦ
300 439 484 494 δευτέρου
514 440 651 492 βαΐου·
691 438 734 476 id
764 445 840 488 est,
871 453 990 491 usque
1014 435 1069 475 acl
1095 437 1316 489 vigesimum
1345 434 1555 475 secundum

102 495 486 550 Certamenfinitum.
542 494 720 533 Praemia
742 507 836 533 vero
857 494 956 533 haec
978 509 999 532 a
1021 494 1203 546 Principe
1224 493 1402 531 Victores
1423 499 1555 545 petere

99 554 239 593 solito·
257 553 378 592 fuisse
399 558 566 605 apparet
586 565 636 589 ex
656 556 793 589 nostro
819 552 938 600 infra,
968 550 1039 589 lib.
1067 553 1130 592 18.
1155 549 1227 587 ubi
1241 549 1290 588 de
1308 549 1462 588 Juliano
1483 551 1554 588 Sa-

99 610 262 660 marita,
289 609 476 661 Tyranno
489 639 500 656 ‚
531 608 731 646 Circensia
748 614 947 660 spectante
967 607 1088 646 verb‘a
1107 606 1271 655 faciens,
1301 604 1399 644 haec
1415 605 1554 644 habet:

98 666 168 707 καὶ
185 663 404 719 τὸπρῶτον
430 665 550 717 βαΐον
574 664 732 716 ἐνίκησε
766 664 916 713 Νικέας
946 663 1025 713 τὶς,
1054 661 1217 715 ’ἡνίοχος
1244 659 1486 716 χριστιανός·
1517 669 1558 702 et

43 758 47 771 ί
98 723 220 776 paulo
249 727 363 774 post:
399 721 468 761 καὶ
493 718 623 761 ἐλθών
650 718 753 773 πρός
779 719 846 762 τὸν
871 718 1092 773 τύραννον,
1121 715 1292 770 ὀφείλων
1319 722 1554 772 τιμηθῆναι,

98 800 156 808 -
180 800 239 807 -
266 774 419 826 εὐθέως
440 776 604 830 πέμψας
625 773 888 829 ἄπεκεφᾶλισε
921 774 988 818 τόν
1018 775 1184 829 ἡνίοχον
1209 775 1252 816 ἐν
1283 779 1337 832 τῷ
1357 776 1554 829 ἱπποδρο-

129 834 190 876 [ω.

98 851 126 888 μ
149 874 161 890 ⁴
212 893 307 944 Peg.
335 891 430 932 341.
460 892 499 932 1·
539 886 782 943 Μαριανήν,
812 886 887 941 τὴν
909 887 1053 929 ἑαυτοῦ
1080 891 1285 943 pavonina-J
1315 888 1552 927 Valentinia-

97 959 174 987 nus
191 946 290 998 Imp.
316 946 416 985 duas
443 946 560 984 simul
587 959 733 984 uxores
762 945 922 995 habuit,
961 946 1135 998 priorem
1165 944 1287 994 hanc,
1319 959 1436 996 quam
1460 945 1551 987 Chr.

97 1004 210 1044 Alex.
233 1002 462 1053 Marinum,
488 1002 705 1041 Jornandes
728 1009 767 1041 et
787 1003 970 1051 Zonaras,
1002 1001 1181 1040 Severum
1202 1008 1364 1040 vocant:
1395 1016 1444 1040 ex
1462 1016 1552 1053 qua,

97 1060 280 1112 privatus
302 1058 452 1109 adhue,
482 1059 711 1098 'Gratianum
729 1059 852 1097 filium
870 1058 1027 1097 habuit:
1058 1058 1217 1096 alteram
1237 1057 1400 1108 deinde,
1430 1072 1556 1098 uxore

98 1128 282 1157 suaeum
311 1115 362 1154 ad
394 1114 437 1153 id
467 1115 683 1165 incitante,
720 1116 795 1153 sibi
826 1101 1016 1167 sumfisit,
1058 1114 1214 1152 nomine
1242 1114 1455 1154 Justinam:
1495 1115 1555 1154 uti

97 1178 268 1212 testatur
284 1171 429 1210 Paulus
452 1172 672 1211 Diaconus:
707 1170 1026 1218 Valentinianus,
1053 1169 1200 1209 dudum
1235 1168 1424 1210 laudante
1445 1187 1556 1210 uxo-

99 1244 140 1267 re
158 1242 232 1268 sua
247 1225 576 1281 pulchritudinem
605 1227 804 1274 hainae,
834 1227 911 1266 sibi
933 1242 1016 1265 eam
1042 1228 1207 1266 sociavit
1230 1228 1270 1266 in
1291 1229 1555 1268 matrimonio.

207 1286 309 1338 Peg.
339 1282 436 1326 341.
462 1288 534 1327 10.
563 1280 838 1338 Βαλεριανός.]
871 1285 952 1323 Scr.
977 1279 1203 1336 Γραπιανὸς.

209 1339 311 1393 Peg.
338 1341 433 1382 841.
473 1344 538 1383 13.
583 1345 648 1382 Εν
683 1341 895 1396 καστελλίῳ
943 1339 1212 1394 Βιργιτίνων.]
1262 1339 1410 1378 Locum
1445 1339 1555 1378 hunc

96 1396 319 1448 Brigionem
347 1403 467 1435 vocat
485 1397 630 1437 Paulus
656 1397 816 1436 Diacon.
848 1396 918 1449 qui
942 1399 1059 1436 etiam
1097 1397 1329 1446 Quadorum
1361 1397 1553 1449 oppidum

97 1453 220 1493 fuisse
236 1452 394 1491 asserit:
423 1452 529 1493 Dum
553 1451 661 1508 apud
679 1453 928 1507 Brigionem,
958 1452 1143 1506 oppidum
1168 1451 1420 1504 Quadorum,
1450 1451 1553 1505 lega-

96 1511 197 1550 iioni
220 1507 481 1562 responderet,
511 1525 616 1549 anno
649 1511 789 1549 aetatis
817 1511 953 1563 quinio
984 1519 1019 1547 et
1049 1510 1387 1563 quinquagesimo,
1427 1509 1557 1548 subita

97 1565 286 1620 ffmione
302 1566 524 1618 sanguinis,
553 1582 651 1620 quae
671 1564 816 1605 Graece
835 1562 1055 1617 ἄπόπληξις
1072 1575 1248 1613 vocatur,
1279 1579 1372 1604 voce
1393 1567 1552 1612 amissa,

97 1636 210 1660 sensu
239 1623 410 1674 integer,
446 1623 656 1675 expiravit.
721 1622 869 1661 Eadem
902 1621 1094 1660 habemus
1120 1621 1227 1673 apud
1247 1621 1553 1673 Hieronymum3

99 1677 169 1728 qui
189 1683 317 1716 tamen
336 1677 466 1716 locum
483 1677 612 1729 hunc,
640 1677 911 1731 Brigiiionem,
940 1684 1079 1728 vocat,
1111 1679 1218 1717 Sext.
1240 1677 1376 1718 Aurel.
1400 1678 1551 1724 Victor,

98 1732 406 1787 Bergentionem.

211 1787 308 1842 Pag.
343 1789 436 1832 341.
466 1789 531 1832 15.
561 1789 767 1843 Εποίησεν
790 1788 814 1831 o‘
832 1788 993 1844 στρατός
1011 1791 1237 1843 βασιλέα-
1255 1785 1552 1844 -Ειῗγὲνιον.]

99 1845 297 1896 Eugenius
325 1859 426 1885 anno
450 1847 607 1886 tandem
630 1860 715 1896 xw,
748 1854 840 1900 post
871 1847 1186 1887 Valentinianum
1212 1853 1434 1897 mortuum,
1476 1847 1553 1886 Va.

98 1901 302 1941 lentiniani
330 1902 494 1942 minoris
525 1903 609 1942 scil.
642 1918 744 1942 anno
774 1918 875 1954 xm,
903 1904 1111 1957 imperium
1140 1904 1294 1943 sibimet
1327 1905 1555 1956 usurpavit}

100 1958 208 2010 quod
226 1958 278 1998 ad
300 1959 473 2012 ejusdem
494 1973 618 2012 usque
640 1974 700 2001 an.
726 1974 827 1998 xvn.
846 1961 993 2000 tenuit:
1027 1975 1106 2013 quo
1126 1968 1302 2013 tempore
1323 1975 1345 1998 a
1363 1960 1550 1999 Theodo-

99 2015 159 2054 sio
175 2016 275 2068 Imp.
295 2017 447 2065 victus,
479 2023 518 2055 et
541 2018 799 2068 interemptus
821 2023 897 2065 est3
926 2018 986 2056 uti
1010 2023 1179 2058 testatur
1197 2018 1370 2070 Prosper
1382 2018 1550 2072 Aquita-

99 2085 186 2111 nus.
243 2071 342 2111 Vide
364 2075 478 2111 etiam
500 2074 770 2112 Marcellinum
792 2074 995 2114 Comitem.

214 2131 308 2180 Pag.
338 2131 432 2172 342.
464 2132 528 2172 16.
561 2130 714 2171 ἔπαθεν
734 2128 815 2171 aad
836 2131 1057 2184 θεομηνίας
1078 2129 1270 2182 Νίκαια.]
1301 2129 1458 2168 Accidit
1474 2137 1553 2170 ter.

99 2192 297 2224 raemotus
313 2185 388 2225 iste
409 2187 649 2234 tremendus,
676 2187 799 2239 (quo,
828 2194 873 2226 ut
893 2188 1153 2240 Hieronymus
1170 2187 1236 2236 ait,
1266 2185 1430 2235 Nicaea,
1454 2202 1554 2240 quae

99 2255 212 2294 saepe
239 2253 453 2294 corruerat,
492 2253 617 2282 terrae
642 2253 750 2282 motu
776 2243 969 2298 funditus
1005 2242 1183 2296 eversa3)
1232 2242 1488 2282 Valentiniani
1515 2249 1554 2282 et

99 2296 274 2337 Valentis
305 2298 432 2352 Impp.
466 2314 567 2339 anno
595 2314 661 2349 Π,
691 2313 752 2339 an.
777 2300 922 2340 Christi
943 2301 1098 2352 vulgari
1121 2312 1333 2346 cccnxvm,
1364 2299 1554 2338 Indictio·

101 2366 150 2392 ne
170 2367 230 2405 xi,
259 2361 304 2394 ut
324 2356 468 2394 Noster
487 2363 616 2406 recte,
645 2357 920 2397 Valentiniano
940 2360 1037 2409 Aug.
1059 2372 1107 2408 11,
1140 2362 1176 2394 et
1200 2356 1361 2394 Valente
1380 2356 1482 2406 Aug.
1505 2369 1550 2396 Π.

102 2410 208 2450 coss.
264 2411 419 2451 Testem
449 2412 637 2452 habemus
667 2413 759 2454 Chr.
788 2414 1046 2454 Alexandrini
1073 2414 1304 2461 Auctorem,
1332 2414 1399 2463 qui
1421 2419 1550 2451 terrae

102 2472 250 2505 motum
274 2466 382 2507 hunc
408 2471 597 2510 accidisse
616 2471 776 2521 asserit,
805 2471 902 2525 μηνὶ
925 2469 1117 2525 Γορπιέῳ,
1145 2465 1224 2521 πρό
1250 2464 1277 2508 ε’
1300 2469 1399 2509 ἰδών
1422 2471 1550 2508 Οκτω-

102 2522 248 2576 βρίων,
285 2521 486 2579 (repono,
524 2528 827 2582 Σεπτεμβρίων)
865 2541 906 2569 v.
938 2527 1028 2566 idus
1058 2524 1330 2579 Septembres,
1366 2525 1448 2564 sive
1478 2527 1549 2564 Se-

100 2579 290 2632 ptembris
308 2581 371 2621 die
389 2596 447 2625 ιχ.

211 2638 313 2690 Peg.
344 2639 436 2682 343.
470 2643 510 2682 3.
541 2637 743 2681 Απελθῶν
769 2639 899 2681 κτίσαι
919 2639 1096 2692 φαβρίκα
1115 2637 1198 2679 ἐκεῖ
1211 2633 1361 2684 ninom]
1390 2636 1545 2688 Nugae!

101 2692 245 2732 Valens
266 2696 473 2737 commisso
504 2710 591 2735 cum
612 2696 750 2735 Gothis
775 2697 878 2736 bello
904 2697 972 2735 illo
997 2697 1038 2734 in
1059 2695 1244 2744 Thracia,
1275 2692 1381 2744 quod
1405 2694 1546 2732 Paulus

100 2750 319 2799 manemus,
348 2751 635 2805 Hieronymus,
665 2754 832 2805 aliique,
862 2750 1155 2802 Ζαοῆνγηταόἰῖε,
1196 2756 1444 2802 nuncupant,
1476 2764 1544 2802 pe-

102 2807 206 2846 nitus
225 2807 462 2858 debellatus,
492 2811 532 2848 in
555 2811 782 2849 vilissimam
803 2809 996 2862 quandam
1015 2809 1183 2852 casulam
1196 2838 1209 2859 ,
1239 2807 1403 2847 vulnere
1432 2819 1542 2845 acce-
