1838 3230
344 193 443 242 748
935 187 1205 233 BENTLEII

343 306 412 354 lit3
439 303 482 343 id
503 303 658 368 quidem
678 302 841 355 perinde
860 308 940 353 est,
969 309 1153 355 tanquam
1173 303 1209 342 si
1241 303 1262 345 ὃ
1283 301 1392 346 Koite
1408 302 1548 344 (licens
1565 310 1606 344 et
1623 301 1650 346 ὅ
1670 304 1788 346 Ktae-

345 377 414 412 ρο,
446 374 487 399 se
506 361 656 411 egregie
678 359 790 409 loqui
812 360 960 398 Graece
981 361 1213 410 contendat3
1243 362 1334 412 quia
1363 361 1472 414 apud
1491 352 1790 412 Aristophanem
1815 361 1820 366 ’

346 417 454 455 Caris
476 417 675 455 cantilena
705 421 783 466 est,
815 413 1052 470 Θρεττανελο
1078 431 1147 457 τον
1164 412 1391 458 Κύκλωπα·
1423 423 1470 458 et
1485 415 1655 470 Scythae
1673 416 1788 458 istius

345 473 479 512 Attica
500 471 709 522 elegantia.

228 526 258 561 V
280 523 327 563 44
565 530 629 575 Ως
646 525 808 597 ἐλαπρός
827 524 955 580 ω’σπερ
974 523 1105 578 ψύλλο
1123 543 1222 568 κατα
1239 543 1282 568 το
1307 523 1444 569 κώδια.

460 590 499 623 et
564 585 607 622 Ω
624 580 749 652 γρᾴδι’
770 599 833 652 cog,
840 580 1019 653 καρίεντό
1037 594 1099 624 σοι
1114 598 1157 624 το
1175 580 1378 654 τυγάτριο,

565 635 654 680 Κου
673 635 833 680 δύσκολ’
855 636 952 680 ἀλλὰ
971 642 1096 692 πρᾶο·
1125 642 1206 679 ποῦ
1223 655 1265 680 το
1284 636 1438 694 γρᾴδιο.

345 695 424 733 Sed
442 694 602 732 nimium
619 695 707 743 diu,
738 695 792 733 mi
808 695 929 745 Milli,
957 695 999 733 in
1027 695 1193 746 litigiosa
1217 694 1292 733 hac
1313 694 1576 747 disputatione
1593 700 1634 734 te
1656 694 1788 733 demo-

347 758 458 790 ratus
488 764 586 790 sum.
643 724 761 789 Dabis
789 758 918 790 autem
948 751 1100 790 veniam
1129 752 1374 799 necessitati3
1413 765 1502 790 nam
1528 757 1684 802 postea,
1711 753 1790 802 ‘per

349 821 411 846 me
434 807 546 855 licet,
574 807 638 845 alii
659 813 706 845 ut
731 807 867 846 volent
889 808 1121 871 loquentur,
1149 820 1227 845 non
1247 806 1426 871 equidem
1454 806 1634 858 invideo,
1660 819 1789 858 neque

348 862 562 902 intercedo.
620 863 702 900 lmo
727 865 926 901 enimvero
945 863 1201 901 invitissimus
1221 862 1318 901 haec
1335 863 1493 915 scripsi,

565 920 629 967 Ως
648 915 719 972 οὔχ
731 916 920 973 ’ὑπάρχων
929 948 942 969 ,
972 914 1071 959 eil-ko?
1085 916 1389 973 τιμωρούμενος.

695 1302 1454 1358 ΑΒΒΕΝΒΑ.“

351 1569 479 1640 Ecce
496 1601 638 1641 iterum
659 1602 874 1654 Crispinus.
933 1603 1030 1640 Cum
1050 1602 1150 1640 enim
1179 1600 1310 1639 adhuc
1339 1600 1508 1653 supersit
1539 1599 1692 1639 chartae
1721 1601 1793 1638 ali-

352 1659 609 1710 quantulum,
639 1665 685 1697 ut
714 1665 846 1697 narrat
872 1657 1183 1710 Typographus3
1213 1657 1395 1695 nimirum
1419 1657 1455 1694 ei
1473 1669 1631 1708 parcere
1659 1656 1792 1706 stulta,

352 1721 399 1751 ut
425 1714 479 1752 ait
503 1715 588 1763 ille,
619 1714 718 1754 soret
745 1715 960 1753 clementia.
1017 1715 1248 1752 percurram
1280 1714 1400 1763 igitur
1419 1713 1631 1764 Epistulam
1653 1717 1791 1760 totam,

307 1779 311 1785 “
352 1770 612 1808 adnotaturus
633 1771 866 1821 identidem,
896 1771 1007 1821 siqua
1026 1770 1090 1808 vel
1119 1769 1322 1807 retractari
1343 1768 1566 1819 diligentius
1588 1768 1652 1807 vel
1671 1767 1793 1834 corri-

353 1827 391 1876 gi
409 1826 587 1864 debeant.

465 1881 684 1932 Principio,
713 1882 812 1920 bene
828 1881 985 1933 quidem
1009 1881 1152 1919 factum
1184 1880 1289 1931 quod
1319 1880 1436 1932 (pag.
1455 1878 1494 1919 4.
1507 1879 1525 1929 )
1567 1878 1615 1917 de
1634 1839 1794 1930 Etymo-

352 1938 457 1987 logia
480 1940 554 1977 τοῦ
578 1939 823 1989 Ηρικεπαίου
854 1937 1054 1989 supersedi
1082 1936 1294 1988 inquii-eie.
1360 1934 1548 1982 Quamvis
1578 1934 1679 1972 enim
1713 1937 1794 1986 Ηρι

351 1992 395 2030 in
427 1993 662 2031 Graecorum
691 1994 902 2032 verborum
927 1994 1206 2063 compositione
1232 2006 1310 2029 non
1338 1992 1564 2042 infiequens
1591 1990 1661 2038 sit,
1690 1992 1792 2041 Ηρι-

353 2046 478 2098 πόλη,
508 2045 727 2101 ἠριγένεια,
756 2047 968 2102 ἠριγέρων,
997 2047 1202 2101 ήριθαλές·
1232 2047 1354 2085 nihilo
1379 2054 1508 2086 tamen
1532 2046 1658 2084 minus
1686 2057 1794 2096 pere-

359 2105 507 2154 grinam
528 2117 610 2142 esse
629 2117 764 2142 vocem
782 2105 876 2142 mihi
898 2105 1034 2143 videor
1055 2111 1164 2142 certo
1193 2103 1438 2155 comperisse.
1496 2101 1696 2152 Siquidem
1719 2115 1793 2140 κεπ

356 2160 528 2210 syllaba,
557 2159 696 2210 quod
683 2174 770 2211 Jure
791 2162 961 2209 mireris,
992 2162 1107 2212 plane
1129 2160 1252 2198 aliena
1276 2166 1334 2196 est
1355 2165 1468 2210 atque
1491 2158 1633 2195 absona
1653 2170 1675 2193 a
1700 2169 1792 2194 con-

356 2215 564 2253 suetudine
591 2229 680 2253 cum
712 2217 852 2254 Graeci
883 2224 967 2255 tum
1001 2216 1127 2254 Latini
1165 2214 1364 2253 sermonis.
1432 2217 1539 2253 Σκεπ
1567 2211 1723 2263 quidem
1751 2212 1792 2249 in

358 2271 511 2321 σκέπω,
542 2269 798 2323 περισκεπης,
831 2271 1076 2323 σκέπαρνον,
1105 2278 1176 2310 etc.
1205 2286 1279 2310 κεπ
1296 2276 1420 2308 autem
1441 2280 1629 2319 nusquam
1650 2279 1793 2306 occul-

357 2327 432 2376 rit,
470 2326 579 2378 quod
610 2326 751 2375 sciam,
788 2334 1057 2379 praeterquam
1084 2328 1124 2365 in
1158 2326 1332 2377 Κέπφος.
1398 2326 1489 2363 Eam
1532 2336 1602 2373 ego
1639 2335 1791 2371 vocem,

359 2395 448 2420 cum
469 2383 641 2420 solitaria
657 2383 706 2421 sit
724 2389 839 2434 atque
863 2384 1001 2432 unica,
1032 2385 1099 2421 vix
1120 2383 1278 2431 dubito,
1309 2380 1402 2432 quin
1433 2379 1525 2417 olim
1554 2380 1791 2429 pronuncia-

358 2438 490 2476 verint
514 2437 654 2492 Keffbs
677 2453 756 2477 non
785 2437 960 2493 Kepfos:
992 2446 1113 2491 prout
1144 2438 1262 2477 hodie
1289 2433 1445 2486 Σαπφώ
1475 2434 1589 2488 Sqffo
1613 2434 1791 2484 dicimus,

359 2507 437 2531 non
460 2493 601 2548 Sapfo.
660 2494 779 2546 Apud
803 2495 959 2532 Latinos
990 2501 1115 2532 autem
1142 2508 1217 2534 κεπ
1245 2492 1432 2543 syllabam
1457 2490 1617 2528 brevem
1646 2491 1792 2528 frustra

358 2550 605 2600 quaesiveris.
665 2548 888 2603 Οοηοεριίο,
915 2551 1104 2614 perceptio
1126 2556 1163 2587 et
1181 2531 1339 2596 similia,
1369 2562 1450 2598 κηπ
1475 2545 1620 2584 habent
1645 2545 1791 2597 produ-

357 2611 461 2642 ctam
492 2619 513 2641 τι
538 2605 723 2656 percepi,
767 2607 941 2658 concepi.
1007 2607 1182 2656 Anceps,
1225 2617 1385 2654 auceps,
1428 2602 1613 2654 princeps
1638 2610 1716 2650 κεψ
1749 2601 1791 2638 in

356 2661 550 2711 scriptura
568 2660 774 2711 exhibent,
803 2676 883 2700 non
903 2676 999 2702 xm:
1026 2674 1151 2712 neque
1166 2673 1259 2700 vero
1282 2659 1432 2697 casibus
1455 2658 1624 2710 obliquis
1642 2657 1792 2695 faciunt

356 2715 514 2768 aucepis
537 2722 603 2754 aut
619 2718 831 2769 princepis.

231 2786 263 2820 0
287 2788 330 2823 91
459 2772 535 2835 Ep.
566 2786 604 2823 p.
636 2775 700 2815 12.
757 2774 808 2811 Ut
839 2777 989 2823 egomet
1015 2771 1143 2811 vineta
1174 2783 1258 2808 mea
1295 2770 1473 2817 caedam,
1506 2769 1604 2808 salso
1642 2766 1791 2806 credidi

358 2833 395 2865 u
399 2840 437 2865 es
455 2827 549 2866 istas
564 2828 770 2879 Sophoclis
787 2829 937 2867 fabulas
963 2841 1012 2866 ex
1030 2840 1107 2865 una
1133 2827 1297 2865 tetraloo
1277 2827 1335 2878 gia
1357 2827 1499 2875 fuisse,
1530 2823 1790 2863 continuatio-
