1838 3230
328 185 426 234 526
813 182 1280 228 ANNOTATIONES

328 298 430 340 ἔνθα
449 293 647 339 ἆπόκειται
678 295 973 365 απαροῖληττον·
1014 297 1333 352 Ινηαὸνιιηοιιῖαηι,
1362 300 1441 339 ritu
1463 299 1637 354 Mystico
1651 312 1769 352 prae-

324 364 528 408 paratam,
558 357 599 393 in
622 353 840 394 Victoriam
863 353 1032 405 scilicet,
1063 365 1097 393 et
1121 366 1162 393 ut
1183 355 1332 404 urbem,
1361 356 1403 394 in
1430 370 1507 410 qua
1535 353 1769 404 servabatur,

328 409 666 463 ineoepugnabilem
690 421 922 463 praestaret:
951 410 1021 448 ubi
1041 409 1229 450 habemus
1262 417 1300 448 et
1318 385 1576 450 ''selesmatum
1597 420 1771 462 praepa·-

328 467 542 504 randorum
573 467 733 504 modum
761 480 975 518 eorumque
1005 480 1130 505 usum.
1202 468 1257 504 De
1288 466 1350 505 his
1371 480 1467 506 vero
1498 466 1678 505 consulat
1694 466 1772 508 Le-

329 529 419 561 0101
436 522 638 560 laudatum
660 523 932 570 Gall-arellam,
967 522 1071 560 libro
1101 536 1221 574 supra
1246 523 1375 563 citato.
1433 523 1550 562 Libro
1568 522 1682 560 etiam
1704 525 1772 565 16.

330 578 603 617 Alchemistam
640 578 833 630 quendam
868 579 1052 618 Joannem
1087 578 1299 616 Isthmeum
1334 579 1510 626 nomine,
1556 577 1774 617 introducit

332 632 451 682 ζώδια
468 632 628 687 ὅβρυζα,
658 635 925 685 Imugunculas
944 635 1108 685 obryzas
1123 635 1275 686 populo
1298 636 1577 675 venditantem.
1633 633 1775 672 Zodia-

330 691 366 727 ci
391 703 483 728 vero
516 691 623 741 signa
653 692 902 742 peculiariter
933 688 1069 732 Ζώδια
1102 691 1208 743 apud
1230 691 1496 742 Athenaeum,
1526 689 1774 730 Aristotelem

331 746 507 798 aliosque
531 754 737 787 vocantur.

444 806 536 855 Peg.
569 807 660 844 109.
691 807 729 844 3.
760 799 1006 854 φυλάττοντα
1021 800 1094 854 τήν
1112 799 1250 855 πόλιν]
1281 804 1361 843 Ser.
1385 799 1596 855 φυλάττον.

446 861 542 911 Pag.
573 861 665 900 109.
694 862 733 901 7.
762 858 1016 910 Επίτροπον]
1046 860 1282 912 Επίρῤοπον
1302 859 1422 898 habet
1440 859 1648 898 Cedrenus.
1697 858 1775 896 Or-

331 914 393 952 bis
415 928 510 952 vero
531 921 659 953 terrae
690 915 731 953 in
751 922 883 967 partes
904 915 1123 966 generales,
1153 915 1309 966 Asiam,
1337 916 1559 968 Europam,
1587 914 1774 963 Africam,

334 971 645 1009 distributionem
673 984 753 1009 non
782 985 863 1010 esse
898 972 992 1009 adeo
1021 970 1221 1022 antiquam
1250 977 1414 1023 apparet
1437 985 1487 1010 ex
1511 970 1708 1024 Stephano
1726 970 1777 1009 de

337 1027 429 1064 Urb.
460 1027 528 1078 qui
556 1027 685 1065 Asiam
706 1028 898 1075 Homero,
928 1028 1203 1079 Europamque
1221 1027 1436 1097 incog'nitas
1454 1027 1573 1066 fuisse
1588 1032 1774 1066 testatur:

337 1079 474 1136 οῗγνοεῖ
488 1080 561 1135 γὰρ
584 1086 740 1137 Ομηρος
757 1082 829 1135 τήν
849 1084 1000 1133 Ασίαν,
1032 1100 1086 1131 ως
1105 1082 1172 1123 καὶ
1186 1099 1262 1135 την
1279 1080 1497 1151 Εὐρώπην.

450 1142 542 1190 Pag
576 1142 666 1180 109
699 1143 762 1181 13.
792 1137 856 1180 ότε
874 1137 943 1187 τοὶς
962 1137 1098 1192 ἕορτας
1126 1142 1206 1179 τῶν
1230 1135 1516 1191 Αναθημάτων
1542 1135 1670 1190 εἶχον]
1703 1137 1776 1175 Ce-

336 1193 634 1243 drenushabet,
666 1195 708 1235 ἐν
736 1195 901 1249 ’ἡμέραις
921 1211 1000 1235 των
1025 1196 1169 1247 ἑορτῶν
1196 1195 1452 1233 solummodo.
1508 1195 1564 1232 De
1579 1193 1658 1232 hoc
1679 1194 1777 1231 festo

332 1266 412 1290 των
432 1247 717 1302 Αναθηματων
745 1252 851 1302 apud
882 1252 1049 1290 Antores
1078 1252 1200 1288 altum
1222 1252 1369 1302 ubique
1397 1250 1593 1289 silentium
1618 1265 1666 1289 τα
1683 1245 1779 1289 οἰνα-

333 1305 518 1358 θήματα,
557 1307 720 1344 donaria
750 1308 830 1345 Diis
859 1313 1023 1345 sacrata.
1058 1307 1159 1346 Poll.
1192 1308 1220 1345 l.
1249 1311 1287 1350 1.
1322 1323 1371 1347 τα
1399 1305 1441 1347 δὲ
1468 1301 1709 1358 ἀναθήματα
1726 1303 1779 1352 ὦς

333 1360 526 1412 ἐπιπολυ,
557 1362 766 1413 στέφανοι,
805 1360 967 1414 φιαλαι,
1008 1359 1239 1415 ἐκπώματα,
1276 1359 1547 1426 θυμιατήρια,
1588 1361 1779 1414 χρυσίδες,

336 1414 563 1471 οῗργυρίδες,
605 1415 801 1470 οἰνοχόαι,
852 1416 1104 1471 ἀμφορίσκοι.
1174 1419 1273 1457 Sunt
1300 1419 1414 1456 etiam
1448 1423 1671 1456 ornamenta
1704 1417 1780 1454 alia

338 1474 550 1525 quaelibet,
581 1481 647 1512 aut
669 1475 793 1524 urbis,
823 1482 868 1513 ut
884 1475 1042 1526 templa,
1072 1475 1248 1513 Porticus
1267 1474 1474 1523 Basilicae,
1504 1479 1603 1512 teste
1621 1472 1781 1510 Strabo-

333 1543 405 1578 ne,
436 1544 465 1568 1.
487 1530 526 1571 5.
556 1520 737 1569 Convivii'
761 1530 894 1582 etiam,
925 1545 989 1583 ap.
1018 1529 1188 1582 Hesych.
1217 1527 1491 1584 Αναθήματα,
1530 1525 1683 1577 δαιτός·
1713 1527 1781 1568 καὶ

335 1582 573 1637 κοσμήματα
588 1589 659 1638 τῆς
680 1583 859 1638 εὐωχίας.

449 1644 550 1695 Peg,
586 1646 680 1685 109
710 1645 774 1685 16
813 1644 849 1683 εἰ
874 1659 926 1696 μη
958 1639 1004 1683 vo*
1034 1638 1264 1683 Παλλαδιον
1289 1637 1533 1693 οἷφὲλεσθαι]
1572 1642 1655 1680 Scr.
1685 1634 1781 1690 οἷφέ-

337 1699 467 1737 λεσθε.

449 1755 552 1806 Pag·
585 1757 677 1795 109.
709 1757 773 1798 17
794 1753 902 1806 Εμοὶ
922 1749 1199 1807 ἕχρεώστηται]
1231 1754 1315 1793 Ser.
1346 1749 1634 1807 κεχρεωστηται.

450 1811 552 1861 Pag-
584 1813 675 1852 109-
707 1814 770 1853 19.
799 1809 992 1863 γεναμένη
1013 1809 1270 1875 παραίτησις]
1299 1810 1383 1851 Ser.
1413 1809 1616 1862 γενομένη.

451 1867 553 1917 Pag·
581 1868 674 1907 110.
704 1871 743 1908 2.
779 1869 853 1906 τοῦ
883 1867 1086 1919 Θρυμβίου
1118 1862 1375 1914 Λπόλλωνος]
1421 1867 1506 1903 Scr.
1540 1865 1677 1919 Θυμβρ
1680 1863 1782 1914 αίου,

342 1921 425 1958 sive
449 1922 676 1974 Θυμβρίου,
708 1936 729 1959 a
753 1922 974 1974 Thy‚mbra
1005 1921 1167 1960 'lroadis
1185 1921 1302 1968 urbe,
1333 1922 1384 1960 ad
1411 1880 1690 1972 Thymbriam,
1718 1920 1786 1957 vel

342 1975 572 2027 Thymbrim
604 1977 769 2017 fluvium
808 1980 901 2027 sita,
938 1977 994 2015 sic
1030 1977 1158 2015 dictus
1204 1951 1358 2028 Apollo.
1396 1976 1566 2028 Hesy.ch
1605 1973 1784 2044 &fillssss’ff’

342 2029 465 2078 τόπος
495 2035 565 2082 τῆς
601 2034 710 2073 Ιλίου
739 2034 829 2102 περὶ
858 2032 924 2073 τὸν
960 2029 1150 2085 Θύμβρον
1186 2030 1393 2085 λεγόμειον
1419 2029 1618 2083 ποταμόν,
1658 2028 1785 2079 ου’τως

343 2083 620 2139 ὀνομασθέντα
639 2093 709 2141 τῆς
730 2087 893 2143 ἀρχαίας
910 2086 1059 2136 πόλεως
1080 2086 1274 2140 οἷπεχοντα
1291 2089 1475 2135 σταδίους
1494 2087 1606 2136 δέκα,
1637 2101 1785 2138 οπουγε

341 2142 411 2182 καὶ
449 2141 573 2193 ἱερὸν,
613 2142 854 2193 Λπόλλωνος
891 2141 1156 2199 Θυμβρᾶκου,
1195 2144 1305 2194 (Ser.
1346 2141 1613 2215 Θυμβραῖον.)
1643 2143 1784 2182 Eusta-

343 2198 450 2236 thius
479 2199 642 2237 fluvium
673 2199 779 2239 hunc
813 2198 993 2254 Θύμβριν
1026 2207 1161 2249 vocat,
1201 2196 1275 2252 ἀφ’
1317 2216 1364 2241 ου
1397 2196 1635 2246 Λπόλλωνος
1674 2201 1785 2249 Θυμ-

345 2255 528 2307 βραίου
511 2270 638 2322 ιερον,
668 2252 763 2296 ἒν
730 2259 759 2312 ῷ
785 2255 976 2307 ἐτοξεύθη
995 2253 1196 2308 Αχιλλεύς.
1253 2252 1450 2307 Stephano
1476 2251 1676 2322 Θύμβριος
1691 2253 1785 2292 dici-

344 2317 425 2348 tur·-
494 2308 683 2365 Θύμβρα,
720 2298 829 2359 πόλις
859 2310 1074 2382 Τρωαδος,
1116 2308 1330 2377 Δαρδανου
1363 2312 1524 2380 κτίσμα,
1566 2325 1642 2350 ano
1675 2312 1786 2361 Θυμ-

346 2366 490 2418 βραίου
514 2368 634 2417 φίλου
651 2364 797 2409 αυτοῦ·
827 2383 874 2408 ου
907 2366 1081 2420 ποταμὸς
1110 2364 1328 2422 Θύμβριος,
1368 2362 1443 2418 αφ’
1472 2361 1520 2406 οὗ
1543 2361 1787 2413 Λπόλλωνος

349 2423 621 2474 Θυμβραίου
604 2420 722 2476 ιερόν.

458 2480 559 2530 Pag-
592 2483 683 2521 110-
713 2484 780 2523 20.
813 2481 979 2545 Θαρσεΐν
995 2476 1038 2518 δὲ
1061 2475 1279 2534 Φιλοκτήτῃ
1297 2474 1464 2532 κράξας]
1494 2476 1642 2515 locutio
1667 2472 1785 2516 ἆσύν-

347 2547 496 2580 τακτος.
529 2534 712 2586 mallem,
743 2536 840 2588 ἐμοῦ
856 2531 1080 2586 κραξαντος.

458 2591 562 2642 Pag.
595 2593 687 2633 111.
717 2596 757 2634 2.
807 2592 947 2643 φιβλοῖ
971 2589 1035 2630 ἐπὶ
1065 2605 1111 2628 τα
1129 2587 1285 2642 σφυρα]
1315 2590 1372 2627 Ita
1400 2589 1512 2626 etiam
1539 2587 1672 2638 Dictys
1696 2587 1786 2624 Cre-

347 2651 447 2683 teflS·
471 2645 501 2683 l
519 2649 557 2686 4.
589 2644 676 2682 Et
655 2662 740 2700 Jam
755 2647 971 2711 fugientem
1000 2646 1212 2691 insecutus,
1242 2647 1351 2683 tertio
1367 2643 1517 2682 vulnere
1545 2658 1613 2694 per
1631 2652 1787 2680 uirum-

352 2715 424 2752 que
453 2699 587 2751 pedem
618 2704 777 2769 trajicit.
846 2698 998 2754 φιβλόω
1028 2713 1143 2750 vero,
1180 2699 1343 2750 Fibulo,
1389 2706 1426 2738 et
1447 2699 1592 2752 φίβλα,
1629 2695 1785 2736 Fibula.

352 2755 522 2806 Hes-ymb
542 2756 686 2808 φίβλα,
716 2754 868 2811 πόρπη,
899 2757 1052 2823 φικίον,
1083 2753 1243 2827 περόνη.

464 2814 567 2864 Pag.
604 2817 697 2856 111.
728 2814 766 2856 5.
813 2830 882 2855 τον
915 2809 1136 2865 Βούνιμον,
1165 2811 1233 2854 καὶ
1266 2814 1522 2865 Κορυθαῖον,
1558 2808 1625 2850 καὶ
1652 2805 1785 2854 Ιδέον]
