1838 3230
682 164 979 211 EPISTOLA.
1464 170 1496 218 7
1500 171 1564 219 33

22 291 25 295 ’
99 282 212 342 atim
229 281 256 340 ᾇ
270 280 391 337 χορος.
406 279 598 338 ὀρχεῖται·
626 281 728 336 φησὶ
745 285 846 336 γοῦν
866 282 890 324 ὅ
908 283 1180 336 Βακχυλίδης·
1212 280 1292 335 Οὐχ
1315 282 1429 335 εδρας
1450 281 1565 336 ἔργον

100 327 197 383 οὐδ’
225 333 415 394 ἆμβολᾶς.
483 341 610 380 Locus
648 340 850 391 aliquanto
886 341 1078 392 integrior
1106 346 1165 379 est
1192 341 1298 393 apud
1329 340 1564 391 Dionjsium

13 423 29 447 <.
98 397 499 444 Haliounassensetn.
560 393 644 467 Οὐχ
673 396 829 449 ἔδρας’
815 395 952 449 ἔργον,
969 370 1091 438 t’012’6’
1120 393 1318 464 ἆμβολας,
1348 393 1446 436 αλλοῖ
1463 412 1565 463 χρυ-

99 455 277 507 σαίγιδος
327 452 501 501 Ιτωνίας
534 450 610 506 χρή
627 450 727 506 παρ’
758 449 996 494 εὐδαίδαλον
1024 451 1122 494 ναὸν
1150 450 1343 519 ἐλθόντας
1374 449 1500 505 ἁβρόν
1525 467 1564 492 τι

3 515 17 522 ”
39 523 42 528 ’
98 511 239 560 δεῖξαι.
298 509 445 549 Omnes
468 510 612 548 Cretici
639 516 801 562 praeter
831 523 952 548 unum
972 510 1114 562 pedem
1140 510 1207 562 qui
1227 510 1270 548 in
1288 511 1475 548 Paeonem
1495 523 1563 547 so-

0 575 7 588 ⁵
40 562 43 564 μ
99 565 208 606 lutus
237 572 318 615 est;
347 566 446 606 adeo
475 572 542 617 ut,
572 580 662 605 cum
691 565 797 604 hunc
822 566 957 604 locum
982 568 1093 618 lego,
1125 581 1255 605 coram
1278 566 1404 605 oculis
1423 565 1561 604 videle

6 616 20 627 ''
97 624 236 663 ridear
255 621 588 676 ’ὖπορχουμένους
616 630 655 661 et
686 623 965 661 subsultantes.
1032 625 1112 662 Nec
1148 629 1274 662 tamen
1310 623 1494 675 princeps
1522 628 1562 661 et

96 680 283 719 inventor
291 677 658 732 .hyporchematum
683 679 964 731 Bacchyli‹les;
997 680 1086 730 sed,
1116 686 1162 718 ut
1192 680 1424 731 quibusdam
1445 678 1563 717 vide-

97 743 188 786 tur,
224 736 442 783 Pindarum
481 743 527 774 ut
555 735 622 774 alii
652 737 812 785 volunt,
854 736 1123 778 Xenodamus.
1183 736 1281 776 Vide
1311 737 1561 783 Clementem,

97 792 365 843 Athenaeum,
399 798 438 831 et
455 791 712 831 Plutarchum
732 792 822 846 περὶ
841 796 1069 862 Μουσικῆς.

170 849 301 901 ’.Ρος
331 852 425 892 133.
483 852 683 898 Γλαῦκος,
715 846 893 902 ἶσχυρος,
932 847 1146 902 φρόνιμος,
1188 845 1369 902 εὐσεβής.
1426 847 1561 899 Atqui,

98 906 133 945 Ο
151 905 314 956 Malela,
343 911 496 944 tantum
529 906 663 954 abest,
693 912 740 944 ut
767 907 918 957 sapiens
943 906 1064 945 suerit
1087 907 1159 944 iste
1182 907 1379 953 Glaucus,
1407 912 1453 944 ut
1475 906 1559 958 ejus

95 977 240 1002 nomen
263 963 305 1001 in
325 962 530 1028 proverbii
551 962 869 1000 consuetudinem
892 965 1067 1011 venerit,
1103 963 1150 1001 de
1181 961 1340 1002 homine
1367 962 1494 1015 qualis
1513 969 1560 1001 tu

96 1033 162 1071 es,
193 1019 263 1072 qui
280 1019 406 1058 nescit
423 1018 522 1070 quid.
543 1019 594 1057 sit
610 1019 652 1056 in
671 1033 754 1057 rem
776 1032 904 1067 suam3
937 1020 1006 1071 qui
1028 1025 1228 1071 permutat

314 1071 479 1129 Χρύσεα
496 1076 709 1128 χαλκείων,
742 1073 965 1127 ἑκατόμβοι’
985 1076 1239 1141 ἐννεαβοίων.

94 1130 174 1170 Sed
193 1137 253 1171 est
274 1132 406 1184 potius
437 1138 483 1170 ut
508 1132 662 1171 librarii
683 1131 761 1170 hoc
791 1145 875 1171 esse
897 1132 1051 1171 facinus
1074 1133 1311 1182 existimem,
1347 1131 1550 1184 (praesen
1580 1135 1613 1169 0
1636 1136 1680 1172 71

94 1190 167 1227 tim
191 1189 223 1227 si
242 1201 323 1226 non
338 1189 444 1227 idem
468 1188 578 1227 istud
610 1187 765 1240 ἰσχυρὸς
793 1188 1006 1239 iterasses)
1038 1196 1076 1228 et
1098 1190 1316 1228 orationem
1346 1203 1430 1228 esse
1461 1203 1560 1227 con-

94 1244 325 1284 tinuandam
355 1244 504 1284 adhoc
530 1246 777 1297 exemplum·
806 1245 972 1293 Αἰνείας
999 1241 1216 1299 εὕπωγων,
1245 1243 1417 1299 γλαυκός
1445 1244 1558 1298 (cae-
1582 1250 1615 1285 V
1638 1251 1686 1287 36

94 1299 200 1351 sius)
231 1297 450 1354 φρόνιμος,
479 1297 658 1353 εὐσεβής.
725 1302 906 1353 Agnosco
930 1303 1041 1356 pium
1071 1305 1262 1351 Aeneam3
1300 1309 1339 1341 et
1353 1303 1416 1341 ita
1441 1303 1559 1354 plane

93 1357 264 1397 Isaacius
283 1357 662 1410 porphyrogenitus.

205 1408 313 1453 Illud
333 1428 371 1466 p.
401 1417 498 1458 329.
537 1413 619 1454 Καὶ
646 1409 872 1467 κατηνέχθη
904 1413 929 1456 ὁ“
945 1415 1085 1464 Σίμων
1105 1414 1171 1456 ἐπὶ
1188 1431 1263 1468 την
1282 1414 1471 1455 πλατείαν
1487 1414 1557 1455 καὶ.

93 1466 303 1524 ἐψόφησε,
333 1471 426 1509 satis
449 1471 610 1523 quidem
631 1478 898 1522 congruenter
923 1472 974 1510 ad
1001 1471 1279 1510 hellenismum
1300 1472 1420 1510 vertit
1434 1471 1558 1509 inter-

76 1523 206 1595 'ptes',
236 1527 306 1566 sed
323 1541 404 1566 non
420 1530 602 1580 apposite
621 1527 671 1565 ad
691 1529 933 1569 sententiam.
995 1528 1101 1575 Quid
1129 1529 1159 1567 si
1184 1528 1490 1579 interpretemm
1510 1526 1556 1569 τὸ

92 1579 300 1636 ἐψόφησε,
329 1590 398 1634 ut,
428 1584 573 1635 quod
561 1598 602 1621 m
621 1584 666 1623 Ν.
691 1584 733 1620 Τ.
769 1584 817 1622 de
845 1584 946 1622 Juda
972 1584 1161 1623 Iscariota
1192 1585 1341 1623 dictum
1364 1590 1440 1632 est,
1470 1582 1556 1625 ἐλα-

91 1652 190 1693 κησε
214 1638 353 1692 μέσος,
383 1641 529 1693 crepuit
561 1638 743 1679 medius?
770 1640 1014 1692 Hesychius:
1043 1644 1224 1688 Ελακεν,
1255 1638 1487 1693 ἐψόφησεν·
1517 1648 1556 1680 et

92 1700 267 1746 Λακεῒν,
295 1699 505 1748 ψοφῆσαι·
544 1696 688 1745 Pagina
714 1703 839 1735 autem
871 1700 935 1739 16.
968 1710 1060 1735 sane
1086 1697 1317 1736 dormitavit
1341 1697 1552 1750 interpres,

91 1753 192 1803 utin
216 1766 335 1805 opere
351 1753 470 1804 longo
489 1759 528 1791 et
547 1753 702 1803 ingrato
723 1753 838 1791 facile
857 1759 975 1804 queat
993 1768 1152 1792 somnus
1175 1753 1378 1806 obrepere.
1406 1756 1560 1806 Affli‘oc,

93 1800 280 1862 Πεληνὴ,
310 1825 337 1861 η
362 1808 584 1861 καλουμένη
590 1782 936 1862 ὕΠελοπόννησος·
964 1809 1153 1859 Achaea,
1190 1809 1359 1858 Palma,
1388 1826 1486 1864 quae
1513 1821 1550 1850 et

90 1865 378 1919 Peloponnesus
395 1864 502 1905 dicta
530 1875 598 1905 esi.
659 1865 855 1915 Obsecro,
886 1867 975 1918 quis
1002 1867 1112 1906 istud
1141 1867 1202 1906 vel
1224 1868 1342 1905 fando
1366 1867 1548 1907 audivit?

91 1922 227 1961 Scribe
248 1923 403 1975 Αχαΐα,
433 1918 631 1975 Πελλήνη.
669 1928 705 1960 et
733 1928 844 1961 verte
865 1922 1053 1973 Achaea,
1081 1922 1256 1974 Pellene,
1286 1934 1322 1962 et
1353 1939 1452 1977 quae
1467 1926 1548 1963 Pe-

91 1977 158 2032 kp
161 1988 322 2018 onnesus
345 1988 520 2018 vocatur.
579 1974 764 2033 Πελλήνη
791 1986 850 2019 est
881 1978 1056 2020 Achaeae
1083 1980 1190 2020 urbs.
1249 1980 1347 2021 Vide
1369 1981 1547 2033 Geogra-

90 2034 207 2089 phos.
263 2035 497 2088 Apollonius
515 2034 659 2087 Argon.
682 2049 711 2075 1.

306 2113 498 2168 Αστέριος
517 2111 560 2155 δὲ
577 2112 645 2154 καὶ
665 2114 840 2167 Αμφίων
864 2115 1087 2169 Τπερασίου
1109 2112 1218 2168 υἷες,

307 2171 515 2225 Πελλήνης
535 2166 735 2223 ἀφίκανον
752 2172 956 2225 Λχαιίδος.

90 2249 239 2290 Vereor
262 2263 314 2289 ne
338 2250 524 2303 putidum
554 2250 604 2289 sit
633 2250 843 2300 adnotare,
874 2245 1085 2301 Βούττιος,
1113 2247 1276 2300 Βόττιος
1308 2259 1345 2292 et
1375 2247 1547 2302 Βῶττιος

89 2306 231 2346 vitiose
251 2307 333 2346 dici
349 2307 456 2359 apud
476 2307 655 2346 Malelam
676 2321 751 2359 pro
769 2304 982 2359 Βρούττιος
999 2309 1082 2348 sive
1099 2308 1292 2360 Βρέττιος.
1350 2308 1436 2347 Hoc
1457 2311 1546 2360 qui-

91 2363 180 2401 dem
203 2363 447 2415 exploratum
477 2370 554 2414 est,
586 2377 676 2401 cum
701 2364 863 2403 eandem
895 2364 1010 2416 plane
1039 2365 1301 2404 narrationem
1332 2379 1380 2403 ex
1406 2367 1543 2404 B1utio

91 2418 254 2458 efferant
281 2420 474 2472 Georgius
496 2427 536 2459 et
552 2420 827 2472 Hieronymus.
877 2420 934 2459 Ita
951 2435 991 2474 p.
1010 2425 1103 2463 200.
1137 2419 1270 2473 Θάλης
1287 2421 1354 2462 καὶ
1373 2419 1542 2476 Κάστωρ

88 2474 158 2516 καὶ
185 2473 387 2529 Πολύβιος
409 2477 621 2529 depravate
653 2491 726 2529 pro
759 2474 920 2526 Θάλλος.
985 2478 1171 2516 Similiter
1198 2480 1299 2516 enim
1329 2479 1540 2527 Casrmem,

23 2568 25 2570 ,
89 2530 275 2570 Thallum
304 2539 342 2571 et
368 2534 576 2585 Polybium
607 2534 656 2572 de
687 2533 806 2573 rebus
842 2534 1059 2586 Assyriacis
1089 2548 1166 2572 una
1195 2534 1292 2573 citat
1317 2535 1537 2586 Syncellus,

88 2587 139 2627 Et
158 2586 287 2627 adhuc
312 2602 350 2641 p.
369 2593 459 2632 121.
492 2589 753 2629 Callimachus
781 2590 824 2632 ἐν
847 2591 1055 2642 Ετησίοις,
1086 2604 1161 2642 pro
1183 2591 1348 2638 Αἰτίοις.
1404 2592 1540 2642 Neque

90 2643 193 2682 enim
219 2644 355 2686 Αἰτίαι
379 2646 673 2697 inscribuntur,
712 2647 849 2699 nequis
883 2652 1009 2697 erret,
1051 2646 1119 2686 sed
1159 2647 1279 2689 Αἴτια
1307 2653 1353 2686 ut
1379 2647 1421 2686 in
1448 2648 1539 2700 Epi-

91 2707 301 2752 grammate
319 2701 389 2742 lib.
411 2716 439 2744 1.
472 2703 631 2744 Anthol.
649 2717 733 2756 cap.
754 2717 882 2743 van.

307 2769 555 2823 Καλλίμαχος
573 2769 617 2812 τό
621 2767 848 2838 κάθαρμα,
875 2787 918 2813 το
910 2769 1141 2839 “παίγνιον,
1169 2770 1194 2813 o‘
1223 2769 1380 2822 ξύλινος
1397 2774 1506 2824 νοῦς,

358 2826 495 2883 Αἴτιος
514 2827 538 2869 o‘
556 2824 715 2882 γράψας
732 2829 851 2869 Αἴτια
873 2823 1138 2881 Καλλιμαχου
1354 2853 1364 2864 κ
