1838 3230
390 153 1021 201 CHRONOGRAPHIA.
1079 153 1127 196 L.
1158 152 1314 198 XVIII.
1480 159 1578 206 431

112 277 188 334 τὴν
218 273 408 332 χιλιάδας
446 272 616 319 ἑκατόν·
664 272 753 329 ἥτις
787 271 1054 318 ἐδυνάστευσε
1087 277 1170 318 τῶν
1205 271 1413 317 Οὖννικῶν
1442 278 1579 330 μερῶν

109 345 216 400 μετὰ
237 345 315 402 τὴν
335 350 408 388 τοῦ
429 346 535 388 ἰδίου
568 343 720 400 ἀνδρὸς
740 344 860 398 Βλὰχ
886 343 1125 398 ἀποβίωσιν.
1196 345 1262 386 καὶ
1294 350 1578 399 προτραπεΐσα

109 412 192 459 ὑπὸ
211 418 288 458 τοῦ
310 413 512 468 βασιλέως
535 413 819 456 Ἰουστινιανοῦ
851 414 992 463 ξενίοις
1022 417 1189 462 πολλοῖς
1214 417 1429 467 βασιλικῆς
1452 429 1578 469 φορε-

110 484 206 534 alac
249 484 318 526 καὶ
338 486 493 526 σκευῶν
517 479 727 539 διαφόρων
765 482 807 524 ἓν
838 479 1004 539 ἀργύρῳ
1045 483 1112 524 καὶ
1138 480 1363 538 χρημάτων
1392 481 1466 524 οὔκ
1491 481 1577 524 ὀλί-

78 561 218 608 5γων,
254 549 498 606 συνελείβετο
522 548 814 608 δορυαλώτους
835 552 902 593 καὶ
925 550 1075 600 ἄλλους
1106 551 1232 608 ῥῆγας
1263 549 1337 593 δύο
1376 549 1571 603 Οῧννους,

107 619 302 671 οὕστινας
326 615 379 676 ἦν
406 617 745 677 προτρεψάμενος
785 618 968 675 Κωάδης
1011 617 1032 662 ὅ
1068 623 1150 662 τῶν
1178 623 1357 676 Περσῶν
1382 619 1575 672 βασιλεὺς
1600 635 1632 671 E

104 691 165 740 εἷς
194 689 242 734 τὸ
276 693 543 744 συμμαχῆσαι
574 688 688 746 αὐτῷ
725 688 831 731 κατὰ
863 686 1087 742 Ῥωμαίων.
1168 690 1234 730 καὶ
1270 693 1574 745 παραλαβοῦσα

104 757 257 808 αὕτοῦς
281 755 310 813 ἦ
339 757 442 813 αὐτὴ
474 755 578 800 Boia
611 755 784 814 ῥήγισσα
818 755 1044 815 παριόντας
1076 758 1138 800 ἐπὶ
1167 757 1221 800 τὰ
1251 757 1439 814 Περσικὰ
1469 758 1573 814 πρὸς

102 824 310 881 Κωάδην,
345 826 518 881 βασιλέα
543 830 748 882 Περσῶν,
777 826 883 881 μετὰ
914 824 1105 882 πλήθους
1135 828 1338 882 βοηθείας
1373 825 1572 881 χιλιάδων

48 904 94 939 10
105 893 156 940 κ’.
201 889 378 940 ὧντινων
398 895 452 939 τὰ
471 893 615 951 πλήθη
639 893 875 953 κατεσφάγη
899 896 940 938 ἓν
962 900 1013 953 τῇ
1037 899 1251 952 συμβολῇ·
1316 896 1388 939 τὸν
1425 897 1470 938 δὲ
1501 896 1571 938 ἵνα

101 964 209 1023 ῥῆγα
241 963 379 1007 αὐτῶν
422 962 592 1019 ὀνόματι
641 962 807 1020 Τύραγξ
857 965 1144 1020 συλλαβομένη
1175 964 1340 1019 δέσμιον
1391 963 1572 1019 ἔπεμψεν

101 1033 144 1076 ἐν
173 1032 610 1076 Κωνσταντινουπόλει
638 1037 696 1091 τῷ
726 1037 892 1085 βασιλεῖ’
910 1033 1198 1091 Ἰουστινιανῷ,
1237 1035 1304 1076 καὶ
1333 1032 1570 1090 ἒφούλκισεν
1594 1050 1628 1085 0
1654 1053 1721 1088 150

100 1101 228 1160 αῇτόν
248 1101 375 1158 πέραν
406 1103 448 1144 ἐν
474 1106 534 1161 τῷ
554 1099 652 1160 ἁγίῳ
686 1099 863 1146 Κόνωνι.
951 1100 972 1145 ὁ
1005 1102 1084 1159 γὰρ
1117 1101 1246 1156 Γλώμ
1291 1100 1312 1145 ὅ
1345 1101 1470 1152 ἄλλος
1490 1103 1567 1160 ῥὴξ
1597 1119 1629 1153 v
1653 1121 1698 1156 55

99 1174 183 1214 τῶν
218 1170 354 1214 αὐτῶν
390 1169 557 1216 Οῧννων
590 1168 749 1228 ἐσφάγη
782 1172 825 1214 ἐν
852 1175 904 1229 τῇ
932 1175 1124 1229 συμβολῇ
1150 1169 1230 1214 ὑπὸ
1258 1175 1341 1215 τῶν
1367 1174 1570 1227 πολεμίων

44 1246 88 1282 15
101 1243 175 1295 τῆς
195 1239 404 1296 ῥηγίσσης.

197 1307 265 1352 Ἐν
292 1307 405 1367 αὐτῷ
437 1308 483 1351 δὲ
514 1311 574 1366 τῷ
599 1304 738 1367 χρόνῳ
768 1309 836 1350 καὶ
873 1305 895 1350 ὃ
923 1308 1097 1362 πλησιόν
1124 1306 1346 1366 Βοσπόρου
1379 1308 1455 1366 ῥὴξ
1484 1315 1568 1353 τῶν

103 1374 272 1421 Οῧννων
315 1375 485 1432 ὀνόματι
521 1379 564 1420 Γ
561 1377 647 1433 ριὺδ
690 1374 923 1434 προσερῥύη
952 1381 1011 1435 τῷ
1043 1377 1154 1436 αὐτῷ
1183 1382 1368 1432 βασιλεῖ·
1405 1381 1472 1421 καὶ
1491 1374 1566 1435 ἦλ-

96 1449 175 1489 θεν
195 1446 239 1490 ἓν
268 1443 699 1490 Κωνσταντινουπόλει
745 1448 812 1488 καὶ
847 1447 1063 1503 ἐφωτίσθη
1079 1461 1088 1470 ·
1126 1446 1265 1490 ὅντινα
1293 1445 1315 1490 ὅ
1339 1447 1464 1498 αὐτὸς
1482 1453 1565 1501 βα-

95 1514 231 1565 σιλεῦς
249 1515 414 1566 ἐδέξατο
439 1517 495 1565 εἰς
508 1512 719 1572 φώτισμα,
756 1516 823 1557 καὶ
846 1515 980 1558 πολλὰ
994 1514 1273 1572 χαρισάμενος
1307 1516 1422 1575 αὐτῷ
1465 1517 1566 1560 ἀπέ-

39 1587 216 1628 Ξολυσεν
233 1583 360 1627 αὐτὸν
379 1586 434 1634 εἷς
451 1583 527 1639 τὴν
546 1585 654 1626 ἲδιάν
682 1580 824 1641 χώραν
869 1585 925 1633 εἷς
944 1584 992 1626 τὸ
1017 1583 1237 1641 φυλάττειν
1270 1586 1322 1628 τὰ
1360 1584 1567 1640 Ῥωμαϊκὰ

93 1654 163 1695 καὶ
197 1652 273 1708 τὴν
310 1650 557 1707 Βόσπορον,
607 1650 750 1707 ἥντινα
780 1650 897 1694 πόλιν
930 1650 1139 1710 Ἡρακλῆς
1178 1653 1199 1697 ὅ
1240 1653 1321 1697 ἀπὸ
1350 1652 1565 1699 Ἶσπανιῶν

94 1719 223 1764 ἔκτισε
269 1722 337 1764 καὶ
385 1722 546 1776 ἐποίησε
577 1724 778 1764 συντελεῖν
809 1719 1024 1775 Ῥωμαίοις
1067 1723 1157 1765 ἀντὶ
1186 1721 1413 1780 χρημάτων
1457 1722 1564 1778 βόας
1585 1739 1619 1775 0
1644 1741 1708 1777 161

95 1789 182 1833 κατ’
207 1789 312 1843 ἕτος,
334 1790 520 1840 δεδωκώς
537 1783 642 1848 αὐτῇ
662 1793 714 1847 τῇ
739 1787 854 1833 πόλει
876 1788 1008 1845 ὄνομα
1042 1794 1165 1835 Βοῶν
1194 1790 1337 1850 φόρος,
1367 1791 1466 1851 ὅπερ
1498 1796 1566 1836 καὶ

186 1889 217 1923 1.
241 1884 409 1933 χιλιάδας
432 1887 510 1932 ch„
535 1885 694 1932 χιλιάδες
708 1887 777 1924 Ox,
867 1888 924 1923 21.
948 1886 1018 1934 τήν
1042 1887 1120 1934 ch„
1143 1887 1211 1926 τὸν
1233 1889 1302 1924 Ox.
1327 1890 1371 1924 V.
1396 1902 1431 1937 p.
1447 1891 1505 1928 56.
1519 1891 1562 1926 D.

182 1935 239 1971 23.
263 1931 375 1980 ὅπερ]
401 1933 519 1970 Malim
541 1933 665 1980 ὅνπερ.

91 2014 174 2049 lens.
229 2013 346 2050 Mater
374 2017 452 2050 erat
484 2014 572 2049 haec
602 2014 751 2050 filiorum
782 2014 926 2051 duorum
960 2015 1200 2062 parvulorum3
1246 2027 1338 2063 quae
1368 2017 1561 2053 exercitum

92 2070 238 2095 coctano
260 2060 403 2096 militum
426 2060 488 2095 sub
511 2072 548 2095 se
570 2061 717 2103 habens,
741 2062 937 2107 regionibus
959 2062 1142 2105 Hunnicis,
1177 2066 1256 2108 post
1277 2063 1384 2098 Blach
1407 2063 1561 2109 conjugis

89 2106 143 2142 sui
165 2106 295 2142 obitum
318 2107 519 2153 imperabat.
567 2107 676 2148 Haec,
702 2119 801 2153 quam
824 2108 1033 2143 Justinianus
1049 2109 1240 2154 Imperator
1263 2109 1470 2156 amplissimis
1489 2111 1560 2144 Or-

90 2156 189 2188 natus
210 2153 314 2199 Regii
337 2153 547 2194 muneribus,
571 2153 726 2199 vasisque
750 2166 792 2189 ex
814 2160 958 2200 argento
981 2155 1141 2197 diversis,
1165 2167 1228 2190 nec
1251 2168 1318 2190 non
1339 2156 1556 2201 pecuniarum

89 2199 125 2234 vi
146 2199 302 2242 maxima,
325 2199 390 2234 sibi
413 2199 669 2241 conciliaverat,
694 2200 777 2234 alios
800 2200 882 2235 duos
905 2202 1102 2237 Hunnorum
1125 2202 1251 2246 Reges,
1275 2214 1357 2248 quos
1376 2203 1556 2237 Persarum

89 2244 166 2281 Rex
189 2245 324 2281 condes
348 2245 386 2280 in
407 2245 490 2280 belli
511 2246 709 2281 societatem
733 2246 894 2282 adversus
917 2249 1083 2284 Romanos
1107 2248 1287 2290 asciverat,
1312 2248 1468 2294 captivos
1492 2249 1556 2283 ha—

87 2290 184 2334 buit,
207 2303 327 2338 nempe
351 2303 408 2327 eos
429 2291 466 2326 in
489 2292 664 2327 Persidem
688 2292 960 2338 proficiscentes,
983 2294 1027 2330 ad
1051 2293 1201 2328 eoadem
1224 2295 1403 2328 Persarum
1426 2305 1556 2340 regem,

89 2347 164 2372 eum
182 2348 241 2372 xit.
264 2342 468 2373 armatorum
492 2338 653 2380 Millibus,
674 2338 748 2385 ipsa
772 2339 895 2374 adorta
912 2344 982 2382 est3
1007 2340 1207 2394 praelioque
1231 2341 1412 2382 commisso,
1437 2340 1556 2386 copias

89 2393 205 2418 eornm
225 2387 318 2419 totas
342 2383 496 2426 delevit3
531 2396 700 2430 unumque
723 2385 825 2420 etiam
849 2397 891 2420 ex
915 2386 1082 2431 Regibus,
1106 2398 1161 2420 cui
1184 2387 1328 2431 Tyranx
1352 2397 1492 2429 nomen,
1517 2386 1554 2421 in

89 2427 224 2464 vincula
243 2430 443 2475 conjectum,
467 2430 795 2477 Constantinopolim
817 2432 1008 2468 Justiniano
1031 2432 1236 2479 Imperatori
1257 2432 1457 2467 transmisit:
1495 2431 1554 2478 qui

89 2473 191 2509 ctiam
214 2486 307 2518 enm,
341 2477 377 2511 in
399 2477 478 2522 ripa
500 2478 684 2518 ulteriore,
722 2479 819 2522 juxta
841 2479 878 2513 S.
904 2478 1088 2521 Cononem,
1110 2478 1147 2512 in
1172 2479 1301 2512 furcam
1326 2477 1410 2522 egit.
1455 2479 1554 2513 Alter

88 2519 402 2600 enimessumwm
424 2534 508 2568 rex,
541 2523 675 2558 nomine
699 2524 820 2568 Glom,
858 2524 895 2559 in
917 2525 1047 2571 praelio
1083 2525 1127 2559 ab
1150 2524 1305 2570 Reginae
1329 2524 1435 2570 copiis
1458 2524 1555 2560 occi-

87 2578 142 2602 sus

179 2611 309 2648 Eodem
330 2616 484 2661 tempore
513 2615 710 2651 societatem
733 2615 836 2652 etiam
860 2627 936 2652 cum
966 2615 1124 2652 Romanis
1147 2614 1226 2650 iniit
1253 2614 1454 2650 Hunnorum
1477 2615 1554 2652 Rex

89 2656 245 2704 quidam,
270 2659 329 2714 qui
350 2671 459 2706 prope
482 2662 671 2707 Bosporum
692 2662 873 2708 regnavit,
904 2662 1038 2698 nomine
1062 2663 1174 2696 Grod.
1220 2661 1287 2695 Hic
1310 2662 1552 2698 Constantino-

86 2704 190 2750 polim
213 2715 349 2740 vemens
370 2706 574 2742 illuminatus
597 2712 649 2743 est
668 2709 878 2754 Imperatore
900 2709 974 2755 ipso
999 2720 1072 2743 eum
1095 2706 1318 2752 suscipiente:
1343 2719 1365 2742 a
1387 2719 1454 2754 quo
1476 2720 1551 2743 mu-

86 2749 222 2784 neribus
244 2749 346 2785 etiam
368 2752 500 2787 abunde
523 2753 686 2797 donatus,
716 2755 751 2790 in
775 2756 922 2801 patriam
946 2765 1038 2789 suam
1060 2754 1216 2788 remissus
1240 2757 1312 2795 est3
1346 2757 1386 2788 ut
1408 2754 1477 2789 Res
1500 2755 1549 2789 ibi

86 2795 254 2830 Romanas
288 2797 541 2844 Bosporumque
571 2801 773 2836 custodiret.
831 2801 961 2835 Urbem
993 2801 1080 2833 hanc
1104 2799 1268 2837 Hercules
1299 2799 1356 2836 ille
1378 2800 1550 2847 Hispanus

85 2841 165 2878 olim
188 2841 360 2888 condidit3
394 2842 549 2890 imposito
573 2846 627 2889 ei,
652 2847 815 2894 pecuniae
837 2847 932 2890 1000,
957 2846 1064 2882 Boum
1087 2845 1241 2889 tributo,
1265 2845 1422 2883 Romanis
1445 2851 1547 2893 quot-
