1838 3230
453 150 1070 197 CHRONOGRAPHIA.
1126 150 1175 194 L.
1205 150 1259 195 X.
1492 153 1595 203 255

118 273 382 331 ἐλεγχθέντος
417 271 498 317 {mo
537 277 612 316 τοῦ
641 269 830 316 Πιλάτου
869 274 937 316 καὶ
969 271 1252 331 ἀρνησαμένου
1290 271 1364 316 τὸν
1389 269 1592 331 Χριστόν,

119 344 320 396 ἐκέλευσε,
353 344 422 386 καὶ
442 340 726 398 ἐξεβλήθησαν
749 340 974 399 ἀμφότεροι
995 344 1037 385 ἐκ
1058 346 1133 385 τοῦ
1154 344 1369 386 παλατίου.

222 414 308 456 Καὶ
340 414 477 469 διῆγον
509 412 551 454 ἓν
574 415 626 469 τῇ
651 408 786 469 Ῥώμῃ
806 416 1016 462 ποιοῦντες
1034 409 1237 466 θαύματα
1255 411 1446 454 ἀπέναντι
1467 407 1594 466 ἇλλή-
1619 419 1651 453 Ο
1675 421 1743 457 329

118 486 226 525 λων·
262 482 330 525 καὶ
359 479 380 524 ὃ
414 481 490 535 μὲν
517 481 657 535 Σίμων
685 477 707 524 ὅ
735 479 867 537 μάγος
895 480 1097 536 ἀχθέντος
1114 478 1268 536 ταύρου
1285 478 1465 536 μεγάλου
1485 477 1593 523 εἶπεν

85 553 176 601 δεῖς
205 550 253 594 τὸ
285 549 406 614 ὠτίον
437 549 564 592 αὐτοῦ
593 547 739 606 λόγον,
792 552 858 592 καὶ
885 550 1037 599 εὐθέως
1071 548 1092 592 ὃ
1125 554 1278 603 ταῦρος
1308 550 1491 593 ἀπέθανε
1521 551 1589 592 καὶ
1611 558 1642 593 Β

117 617 374 674 ἐθαυμάζετο
405 616 426 661 ὃ
451 619 605 673 Σίμων.
677 616 698 662 ὅ
725 619 770 661 δὲ
790 619 954 676 Πέτρος
984 619 1139 669 εὐθέως
1167 617 1383 674 εὐξάμενος
1404 619 1467 661 ἐπὶ
1486 615 1592 661 πάν-

117 706 200 732 των
217 689 403 743 ἐποίησεν
422 687 622 743 ἀναζῆσαι
643 687 717 731 τὸν
738 693 891 744 ταῦρον
905 702 915 711 ·
952 690 1018 731 καὶ
1039 686 1229 743 ἀπεδόθη
1250 694 1309 747 τῷ
1329 689 1419 747 ἰδίῳ
1441 685 1591 730 δεσπό-

116 775 168 815 τῃ
186 755 208 801 ὅ
229 756 355 807 αὐτὸς
373 761 537 813 ταῦρος.
594 759 662 799 καὶ
679 756 828 807 πάντες
846 755 1020 815 ἐπῄνουν
1041 757 1111 800 τὸν
1130 758 1308 813 Πέτρον,
1331 759 1512 813 λέγοντες
1529 755 1591 800 ὅτι

114 826 163 870 τὸ
188 831 354 881 ποιῆσαι
374 829 583 869 τεθνεῶτα
601 827 718 881 ζῆσαι
739 825 874 880 μεῖζόν
892 828 977 869 ἐστι
1001 830 1162 882 θαῦμα.
1214 828 1280 869 καὶ
1299 827 1404 869 ἄλλα
1425 826 1469 868 δὲ
1488 830 1590 868 πολ-

59 894 170 940 1Ολὰ
197 896 394 951 ἐποίησαν
424 902 571 950 σημεῖα
602 896 814 938 κατέναντι
849 893 1061 951 ἀλλήλων,
1097 895 1216 938 ἅτινα
1247 896 1288 939 ἓν
1312 904 1402 945 ταῖς
1422 892 1591 951 πράξεσι

114 967 197 1008 τῶν
225 962 349 1020 ἁγίων
382 962 624 1007 ἀποστόλων
655 965 964 1021 συγγέγραπται.
1035 962 1057 1008 ὅ
1096 965 1140 1007 δὲ
1173 962 1402 1014 ἀπόστολος
1426 964 1590 1020 Πέτρος

114 1032 172 1076 δι’
200 1033 320 1088 εὐχῆς
340 1032 468 1076 αὐτοῦ
491 1031 682 1090 ἐφόνευσε
703 1034 776 1077 τὸν
793 1035 962 1089 Σίμωνα
981 1033 1054 1076 τὸν
1072 1031 1203 1090 μάγον
1226 1032 1464 1089 θελήσαντα
1486 1032 1588 1075 ἂνα-

114 1106 342 1159 ληφθῆναι,
414 1099 495 1144 εἷπε
521 1102 600 1159 γὰρ
630 1100 651 1145 ὅ
684 1104 825 1157 Σᾲιων
847 1107 906 1162 τῷ
927 1103 1076 1161 Πέτρῳ
1102 1102 1164 1146 ὅτι
1185 1100 1290 1145 εἶπεν
1319 1102 1382 1146 ὅτι
1401 1102 1587 1160 Χριστὸς

115 1169 136 1213 ὃ
164 1170 264 1221 θεός
292 1187 367 1214 σου
395 1169 626 1229 ἀνελήφθη.
695 1172 785 1215 ἰδοὺ
816 1171 926 1228 κάγώ
957 1170 1315 1227 ἀναλαμβάνομαι.
1386 1173 1453 1214 καὶ
1485 1169 1587 1214 εἶδεν

59 1248 102 1284 15
115 1239 240 1283 αὐτὸν
268 1237 289 1283 ὅ
321 1239 485 1296 Πέτρος
516 1238 806 1297 κουφιζόμενον
837 1240 905 1284 διὰ
936 1245 1011 1296 τῆς
1041 1242 1210 1297 μαγείας
1245 1243 1300 1291 εἷς
1326 1239 1398 1284 τὸν
1420 1240 1521 1297 ἀέρα
1545 1241 1588 1283 ἕν

111 1308 225 1367 μέσῳ
252 1312 327 1364 τῆς
354 1307 509 1358 πόλεως
531 1307 712 1364 Ῥώμης·
748 1311 816 1352 καὶ
842 1309 996 1366 ηὔξατο
1027 1308 1047 1352 ὃ
1069 1311 1233 1367 Πέτρος
1263 1312 1330 1353 καὶ
1350 1310 1584 1366 κατηνέχθη
1609 1323 1640 1358 c

111 1379 253 1431 Σίμων
285 1375 306 1420 ὅ
334 1375 465 1434 μάγος
492 1378 537 1420 ἐκ
566 1382 640 1420 τοῦ
673 1378 793 1436 ἀέρος
821 1381 877 1429 εἷς
901 1379 977 1435 τὴν
1006 1384 1080 1435 γῆν
1110 1380 1174 1422 ε’πὶ
1205 1379 1279 1434 τὴν
1303 1383 1500 1422 πλατεῖαν
1519 1380 1587 1422 καὶ

111 1444 310 1504 ἔψόφησε.
382 1448 449 1489 καὶ
470 1446 517 1489 τὸ
536 1448 731 1501 λείψανον
760 1447 888 1491 αὐτοῦ
911 1455 1037 1491 κεῖται
1058 1450 1141 1492 ἒκεῖ
1159 1448 1234 1498 ἕως
1255 1447 1348 1506 ἄρτι
1370 1447 1474 1491 ὅπου
1494 1447 1586 1491 ἕπε-

110 1531 182 1569 σε,
216 1517 284 1558 καὶ
312 1514 389 1570 ἕχει
410 1515 525 1572 πέριξ
546 1514 763 1573 κάγκελλον
783 1518 966 1561 λίθινον
1004 1519 1071 1561 καὶ
1097 1516 1232 1561 ἀκούει
1255 1515 1276 1561 ὅ
1298 1515 1423 1568 τόπος
1439 1518 1587 1567 ἐκεῖνος

53 1595 101 1630 20
113 1583 247 1628 ἔκτοτε
266 1584 314 1627 τὸ
334 1582 549 1638 Σιμώνιον.

209 1650 407 1703 Ἀκούσας
426 1654 471 1696 δὲ
490 1654 635 1710 Νέρων
657 1651 678 1697 ὅ
701 1654 895 1709 βασιλεὺς
915 1652 977 1697 ὅτι
997 1652 1204 1712 ἓφονεῦθη
1222 1652 1301 1698 ὖπό
1323 1658 1397 1698 τοῦ
1418 1653 1585 1711 Πέτρου
1609 1671 1643 1707 0
1665 1671 1735 1709 330

113 1719 136 1764 ὃ
167 1723 331 1777 Σίμων,
363 1720 618 1778 ἠγανάκτησε
632 1737 642 1746 ·
680 1725 746 1766 καὶ
769 1723 972 1766 ἐκέλευσεν
994 1723 1119 1766 αὐτὸν
1137 1723 1392 1779 συσχεθέντα
1414 1724 1584 1767 ἀποθα-

205 1833 238 1868 1.
263 1828 475 1876 ἐλεχθέντος
492 1831 563 1867 Ox.
616 1832 650 1868 2.
674 1831 872 1868 παλαιτίου
892 1832 959 1867 Ox.
1026 1833 1080 1869 13.
1107 1830 1222 1878 εἶπεν]
1246 1830 1465 1875 Fon-eines·-
1490 1833 1583 1881 ἔφης

203 1878 378 1913 cedrenus
394 1889 427 1924 p.
445 1880 526 1915 211.
541 1879 583 1915 Α.
655 1881 710 1916 17.
731 1882 906 1915 πλατεῖαν
924 1879 1003 1922 Ch„
1026 1881 1187 1915 πλατίαν
1206 1879 1294 1924 cod„
1317 1883 1492 1918 πλατεῖαν
1512 1882 1580 1917 Ox.

109 1982 197 2017 que,
220 1974 291 2006 tum
314 1969 504 2012 Simonem,
528 1969 699 2005 Christum
722 1983 793 2006 sese
815 1971 900 2007 falso
922 1970 1172 2015 venditantm,
1195 1974 1266 2006 tum
1288 1973 1451 2016 Petrum,
1475 1972 1534 2020 qui
1555 1985 1578 2009 a

107 2018 222 2053 Pilato
246 2016 373 2051 Christi
398 2017 561 2062 abnegati
585 2018 758 2052 convictus
782 2019 920 2061 fuerat,
945 2029 987 2052 ex
1009 2018 1140 2064 palatio
1163 2018 1242 2063 ejici
1260 2019 1372 2063 jussit.

200 2063 372 2108 Deinceps
399 2062 518 2107 itaque
540 2063 670 2098 Romae
693 2064 891 2099 commorati
913 2069 1010 2106 sunt,
1054 2065 1098 2099 de
1118 2065 1294 2100 Miraculis
1326 2065 1465 2100 edendis
1486 2065 1579 2100 invi-

107 2122 181 2146 cem
205 2114 391 2145 certantes.
440 2108 490 2143 Et
512 2109 647 2154 quidem
670 2110 789 2145 Simon
812 2111 956 2156 Magus,
996 2111 1117 2146 Tauro
1141 2122 1263 2155 magno
1286 2111 1323 2146 in
1345 2112 1489 2147 medium
1513 2112 1577 2146 ad-

107 2157 234 2199 ducto,
269 2167 344 2190 cum
366 2154 399 2190 ei
422 2154 457 2190 in
481 2166 595 2190 aurem
619 2156 748 2202 aliquid
769 2156 1044 2199 immussitesset,
1081 2157 1254 2203 expiravit
1275 2158 1390 2193 statim
1414 2159 1576 2200 Taurus;

108 2201 353 2238 admirantibus
376 2201 546 2236 Simonem
570 2202 731 2237 omnibus.
778 2203 900 2237 Petrus
923 2214 1026 2246 vero,
1058 2203 1167 2238 Deum
1191 2210 1369 2249 precatus,
1407 2204 1575 2246 Taurum,

107 2248 144 2283 iu
174 2248 281 2283 vitam
311 2252 531 2290 revocatum,
572 2248 706 2283 domino
740 2249 901 2284 restituit.
956 2250 1062 2285 Petro
1094 2250 1215 2296 itaque
1249 2250 1375 2296 primas
1409 2250 1577 2284 dederunt

107 2306 221 2331 omnes
244 2294 397 2329 dicentes
410 2319 421 2336 ,
459 2294 630 2329 Mortuum
663 2295 757 2330 vitae
780 2295 978 2338 restituere,
1017 2296 1123 2340 majus
1146 2307 1218 2330 esse
1248 2296 1456 2330 miraculum.
1503 2295 1576 2330 Sed

109 2345 147 2376 et
167 2341 310 2388 plurima
343 2339 446 2375 etiam
469 2340 537 2376 ulia
566 2342 729 2376 miracula
752 2342 951 2384 ediderunt,
988 2341 1133 2376 invicem
1157 2345 1344 2383 certantes-3
1382 2353 1474 2386 quae
1498 2341 1577 2386 qui·-

108 2385 185 2422 dem
207 2386 336 2433 scripta
358 2391 437 2421 sunt
458 2387 495 2421 in
518 2387 616 2422 Actis
638 2388 838 2422 Sanctorum
860 2388 1106 2434 Apostolorum.
1155 2388 1338 2422 Caeterum
1362 2388 1479 2422 Simon
1496 2387 1578 2421 Ma-

108 2442 191 2512 gus,
212 2433 250 2468 in
272 2433 383 2468 coelos
406 2444 618 2468 ascensurum
641 2446 677 2469 se
699 2434 898 2477 venditans,
922 2434 1019 2468 Petri
1042 2434 1198 2480 Apostoli
1221 2434 1380 2480 precibus
1404 2433 1573 2469 occubuit.

143 2477 256 2514 ixa-‚rat
288 2479 375 2514 enim
397 2479 504 2514 Petro
528 2479 665 2522 Simon3
705 2481 764 2515 Tu
787 2480 892 2523 dicis,
931 2480 1102 2515 Christum
1131 2480 1238 2515 Deum
1270 2485 1363 2514 tuum
1385 2479 1421 2513 in
1453 2479 1576 2514 Coelos

109 2528 310 2569 assumptum
331 2525 453 2560 fuisse:
493 2537 576 2560 ecce
598 2538 651 2561 me
674 2538 808 2572 quoque
829 2526 866 2561 in
888 2526 1013 2562 Coelos
1040 2531 1252 2571 assumptum.
1298 2526 1420 2560 Petrus
1442 2525 1574 2569 itaque,

110 2581 184 2604 cum
206 2570 242 2605 in
265 2571 374 2606 medio
397 2571 488 2606 urbis
511 2571 640 2607 Romae
657 2572 803 2618 Magicis
825 2573 954 2608 artibus
976 2573 1149 2607 sublimem
1174 2583 1248 2606 eum
1272 2571 1307 2605 in
1331 2574 1443 2606 aerem
1467 2571 1574 2606 effer-

109 2614 141 2650 ri
165 2615 319 2659 videret,
341 2616 450 2652 Deum
473 2618 546 2663 ipse
569 2624 727 2664 precatus
747 2623 817 2654 est:
857 2624 893 2653 et
915 2623 1057 2664 repente
1079 2618 1214 2658 Simon,
1237 2628 1359 2662 magno
1383 2629 1457 2652 cum
1480 2617 1572 2652 soni-

108 2667 147 2696 tu
170 2661 206 2696 in
230 2661 376 2707 plateam
398 2663 578 2707 decidens,
602 2664 785 2710 [interiit.]
819 2664 999 2710 Reliquiae
1024 2669 1136 2700 autem
1161 2665 1251 2707 ejuS‚
1276 2664 1394 2699 eodem
1417 2674 1485 2709 quo
1509 2664 1573 2698 de-

109 2707 194 2742 cidit
215 2707 313 2750 loco,
341 2709 636 2753 recondebantur3
673 2711 731 2756 qui
755 2711 914 2747 cancellis
935 2711 1081 2757 lapideis
1104 2709 1256 2755 undique
1278 2713 1412 2756 septus,
1448 2709 1573 2746 exinde

107 2754 295 2788 Simonium
315 2754 425 2789 adhuc
446 2766 551 2801 usqne
574 2757 777 2803 appellatur.

198 2799 294 2835 Nero
329 2803 441 2834 autem
464 2801 672 2847 Imperator,
710 2803 826 2838 audito
859 2803 1026 2838 Simonem
1050 2814 1071 2836 a
1093 2801 1199 2836 Petro
1232 2801 1450 2837 interfectum
1485 2814 1570 2843 esse,

107 2843 161 2882 itu
182 2851 384 2889 commotus,
406 2845 547 2882 Petrum
570 2859 704 2894 quoque
726 2850 1001 2896 comprehensum
1024 2848 1135 2883 occidi
1154 2847 1264 2894 jussit.
1309 2849 1432 2884 Petrus
1455 2854 1570 2884 auten
