1838 3230
282 193 381 242 304
679 191 966 238 IOANNIS
994 195 1335 240 MALALAE

282 309 443 353 ἀνεῖλαν
464 309 509 353 τὸ
530 310 632 352 πολὺ
652 315 814 365 πλῆθος
843 316 916 367 τῆς
932 315 1131 369 βοηθείας
1154 314 1296 368 αὐτοῦ,
1334 317 1400 358 καὶ
1419 314 1562 373 ἕφυγεν
1579 317 1622 361 ἐν
1640 315 1733 362 Koi-

283 396 373 435 ραις
405 382 456 435 τῇ
487 376 620 420 πόλει·
666 381 733 421 καὶ
762 379 1057 436 φοσσεύσαντες
1085 383 1123 426 οἳ
1151 384 1312 439 Πέρσαι
1346 385 1588 439 παρέλαβον·
1609 385 1735 430 αὖτᾶν

282 445 561 501 αῗχμάλωτον,
598 448 664 488 καὶ
701 447 854 498 εὐθέως
884 447 1102 505 ἐφόνευσαν
1132 450 1278 494 αὐτόν·
1315 454 1380 494 καὶ
1412 453 1660 510 ἐκδείραντες
1685 453 1734 497 τὸ

282 515 412 570 δέρμα
450 514 576 556 αὐτοῦ
621 515 814 570 ἐποίησαν
851 515 1000 570 ἀσκόν,
1060 521 1126 561 καὶ
1167 518 1487 576 σμυρνιάσαντες
1529 520 1735 578 ἐφύλαξαν

231 587 262 622 C
286 582 410 625 αὐτὸν
441 583 496 631 εἷς
525 582 632 624 ἰδίαν
663 581 810 634 δόξαν·
850 584 897 626 τὸ
930 586 974 627 δὲ
994 587 1133 629 λοιπὸν
1151 592 1313 643 πλῆθος
1340 588 1468 631 αὐτοῦ
1488 589 1768 645 κατέκοψαν.5

282 654 447 708 τελευτᾷ
473 651 517 692 δὲ
535 648 556 692 ὅ
578 651 769 703 βασιλεὺς
790 654 1069 710 Νουμεριανὸς
1090 654 1145 698 ὢν
1168 657 1358 698 ἐνιαυτῶν
1377 655 1450 706 λς’.

382 718 508 761 Μετὰ
540 718 584 760 δὲ
620 719 693 773 τὴν
730 722 939 773 βασιλείαν
973 725 1256 780 Νουμεριανοῦ
1291 725 1523 778 ἐβασίλευσε
1557 727 1739 781 Καρΐνος

281 785 523 842 Αὔγουστος
559 784 579 828 ὅ
612 786 787 844 ἀδελφὸς
809 787 936 831 αὐτοῦ
954 788 1023 845 ἔτη
1046 789 1101 844 β’.
1169 787 1219 847 ἦν
1238 792 1283 834 δὲ
1302 790 1552 848 κονδοειδής,
1587 789 1735 848 παχύς,

284 853 504 908 πλάτοψις,
535 852 687 907 λευκός,
720 854 930 913 οὗλόθριξ,
974 857 1203 916 ἀναφάλας,
1242 858 1407 913 σπανός,
1439 858 1736 917 μεγαλόψυχος.

285 923 410 979 ἐφίλει
431 923 475 964 δὲ
494 922 540 965 τὸ
562 921 773 979 Πράσινον
793 924 928 981 μέρος.
1749 937 1794 970 10

375 990 440 1032 Ἣ
471 988 597 1044 μόνον
627 992 672 1033 δὲ
699 993 977 1045 ἐβασίλευσεν,
1029 991 1315 1049 ἐπεστράτευσε
1345 995 1449 1039 κατὰ
1475 999 1651 1054 Περσῶν
1685 997 1740 1046 εἲς

285 1058 485 1113 ἐκδίκησιν
512 1063 586 1101 τοῦ
620 1060 724 1102 ἰδίου
756 1060 882 1103 αὐτοῦ
909 1061 1088 1118 ἀδελφοῦ
1123 1065 1430 1120 Νουμεριανοῦ·
1474 1066 1542 1106 καὶ
1567 1063 1740 1121 περιεγέ-

285 1143 374 1169 νετο
403 1127 537 1178 αὐτῶν
567 1127 671 1169 κατὰ
694 1126 853 1183 κράτος.
924 1130 987 1171 ἐπὶ
1008 1131 1052 1172 δὲ
1083 1134 1156 1185 τῆς
1189 1131 1315 1174 αὐτοῦ
1345 1133 1554 1186 βασιλείας
1587 1129 1742 1175 ἐτελεύ-

285 1210 416 1249 τησαν
445 1195 483 1236 οἱ
511 1193 613 1250 ἅγιοι
647 1198 822 1250 Κοσμᾶς
852 1199 919 1239 καὶ
949 1198 1162 1252 Δαμιανός
1195 1204 1254 1259 τῷ
1283 1198 1420 1259 τρόπῳ
1442 1198 1589 1259 τούτῳ,
1627 1204 1742 1258 φθο-

234 1270 266 1304 D
289 1262 481 1316 νηθέντες
506 1261 585 1304 ὑπὸ
608 1267 680 1305 τοῦ
713 1265 815 1306 ἰδίου
839 1264 974 1308 αὐτῶν
993 1265 1222 1310 ἐπιστάτου.
1293 1264 1398 1323 ἦσαν
1417 1268 1494 1325 γὰρ
1513 1270 1645 1325 ἰατροὶ
1665 1268 1738 1323 τὴν
1753 1275 1795 1311 15

287 1328 524 1385 ἐπιστήμην,
561 1330 775 1385 ἠγαπῶντο
798 1333 842 1374 δὲ
861 1331 940 1375 ὕπὸ
961 1338 1034 1376 τοῦ
1051 1335 1250 1387 βασιλέως
1265 1338 1463 1392 Καρίνου,
1503 1334 1558 1386 ὥς
1578 1340 1743 1378 ποιοῦν-

137 1407 170 1442 Ο
194 1404 264 1443 404
288 1415 354 1448 τες
374 1397 518 1447 ἲάσεις·
555 1399 704 1453 συνέβη
725 1399 800 1456 γὰρ
821 1405 943 1443 τοῦτο
966 1402 1154 1456 γενέσθαι
1175 1407 1232 1460 τῷ
1254 1403 1365 1460 αὐτῷ
1385 1404 1552 1461 Καρίνῳ
1568 1407 1740 1458 βασιλεῖ.

285 1466 391 1521 μετὰ
412 1466 459 1508 τὸ
482 1471 727 1523 συγκροῦσαι
759 1475 843 1517 τοῖς
869 1469 1051 1524 Πέρσαις
1069 1472 1135 1511 καὶ
1155 1469 1230 1520 τὰς
1250 1469 1383 1513 ἐπάνω
1408 1470 1558 1526 ἐνέγκαι
1579 1473 1646 1513 καὶ
1671 1468 1742 1514 κό-

286 1547 367 1588 ψαι
401 1535 443 1584 ἐξ
474 1534 608 1576 αὐτῶν
649 1533 810 1590 ἄπειρον
849 1540 1010 1591 πλῆθος
1039 1542 1234 1591 χειμῶνος
1269 1536 1505 1594 βαρυτάτου
1531 1539 1743 1594 γενομένου

287 1602 443 1660 ᾔτησαν
462 1603 501 1644 οἳ
518 1602 678 1657 Πέρσαι
694 1607 834 1658 μηνῶν
853 1609 974 1659 τριῶν
992 1604 1146 1647 ἔνδοσιν
1159 1605 1348 1661 γενέσθαι
1360 1621 1370 1630 ·
1406 1608 1470 1648 καὶ
1491 1607 1557 1648 διὰ
1577 1606 1624 1649 τὸ
1641 1607 1740 1649 ἐπα·
1750 1616 1798 1650 20

287 1671 389 1725 χθὲς
407 1675 481 1712 τοῦ
499 1674 696 1724 χειμῶνος
715 1669 947 1727 φειδόμενος
967 1677 1040 1715 τοῦ
1059 1675 1163 1715 ι’δίου
1185 1678 1364 1729 στρατοῦ
1376 1707 1387 1724 ,
1425 1672 1480 1723 ὥς
1500 1674 1741 1728 nonmagna,

291 1739 457 1781 ἐνέδωκε
488 1742 570 1780 τῶν
601 1742 723 1795 τριῶν
753 1744 892 1794 μηνῶν
917 1740 990 1795 τὴν
1010 1741 1167 1795 αἴτησιν
1186 1746 1257 1796 τῆς
1276 1740 1445 1798 εἰρήνης.
1516 1743 1582 1784 καὶ
1605 1742 1745 1796 λαβὼν

291 1806 338 1849 τὸ
360 1806 462 1849 ἴδιον
479 1810 642 1862 πλῆθος
660 1802 788 1862 ἦλθεν
807 1809 870 1850 ἐπὶ
884 1808 957 1862 τὴν
977 1809 1188 1864 λεγομένην
1202 1808 1342 1866 χώραν
1359 1814 1440 1853 τῶν
1458 1812 1741 1867 Κυρηστικῶν,

383 1927 440 1962 23.
466 1927 706 1973 Κηρυστικιὸν
730 1927 798 1962 Ox.
845 1927 924 1964 vid.
947 1927 1010 1962 eh.
1035 1929 1295 1966 annotationem.

294 2025 502 2071 maximaque
525 2029 694 2064 exercitus
717 2030 932 2074 Imperatorii
953 2034 1053 2076 parte
1077 2031 1210 2073 excisa;
1236 2033 1309 2077 ipse
1331 2032 1416 2076 fuga
1437 2030 1473 2065 in
1495 2032 1602 2067 Caras
1626 2032 1744 2068 evasit.

293 2072 423 2106 Persae
445 2084 528 2106 vero
551 2075 666 2109 urbem
690 2076 862 2111 obsidione
886 2077 1080 2121 cingentes,
1114 2078 1284 2122 captivum
1309 2089 1382 2111 eum
1406 2078 1617 2119 habuerunt3
1650 2078 1745 2112 neci-

294 2128 360 2162 que
393 2117 506 2152 statim
539 2120 722 2162 traditum,
756 2121 987 2156 excoriatum:
1026 2124 1280 2167 detractamque
1303 2123 1334 2156 ei
1357 2123 1478 2167 pellem
1500 2124 1535 2157 in
1558 2128 1667 2157 utrem
1691 2124 1746 2158 ef·-

293 2164 503 2196 formarunt:
540 2166 787 2210 unguentisque
822 2167 991 2201 conditam
1021 2168 1152 2212 gloriae
1176 2179 1275 2203 causa
1297 2173 1531 2203 asservatum:
1565 2168 1745 2212 Reliquum

293 2219 375 2242 vero
400 2207 492 2252 quod
514 2208 580 2242 fuit
603 2211 770 2245 exercitus
794 2213 864 2256 ejus
888 2212 1018 2258 penitus
1042 2214 1205 2248 delerunt.
1251 2213 1479 2248 Numerianus
1501 2216 1612 2250 autem
1633 2213 1745 2259 Impe-

294 2258 388 2287 rator
411 2265 430 2287 e
453 2252 540 2287 vivis
563 2255 707 2289 excessit
728 2267 828 2291 annos
852 2263 949 2292 natus
973 2269 1089 2292 xxxv1.
1153 2297 1155 2299 ,

385 2298 467 2332 Post
489 2298 727 2334 Numerianum
751 2301 930 2346 imperavit
953 2304 1097 2338 Carinus
1121 2304 1296 2348 Augustus,
1318 2304 1427 2338 frater
1450 2303 1543 2347 ejus,
1577 2313 1680 2337 annos
1702 2313 1743 2337 11.

288 2343 377 2377 Erat
400 2347 510 2377 autem
532 2348 663 2379 statura
685 2351 805 2387 curta,
831 2359 974 2389 crassus,
998 2350 1092 2383 vultu
1114 2349 1196 2391 lato,
1221 2349 1400 2390 candidus,
1425 2348 1517 2382 crine
1541 2348 1664 2394 crispe,
1687 2359 1744 2382 re-

292 2388 470 2431 calvaster,
494 2400 628 2433 parcus,
652 2392 894 2435 magnanimus:
927 2393 1082 2428 Factioni
1105 2400 1216 2429 autem
1238 2395 1400 2428 Prasinae
1422 2393 1587 2428 studebat.

382 2434 460 2475 Hic,
484 2440 640 2479 suscepto
663 2436 819 2481 Imperi0‚
845 2438 970 2481 absque
992 2451 1086 2474 mora
1110 2440 1220 2474 Persis
1243 2440 1364 2474 bellum
1385 2438 1511 2480 intulit,
1545 2438 1743 2473 Numeriani

292 2479 409 2513 fratris
433 2479 468 2512 in
490 2479 697 2515 Vindictam:
724 2492 848 2525 eosque
870 2484 1003 2527 penitus
1027 2484 1234 2530 profligavit.
1282 2483 1413 2518 Eodem
1435 2483 1634 2528 imperante,
1655 2484 1745 2518 San-

295 2523 342 2558 cti
365 2524 436 2566 illi,
475 2524 611 2559 Cosmas
636 2530 671 2560 et
692 2525 895 2565 Damianus‚
929 2528 1062 2564 domino
1086 2542 1144 2564 suo
1166 2529 1283 2570 invisi,
1307 2529 1383 2562 neci
1405 2529 1527 2564 traditi
1548 2534 1646 2570 sunt,
1678 2529 1744 2563 hoc

293 2569 403 2604 modo.
449 2570 561 2604 Erant
583 2570 619 2604 hi
643 2571 848 2617 professione
871 2572 1017 2614 Medici;
1055 2586 1135 2618 quos
1158 2574 1345 2619 Imperator
1369 2573 1492 2617 etiam,
1526 2574 1571 2609 ob
1595 2573 1745 2608 curatio-

292 2625 351 2648 nes
375 2615 417 2648 ab
442 2614 489 2648 eis
514 2616 668 2659 effectas,
691 2617 802 2660 magni
826 2617 963 2651 habuit:
989 2618 1042 2653 cui
1066 2620 1166 2653 etiam
1189 2618 1252 2664 ipsi
1276 2619 1462 2662 hujusmodi
1484 2619 1567 2664 quid
1589 2618 1744 2663 contige-

292 2663 360 2693 rat.
406 2659 490 2694 Post
512 2661 633 2696 Persas
656 2662 783 2707 praelio
813 2661 964 2697 devictos
987 2668 1023 2697 et
1045 2663 1209 2697 infinitam
1241 2674 1356 2698 eorum
1379 2665 1623 2699 multitudinem
1648 2665 1743 2698 exci-

294 2716 384 2746 sam,
420 2705 545 2739 Persae
568 2706 670 2741 trium
701 2706 858 2742 memium
879 2707 1028 2742 inducias
1060 2709 1244 2754 petierunt.
1303 2710 1493 2754 Imperator
1523 2710 1660 2754 itaque,
1699 2709 1743 2744 ob

293 2749 421 2793 hyemis
452 2749 702 2796 intemperiem,
745 2752 911 2787 exercitus
943 2753 1042 2788 etiam
1066 2753 1117 2788 sui
1148 2754 1243 2788 bellis
1276 2755 1385 2788 attriti
1407 2755 1572 2789 rationem
1604 2754 1741 2795 habens,

294 2794 500 2829 conditiones
530 2797 621 2841 pacis
643 2797 678 2831 in
700 2801 770 2832 tres
791 2809 918 2832 menses
940 2798 1114 2834 concessit.
1158 2799 1236 2845 Ipse
1257 2799 1391 2834 interim
1420 2800 1456 2834 in
1479 2798 1741 2844 Cyrrhesticam,

295 2849 393 2884 quam
415 2845 559 2885 vocant,
594 2843 766 2888 regionem
790 2843 984 2888 contendit,
1016 2845 1061 2881 ob
1083 2845 1267 2881 exercitum
1288 2857 1381 2890 suum
1403 2844 1619 2881 reficiendum
1642 2848 1678 2878 et
1701 2847 1742 2878 ut
