1838 3230
327 165 426 226 696
913 158 1199 203 *BENTLEn

324 287 460 327 peram
476 271 682 324 intelligas,
701 286 801 325 quae
819 286 870 313 ex
881 271 1090 325 Athenaeo,
1110 273 1277 315 Stobaeo
1299 280 1338 314 et
1357 272 1514 314 aliunde
1533 274 1626 312 satis
1641 273 1681 313 in
1694 287 1764 313 no-

322 330 447 369 titiam
463 335 674 368 venerunt:
704 329 773 368 sed
787 329 835 368 de
854 331 996 382 quibus
1014 331 1133 370 hodie
1149 332 1314 370 fortasse
1328 331 1498 383 primum
1524 329 1765 377 inaudivisti,

324 387 476 438 Κρησί·
509 385 825 436 quandoquidem
849 392 888 425 et
918 387 1076 426 Joannis
1102 386 1284 435 Meursii,
1314 386 1384 438 qui
1411 386 1462 425 de
1486 385 1604 425 trium
1628 385 1765 435 Tragi-

324 448 461 479 corum
491 440 634 479 fabulis
662 447 843 480 accurate
869 442 1118 494 studioseque
1140 442 1317 494 scripsit,
1351 434 1587 491 diligentiam
1619 439 1763 491 effuge-

322 504 427 537 1·.unt
491 497 538 534 In
566 496 841 548 Aristophanis
865 498 985 537 Ranis
1019 497 1082 537 his
1123 498 1257 538 verbis
1290 497 1500 551 compellat
1535 495 1764 589 Euripidem

324 551 561 603 Aeschylus.

537 636 581 675 Ω,
586 634 807 705 Κρητικὰς
817 634 890 689 μὲν
909 635 1102 689 συλλέγων
1118 637 1337 707 μονῳδίας·

538 687 696 744 Γάμους
719 687 761 731 δ’
780 689 968 742 ανοσίους
988 692 1181 747 εἰσφέρων
1200 679 1259 741 εἰς
1276 690 1350 746 την
1370 690 1521 745 τέχνην.

327 774 448 822 Quo'
437 788 476 812 m
504 774 594 813 loco
617 773 715 812 haec
741 781 901 814 annotat
927 775 1183 815 scholiastes·
1231 779 1295 817 Εν
1324 773 1399 845 γοῖρ
1436 778 1520 822 τοῖς
1547 773 1773 814 ΚΡΗΣῘΝ

326 833 469 882 Ικαρον
495 831 753 883 μονῳδοῦντα
779 831 961 882 ἐποίησε,
989 832 1056 872 καὶ
1078 832 1119 872 οἰ
1139 847 1211 883 μεν
1233 833 1290 880 εἰς
1305 829 1379 898 τήν
1399 827 1546 883 Ικοὲρου
1564 829 1767 893 μονῳὸίαν

205 884 346 920 023’
328 902 370 926 εν
387 890 470 933 τοῖς
492 889 686 935 ΚΡΗΣΙ,
716 883 963 939 θρασύτερον
988 885 1062 940 γάρ
1092 888 1204 928 δοκεῖ
1230 903 1274 927 το
1298 899 1521 940 προσωπον.
1578 880 1766 926 Απολλώ-

323 957 410 990 νιος
428 938 505 981 δὲ’
491 939 550 982 ότι
571 938 735 982 δύναται
756 942 822 982 καὶ
843 943 899 990 εἰς
919 958 994 996 την
1009 939 1199 996 Αερόπην
1214 958 1287 994 την
1305 943 1347 984 ἐν
1365 946 1448 989 τοῖς
1450 938 1640 1010 Κρήταις
1660 940 1768 992 εἰρῆ-

325 1002 445 1046 σθαι,
474 994 528 1047 ’ἣν
556 994 740 1067 εἰσηγαγε
761 994 1055 1050 πορνεύουσαν·
1096 996 1215 1050 Οἶμαι
1246 997 1288 1039 δὲ
1322 995 1386 1038 διὰ
1416 994 1464 1037 τὰ
1484 997 1526 1038 ἐν
1551 1000 1605 1051 τῷ
1623 993 1767 1046 Αἰόλῳ.

331 1054 542 1104 Τιμαχίδας
559 1054 600 1092 δὲ
618 1051 684 1092 &cz
697 1051 770 1104 τὴν
793 1054 834 1094 ἐν
851 1058 933 1101 τοῖς
954 1057 1102 1094 KPHH
1076 1057 1126 1093 *1
1145 1056 1251 1106 μίξιν
1269 1053 1565 1094 ΠΑΣΙΦΛΗΣ
1578 1049 1675 1104 πρὸς
1699 1049 1768 1092 τόν

324 1112 482 1160 ταῦρον.
540 1109 808 1158 Absolvimus‚
841 1111 1000 1160 opinor,
1033 1110 1218 1148 Joannem
1240 1110 1287 1148 ab
1312 1109 1418 1148 omni
1436 1108 1656 1160 suspicione
1675 1121 1767 1159 pec-

326 1165 422 1201 cati:
454 1177 557 1202 nunc
580 1171 616 1202 et
635 1164 728 1203 huic
745 1165 954 1203 Scholiasti
979 1166 1217 1216 patrocinari
1237 1171 1402 1218 oportet.
1458 1165 1544 1202 Non
1571 1163 1671 1202 enim
1698 1162 1769 1201 (le-

325 1226 460 1265 erunt,
492 1220 559 1267 qui
584 1221 813 1270 pervulgata
840 1222 903 1259 via
929 1222 1197 1272 quorundam,
1228 1222 1294 1273 qui
1323 1234 1525 1272 germanos
1558 1233 1599 1258 se
1627 1224 1768 1271 putant

326 1288 408 1312 esse
427 1274 693 1324 Aiistarehos‚
725 1278 922 1328 extemplo
944 1291 1016 1327 pro
1036 1278 1158 1315 velbo
1179 1277 1310 1330 Κρησι
1338 1276 1573 1316 contendent
1596 1287 1676 1313 esse
1702 1287 1769 1312 le-

323 1330 547 1382 ponendum
569 1327 781 1382 Κρησσαις.
843 1332 1081 1369 Pedeteutim
1110 1340 1259 1379 tamen,
1291 1339 1327 1371 et
1351 1331 1653 1383 aliquantisper,
1683 1343 1767 1379 oro,

323 1399 479 1423 manum
501 1386 738 1435 abstineant5
774 1387 867 1425 dum
897 1387 1092 1424 'lribunos
1122 1388 1258 1426 adeam
1286 1388 1352 1440 qui
1379 1387 1619 1425 intercedant
1639 1392 1767 1424 tantae

323 1442 699 1481 tcme1itati..Ecce
720 1443 862 1481 itelum
883 1442 1118 1485 Scholiastes
1146 1443 1198 1482 ad
1228 1443 1323 1486 haec
1343 1443 1464 1483 verba
1481 1440 1765 1493 Aristophanis,

537 1521 644 1566 -Am'
662 1542 692 1565 ω
715 1529 867 1579 Κρητες
889 1529 983 1578 Ιδης
1001 1527 1118 1568 τέκνα

207 1579 236 1613 V
262 1577 305 1616 14
549 1579 605 1622 Ta
623 1578 714 1631 τόξα
730 1581 915 1637 λαβόντες
930 1580 1165 1636 ἐπαμύνατε.

331 1666 483 1711 Ταῦτα,
513 1665 584 1711 ait,
614 1663 721 1716 παροέ
748 1664 796 1707 τὰ
824 1666 867 1707 ἐκ
896 1669 1127 1706 ΚΡΗΤΩΝ
1150 1662 1389 1718 Εὐριπίδου.
1455 1665 1555 1704 Bina
1584 1665 1767 1717 profecto

326 1726 417 1758 sunt
453 1721 625 1758 dramata
662 1725 815 1775 Κρῆτες
847 1729 885 1760 et
915 1725 1119 1775 Κρῆσσαι,
1159 1728 1385 1772 argumento
1423 1722 1539 1770 longe
1573 1721 1766 1760 dissimili.

325 1777 517 1814 Personae
564 1777 720 1815 omnino
756 1778 852 1816 aliae
887 1778 1153 1827 inducuntur,
1194 1790 1329 1816 scenae
1365 1783 1569 1828 ponuntur
1595 1777 1636 1815 in
1667 1777 1767 1814 locis

326 1831 639 1882 disjunctissimis
659 1834 903 1884 maximeque
919 1833 1097 1872 diversis.
1155 1833 1241 1871 Illic
1272 1834 1425 1871 Icarum
1447 1833 1573 1870 cernis
1602 1839 1640 1871 et
1657 1832 1768 1870 Pasi-

326 1887 476 1938 phaen:
505 1888 547 1926 in
569 1888 714 1926 Cressis
746 1890 952 1940 Aeropen,
979 1890 1118 1938 Atrea,
1147 1888 1367 1939 Thyestem.
1426 1888 1497 1926 Hic
1518 1889 1631 1938 Argis
1653 1888 1767 1927 Pelo-

324 1943 510 1995 ponnesi,
540 1943 622 1982 illic
640 1944 680 1983 in
704 1945 818 1983 Creta
838 1945 964 1983 insula
985 1958 1049 1983 res
1071 1951 1252 1997 aguntur.
1302 1943 1584 1997 Aristophanes
1608 1943 1765 1996 Vespis:

1198 2002 1320 2040 Τοῦτο
1343 1998 1386 2040 δὲ

539 2055 650 2106 Αὸης
669 2056 863 2108 διακρινεῖ
876 2055 1068 2122 πρότερον
1083 2052 1112 2120 ᾗ
1129 2052 1194 2108 'yco
1218 2056 1413 2106 πείσομαι.

327 2108 395 2148 ubi
428 2108 681 2159 Scholiastes,
712 2115 774 2150 Εν
804 2108 1032 2164 Κρήσσαις,
1063 2113 1139 2160 ait,
1169 2108 1416 2175 Εὐριπίδου,
1445 2128 1466 2152 o
1491 2106 1639 2163 Ατρεῦς
1665 2106 1766 2159 προς

327 2164 400 2217 τήν
420 2162 641 2217 Αερόπην*
666 2170 795 2219 κρινεῖ
808 2170 940 2207 ταῦτα.
996 2168 1105 2206 Unde
1126 2168 1375 2218 perspicuum
1394 2173 1472 2216 est,
1502 2167 1543 2204 in
1564 2165 1764 2216 superiore

327 2222 415 2259 loco
434 2220 703 2271 conligendum
725 2234 825 2270 esse,
855 2220 1036 2274 Αερόπην
1053 2239 1127 2275 την
1147 2223 1188 2264 ἔν
1207 2227 1291 2269 ταῖς
1312 2219 1525 2291 Κρήσσαις.
1580 2219 1764 2270 Porphy-

329 2278 412 2315 1ius
432 2277 498 2314 lib.
516 2277 556 2317 4.
573 2277 620 2315 de
638 2276 886 2315 abstinentia.
916 2282 1082 2341 Μικροῦ
1100 2293 1146 2330 με
1165 2281 1346 2330 παρῆλθε
1361 2277 1427 2317 καὶ
1443 2293 1485 2317 το
1504 2272 1764 2327 Εὐριπίδειον

330 2332 605 2383 παραθέσθαι,
635 2329 681 2380 ὃς
697 2347 789 2379 τους
809 2332 850 2371 ἐν
865 2330 1002 2400 Κρήτῃ
1024 2337 1095 2373 τοῦ
1113 2332 1210 2380 Διος
1230 2348 1435 2402 προφητας
1453 2328 1667 2383 απὲχεσθαί
1688 2346 1765 2382 φη-

332 2400 370 2428 σι
387 2385 452 2429 δια
471 2385 633 2428 τούτων.
689 2386 843 2440 λέγουσι
861 2385 902 2426 δὲ
919 2388 960 2427 οἱ
973 2387 1070 2428 κατοέ
1093 2387 1163 2429 τὸν
1179 2404 1297 2442 χορον
1317 2386 1411 2442 πρὸς
1427 2385 1492 2428 τὸν
1513 2388 1652 2427 Μίνω·

548 2445 850 2511 Φοινικογενοῦς
865 2447 942 2482 παῖ
958 2459 1028 2495 της
1051 2445 1198 2511 Τυρίας

551 2498 696 2539 Τέκνον
713 2494 914 2567 Εὐρώπης
928 2498 994 2538 καὶ
1012 2502 1084 2539 τοῦ
1101 2495 1271 2552 μεγαλου

547 2552 694 2604 Ζηνὸς,
724 2550 907 2593 ανασσων

547 2605 708 2660 Κρήτης
728 2606 1124 2678 ἕκατομπτολιὲθρου·

546 2666 641 2703 Ηκω
661 2663 824 2711 ζαθέους
841 2662 962 2711 ναούς
981 2662 1204 2716 προλιπών,

547 2717 629 2766 Οὓς
645 2716 859 2771 αὐθιγενής
876 2724 1067 2771 τμηθεῖσα
1085 2721 1180 2771 δρῦς

544 2772 764 2828 Στεγανοῦς
780 2774 934 2828 παρέχει
949 2771 1104 2828 χαλύβῳ
1122 2773 1289 2823 πελέκει,
