1838 3230
619 301 1293 382 ·ADDENDA

243 472 284 505 P.
310 472 365 513 12,
393 472 446 506 19.
496 469 747 516 οἰκοδομήθη]
772 472 904 507 Confer
928 471 1019 507 οἴκει
1048 483 1082 518 p.
1105 470 1185 513 420,
1207 471 1264 505 21.
1479 500 1483 501 γ

245 518 288 554 Ρ.
313 519 367 559 15,
395 520 425 553 1.
455 519 509 558 16,
532 520 567 554 3.
616 517 656 552 In
681 522 793 551 annot.
819 529 881 563 pro
905 518 1113 553 Theodorus
1135 516 1248 550 scribe
1271 515 1499 550 Theodosius.

244 564 284 598 P.
311 564 366 605 19,
393 565 446 599 18.
495 563 618 598 Scribe
643 564 958 608 Σαρδανάπαλλος
989 564 1043 598 hic
1066 569 1103 598 et
1124 563 1182 604 37,
1208 564 1241 596 8.
1272 573 1345 595 cum
1369 560 1530 596 Chronici
1553 561 1703 597 Pascha-

335 609 377 662 lis
401 609 519 643 codice
545 609 722 651 Vaticano,
747 615 784 644 et
805 614 880 645 cum
901 610 1018 652 eodem
1041 610 1099 650 25,
1119 610 1162 644 10
1196 606 1244 643 τὰ
1267 606 1407 643 παλαιοὶ
1433 613 1469 641 et
1489 608 1547 647 26,
1567 609 1618 642 18.
1642 609 1705 652 ζη-

335 668 476 701 τησητε.
522 655 657 689 Iuvabit
689 655 790 690 etiam
820 656 967 701 reliquos
990 657 1082 690 locos
1105 653 1163 699 qui
1189 653 1360 688 Chronico
1385 658 1420 687 et
1442 652 1591 688 Malalae
1613 656 1704 688 com-

335 713 453 736 munes
475 707 553 734 sunt
581 702 623 735 ad
657 701 806 736 codicem
830 702 1031 736 Vaticanum
1055 700 1207 744 exigere,
1244 698 1337 733 cuius
1368 699 1558 734 varietates
1581 697 1705 746 accepi

338 748 495 798 absoluto
521 746 659 789 Malala,
707 747 819 782 uando
843 745 1163 792 singulawpersequi
1185 756 1297 779 serum
1319 745 1396 780 fnit.

246 795 286 829 P.
309 795 366 835 30,
392 798 425 828 8.
473 793 575 849 εἴπέρ
598 759 705 847 ‘sicinii
729 793 892 827 Fortasse
916 798 1069 839 praestat
1093 793 1128 828 εἰ
1148 792 1332 835 περίεισιν.
1672 817 1675 822 ·
1752 824 1756 828 .

246 841 287 875 Ρ.
310 842 368 882 36,
395 841 448 875 19.
499 844 566 883 την
598 851 633 872 1n
667 839 837 873 Chronico
868 839 975 874 tacite
996 838 1111 872 intulit
1132 837 1350 882 Ducangius=
1384 836 1494 871 codex
1517 835 1707 871 Vaticanus

337 890 373 920 et
395 884 502 919 editio
526 884 652 919 Raderi
678 883 746 920 miv
769 886 835 928 τῆς
859 885 1055 931 Γοργόνης.

250 933 290 966 P.
313 933 371 975 38,
395 932 428 966 5.
475 931 610 965 Inutilis
636 931 826 965 Chilmeadi
849 932 1049 966 coniectura
1069 929 1278 975 κεραυνίου.

245 979 286 1012 P.
310 978 367 1020 42,
395 979 446 1013 16.
495 975 718 1022 συγγενικὰς]
744 978 866 1011 Scribe
890 977 1113 1023 συγγενίδας.

246 1025 287 1060 Ρ.
311 1023 426 1104 45))ἐιξ.
458 1024 560 1105 5gum
594 1024 794 1058 coniectura
825 1029 945 1059 nostra
975 1021 1177 1070 Ἐγχέλειαν
1209 1018 1367 1066 componi
1397 1022 1514 1066 potest
1534 1017 1706 1053 Diodorus

245 1117 286 1152 P.
310 1117 367 1157 50,
391 1118 449 1152 23.
498 1116 572 1150 τῶν
596 1114 776 1150 delendum
799 1113 948 1150 videtur.
1703 1110 1706 1114 ’

245 1163 287 1196 P.
311 1163 368 1202 76,
393 1164 449 1197 21.
497 1163 631 1206 Νίνος]
656 1163 768 1201 Λίνος
790 1160 974 1196 Fabricius
997 1160 1087 1194 Bibl.
1105 1160 1170 1193 Gr.
1193 1158 1262 1192 vol.
1281 1157 1359 1191 VII.
1383 1168 1418 1202 p.
1433 1154 1514 1192 449.
1533 1155 1586 1190 ed.
1607 1154 1706 1190 Harl.

245 1208 286 1242 P.
311 1209 369 1249 88,
397 1211 452 1243 11.
497 1207 620 1242 Scribe
643 1205 848 1251 ἐθρυλεῖτο.
894 1207 954 1241 Sic
978 1211 1014 1240 et
1037 1206 1093 1248 89,
1121 1206 1175 1241 13.
1200 1206 1279 1245 189,
1307 1206 1360 1239 18.
1385 1205 1464 1246 230,
1487 1204 1521 1239 3.
1544 1201 1625 1237 254.
1651 1203 1681 1236 1.

244 1254 287 1288 Ρ.
311 1255 387 1289 139.
413 1253 490 1289 140.
537 1253 674 1287 Mallem
699 1254 812 1288 Νῦσα
836 1252 1027 1297 scripsisse.
1186 1256 1192 1261 '

313 1300 391 1341 167,
418 1299 470 1335 14.
517 1299 618 1332 Tolle
640 1298 696 1332 ed.
719 1297 926 1332 Oxoniensis
949 1297 1070 1331 vitium
1093 1296 1247 1342 reposito
1272 1291 1381 1330 αὐτὸ.

313 1346 392 1387 173,
417 1348 449 1381 1.
497 1343 600 1388 ἔθος]
625 1344 748 1378 Scribe
771 1343 864 1383 ἔτος.

311 1392 388 1433 179,
412 1392 447 1426 3.
473 1389 658 1435 εὔμορφοι
680 1401 808 1436 repone
831 1400 873 1423 ex
899 1385 1080 1423 Chronico.

313 1437 389 1478 182,
415 1438 448 1472 8.
494 1434 832 1480 δισιγνιτεύσαντες]
859 1433 981 1468 Scribe
1005 1429 1354 1477 δισιγνατεύσαντες.

311 1483 473 1564 187,6ἒ3.
520 1481 727 1518 Brunichius
757 1481 832 1526 quis
861 1479 908 1514 sit
939 1479 1078 1525 quaerit
1108 1476 1318 1513 Niebuhrius
1355 1474 1446 1509 Hist.
1478 1473 1521 1507 R.
1557 1472 1627 1507 vol.
1659 1471 1706 1504 11.

311 1576 389 1618 189,
413 1577 470 1610 20.
519 1571 610 1617 ὑπὸ]
634 1573 738 1607 Immo
763 1569 848 1608 ἀπὸ.

276 1647 285 1655 .
311 1622 391 1663 218,
413 1623 448 1657 5.
472 1663 475 1667 ¹
496 1619 616 1664 ἔτους]
641 1620 744 1653 Immo
769 1618 861 1658 ἔτος.

243 1668 285 1702 Ρ.
309 1668 389 1707 222,
413 1669 447 1703 9.
497 1666 664 1710 Κάπυος]
690 1665 793 1699 Haud
817 1661 920 1697 dubie
941 1660 1153 1695 scrib-endum
1178 1657 1342 1699 Κάπυος.

244 1714 286 1748 Ρ.
311 1714 395 1792 23⁸8:i
414 1715 447 1749 7.
471 1714 505 1749 8.
553 1708 721 1758 ὀμφαλός
743 1731 788 1737 -
812 1705 1030 1754 ὀφθαλμοῦ]
1066 1707 1158 1741 Idem
1190 1709 1336 1750 utroque
1368 1703 1444 1737 loco
1475 1698 1708 1747 reponendum

337 1770 371 1792 vx
396 1765 483 1794 etur.

247 1806 289 1840 P.
313 1805 393 1847 256,
416 1806 448 1841 5·
495 1803 651 1851 γένειον]
681 1801 803 1837 Scribe
826 1800 870 1834 ad
892 1799 1035 1833 aliorum
1059 1798 1211 1833 locorum
1233 1795 1422 1841 exemplum
1445 1793 1487 1828 τὸ
1511 1790 1660 1837 γένειον.

248 1852 290 1886 Ρ.
313 1853 394 1892 266,
417 1853 452 1888 3.
496 1851 634 1887 Novum
657 1850 789 1883 formae
809 1843 980 1890 Ὀρέντης
1001 1844 1228 1879 testimoninm
1253 1842 1397 1888 praebet
1415 1837 1578 1874 Chronici
1594 1836 1708 1871 codex

341 1898 543 1939 Vaticanus,
565 1896 624 1942 qui
649 1895 707 1929 ubi
727 1894 763 1928 in
786 1891 994 1937 editionibus
1017 1894 1071 1924 est
1094 1902 1129 1936 p.
1147 1889 1204 1925 40.
1228 1890 1257 1923 C
1274 1884 1422 1930 “Optosv
1443 1886 1512 1920 τοῦ
1534 1881 1710 1927 καλουμέ-

342 1957 411 1979 νου
435 1944 559 1978 scribit
572 1942 684 1985 ‘'Oosv
706 1942 774 1979 τοῦ
796 1936 1037 1982 καλουμένου,
1060 1936 1083 1970 i.
1108 1947 1136 1969 e.
1157 1933 1343 1979 Ὀρὲντον.

251 1990 294 2024 P.
317 1991 399 2031 268,
422 1988 458 2025 4.
503 1989 604 2024 conf.
628 1985 876 2031 Wesselingius
899 1984 946 2018 ad
968 1982 1153 2018 Diodorum
1177 1981 1306 2017 XVIII.
1329 1981 1385 2016 62.
1410 1990 1447 2024 p.
1469 1977 1550 2019 303,
1573 1975 1629 2010 69.

253 2036 295 2070 Ρ.
318 2036 398 2078 308,
425 2037 480 2071 12.
525 2032 680 2078 χρόνων]
706 2032 828 2066 Scribe
850 2029 995 2075 χρόνον,
1020 2033 1058 2062 ut
1081 2032 1135 2062 est
1154 2039 1187 2073 p.
1199 2027 1279 2069 482,
1288 2027 1323 2061 7.
1356 2024 1456 2060 Conf.
1473 2022 1518 2056 ad
1537 2033 1572 2067 p.
1586 2022 1708 2061 181,1.

253 2082 294 2117 P.
317 2083 398 2124 315,
426 2084 480 2117 10.
525 2080 649 2114 Scribe
671 2077 895 2117 Λικινιανός.

254 2129 295 2164 Ρ.
318 2130 398 2169 322,
421 2130 455 2163 2.
502 2124 671 2167 οἰνόκρεα
705 2136 780 2158 cum
814 2122 1002 2166 ξυλὲλαιον
1038 2131 1073 2165 p.
1096 2116 1175 2162 437,
1202 2118 1256 2153 17.
1291 2121 1327 2151 et
1349 2114 1513 2150 similibus
1536 2114 1711 2157 comparat

345 2174 505 2209 Reiskius
528 2172 574 2207 ad
597 2169 856 2206 Constantinum
880 2180 916 2212 p.
940 2167 1021 2203 502.
1045 2165 1100 2201 ed.
1122 2165 1228 2199 Bonn.
1628 2201 1637 2210 ·

253 2222 295 2256 P.
316 2222 397 2261 829,
424 2222 477 2256 16.
524 2217 787 2253 Annotationem
819 2212 1010 2248 Chilmeadi
1041 2211 1131 2245 inter
1164 2210 1273 2255 ipsius
1305 2204 1540 2242 annotationes
1562 2207 1710 2248 posltam

254 2314 296 2351 P.
319 2266 482 2351 327eiei2.
526 2307 636 2354 Fugit
666 2319 718 2342 me
741 2315 876 2341 monere
899 2303 954 2336 hic
972 2313 1114 2347 ¹quoque
1137 2276 1277 2341 πόλεοος
1299 2299 1336 2334 in
1357 2292 1615 2343 μητροπόλεως
1637 2304 1710 2328 mu-

344 2359 483 2393 tandum
506 2367 594 2398 esse,
619 2359 656 2387 ut
680 2352 752 2387 dixi
775 2362 855 2397 pag.
880 2360 955 2393 seq.

252 2407 293 2442 P.
315 2405 395 2446 362,
424 2407 455 2439 1.
502 2400 677 2447 ἐχόλεσεν]
700 2398 824 2433 Scribe
845 2394 1017 2442 ἐχόλησεν
1041 2403 1116 2427 cum
1140 2389 1347 2426 Chilmeado.

251 2452 295 2486 P.
318 2452 400 2492 368,
423 2452 456 2486 7.
504 2448 590 2482 Dele
619 2446 693 2480 καί.

252 2499 292 2531 P.
316 2499 396 2539 390,
424 2498 476 2531 17.
522 2495 587 2537 τῆς
610 2489 812 2535 ἐκκλησίας]
839 2485 917 2520 Vid.
941 2482 1101 2518 Reiskius
1126 2483 1169 2516 ad
1194 2479 1408 2516 constantin.
1432 2489 1468 2522 p.
1493 2475 1573 2512 862.

252 2545 293 2577 P.
317 2543 398 2583 395,
421 2544 455 2578 9.
503 2536 793 2582 ἅργυροπρατία]
819 2530 1113 2577 ἄργυροπρατεῖα
1136 2528 1347 2562 scribendum
1371 2523 1517 2558 videtur.

252 2590 295 2623 P.
318 2587 398 2631 410,
427 2591 479 2623 lo.
522 2583 685 2629 Ἀνδρέα]
711 2582 797 2615 Vide
821 2577 995 2612 Reiskium
1018 2574 1062 2608 ad
1086 2574 1264 2608 Constant.
1289 2583 1323 2617 p.
1347 2567 1426 2606 624.

251 2636 292 2669 P.
317 2634 395 2675 457,
423 2637 452 2668 1.
499 2630 602 2676 παραὶ
629 2632 780 2664 sortasse
807 2621 1074 2674 expungendum..
1158 2664 1167 2673 ο

251 2680 294 2714 P.
318 2681 399 2721 459,
423 2680 455 2713 6.
503 2676 610 2722 κατὰ]
636 2677 712 2709 Hoc
735 2682 873 2718 quoque
894 2666 986 2713 μετὰ
1008 2675 1212 2721 scripserim.
1435 2669 1440 2674 ·

175 2750 178 2760 .
250 2727 291 2760 Ρ.
317 2725 396 2768 466,
420 2727 455 2761 5.
481 2727 513 2759 8.
562 2718 754 2767 διορυγήν]
779 2718 880 2751 Immo
904 2717 1098 2757 διωρυγην.
1117 2754 1124 2766 Ι
1147 2709 1248 2745 Conf.
1272 2708 1317 2743 ad
1340 2719 1374 2754 p.
1390 2708 1479 2763 ἱ330,
1502 2706 1560 2761 111.

256 2773 298 2806 P.
322 2772 403 2814 493,
426 2773 460 2807 3.
507 2770 629 2805 Scribe
651 2766 690 2804 ἐν
713 2766 763 2810 τῷ
785 2762 953 2807 παλαι-ίῳ
978 2758 1017 2796 ἐν
1041 2758 1184 2802 ἕσπερα.
1230 2755 1268 2791 οἱ
1291 2751 1332 2790 δὲ
1357 2765 1424 2799 την
1447 2757 1589 2795 σκεψιν.

242 1576 284 1655 *02¹⁶
243 1300 287 1518 Γῦῖῦῖτῗθῖΰ
