<?xml version="1.0" encoding="UTF-8"?>
<!DOCTYPE html PUBLIC "-//W3C//DTD XHTML 1.0 Transitional//EN"
    "http://www.w3.org/TR/xhtml1/DTD/xhtml1-transitional.dtd">
<html xmlns="http://www.w3.org/1999/xhtml" xml:lang="en" lang="en">
 <head>
  <title>
</title>
<meta http-equiv="Content-Type" content="text/html;charset=utf-8" />
  <meta name='ocr-system' content='tesseract 3.04.00' />
  <meta name='ocr-capabilities' content='ocr_page ocr_carea ocr_par ocr_line ocrx_word'/>
</head>
<body>
  <div class='ocr_page' id='page_1' title='image "./corpusscriptorum28niebuoft_0177.png"; bbox 0 0 1838 3230; ppageno 0'>
   <div class='ocr_carea' id='block_1_1' title="bbox 442 168 1594 220">
    <p class='ocr_par' dir='ltr' id='par_1_1' title="bbox 442 168 1594 220">
     <span class='ocr_line' id='line_1_1' title="bbox 442 168 1594 220; baseline -0.01 -1"><span class='ocrx_word' id='word_1_1' title='bbox 442 169 1061 219; x_wconf 85' lang='lat' dir='ltr'><strong>CHRONOGRAPHIA.</strong></span> <span class='ocrx_word' id='word_1_2' title='bbox 1119 168 1168 211; x_wconf 88' lang='lat' dir='ltr'><strong>L.</strong></span> <span class='ocrx_word' id='word_1_3' title='bbox 1201 168 1254 212; x_wconf 86' lang='lat' dir='ltr'><strong>v.</strong></span> <span class='ocrx_word' id='word_1_4' title='bbox 1529 170 1594 220; x_wconf 86' lang='lat'><strong>95</strong></span> 
     </span>
    </p>
   </div>
   <div class='ocr_carea' id='block_1_2' title="bbox 52 286 1742 1802">
    <p class='ocr_par' dir='ltr' id='par_1_2' title="bbox 52 286 1742 1802">
     <span class='ocr_line' id='line_1_2' title="bbox 113 286 1645 353; baseline -0.007 -12"><span class='ocrx_word' id='word_1_5' title='bbox 113 295 278 353; x_wconf 71' lang='grc' dir='ltr'><strong><em>Ἑλένην</em></strong></span> <span class='ocrx_word' id='word_1_6' title='bbox 309 298 525 340; x_wconf 76' lang='grc' dir='ltr'><strong><em>κατελθεῖν</em></strong></span> <span class='ocrx_word' id='word_1_7' title='bbox 557 293 599 337; x_wconf 75' lang='grc' dir='ltr'><strong>ἓν</strong></span> <span class='ocrx_word' id='word_1_8' title='bbox 618 296 678 352; x_wconf 75' lang='grc' dir='ltr'><strong><em>τῷ</em></strong></span> <span class='ocrx_word' id='word_1_9' title='bbox 710 292 947 351; x_wconf 77' lang='grc' dir='ltr'><strong><em>παραδείσῳ</em></strong></span> <span class='ocrx_word' id='word_1_10' title='bbox 979 294 1054 334; x_wconf 83' lang='grc' dir='ltr'><strong><em>τοῦ</em></strong></span> <span class='ocrx_word' id='word_1_11' title='bbox 1083 288 1286 333; x_wconf 84' lang='grc' dir='ltr'><strong><em>παλατίου</em></strong></span> <span class='ocrx_word' id='word_1_12' title='bbox 1313 286 1442 344; x_wconf 78' lang='grc' dir='ltr'><strong><em>αὐτῆς</em></strong></span> <span class='ocrx_word' id='word_1_13' title='bbox 1469 289 1526 340; x_wconf 77' lang='grc' dir='ltr'><strong>εἷς</strong></span> <span class='ocrx_word' id='word_1_14' title='bbox 1543 289 1592 332; x_wconf 79' lang='grc' dir='ltr'><strong><em>τὸ</em></strong></span> <span class='ocrx_word' id='word_1_15' title='bbox 1615 302 1645 337; x_wconf 84' lang='grc' dir='ltr'><strong>Β</strong></span> 
     </span>
     <span class='ocr_line' id='line_1_3' title="bbox 117 355 1594 423; baseline -0.005 -14"><span class='ocrx_word' id='word_1_16' title='bbox 117 367 373 423; x_wconf 80' lang='grc' dir='ltr'><strong><em>ἔωρισθῆναι</em></strong></span> <span class='ocrx_word' id='word_1_17' title='bbox 398 363 505 419; x_wconf 78' lang='grc' dir='ltr'><strong><em>μετὰ</em></strong></span> <span class='ocrx_word' id='word_1_18' title='bbox 533 367 608 418; x_wconf 84' lang='grc' dir='ltr'><strong>τῆς</strong></span> <span class='ocrx_word' id='word_1_19' title='bbox 633 362 810 419; x_wconf 75' lang='grc' dir='ltr'><strong><em>Αἴθρας</em></strong></span> <span class='ocrx_word' id='word_1_20' title='bbox 838 365 913 417; x_wconf 80' lang='grc' dir='ltr'><strong>τῆς</strong></span> <span class='ocrx_word' id='word_1_21' title='bbox 942 360 1173 416; x_wconf 77' lang='grc' dir='ltr'><strong><em>συγγενίδος</em></strong></span> <span class='ocrx_word' id='word_1_22' title='bbox 1198 362 1274 402; x_wconf 78' lang='grc' dir='ltr'><strong><em>τοῦ</em></strong></span> <span class='ocrx_word' id='word_1_23' title='bbox 1304 355 1524 402; x_wconf 78' lang='grc' dir='ltr'><em>Μενελάου</em></span> <span class='ocrx_word' id='word_1_24' title='bbox 1550 360 1594 401; x_wconf 72' lang='grc' dir='ltr'><strong>ἐκ</strong></span> 
     </span>
     <span class='ocr_line' id='line_1_4' title="bbox 117 424 1591 489; baseline -0.005 -10"><span class='ocrx_word' id='word_1_25' title='bbox 117 435 311 486; x_wconf 79' lang='grc' dir='ltr'><strong><em>Πέλοπος</em></strong></span> <span class='ocrx_word' id='word_1_26' title='bbox 341 435 410 478; x_wconf 77' lang='grc' dir='ltr'><strong>καὶ</strong></span> <span class='ocrx_word' id='word_1_27' title='bbox 437 435 514 489; x_wconf 82' lang='grc' dir='ltr'><strong>τῆς</strong></span> <span class='ocrx_word' id='word_1_28' title='bbox 543 428 919 488; x_wconf 77' lang='grc' dir='ltr'><strong><em>Κλυταιμνήστρας</em></strong></span> <span class='ocrx_word' id='word_1_29' title='bbox 939 431 982 472; x_wconf 71' lang='grc' dir='ltr'><strong>ἐκ</strong></span> <span class='ocrx_word' id='word_1_30' title='bbox 1009 429 1149 486; x_wconf 77' lang='grc' dir='ltr'><strong><em>γένους</em></strong></span> <span class='ocrx_word' id='word_1_31' title='bbox 1174 431 1249 484; x_wconf 81' lang='grc' dir='ltr'><strong>τῆς</strong></span> <span class='ocrx_word' id='word_1_32' title='bbox 1279 424 1497 484; x_wconf 78' lang='grc' dir='ltr'><strong><em>Εὐρώπης.</em></strong></span> <span class='ocrx_word' id='word_1_33' title='bbox 1570 425 1591 471; x_wconf 85' lang='grc' dir='ltr'>ὅ</span> 
     </span>
     <span class='ocr_line' id='line_1_5' title="bbox 118 497 1592 561; baseline -0.007 -13"><span class='ocrx_word' id='word_1_34' title='bbox 118 505 164 548; x_wconf 74' lang='grc' dir='ltr'><strong>δὲ</strong></span> <span class='ocrx_word' id='word_1_35' title='bbox 191 501 329 561; x_wconf 78' lang='grc' dir='ltr'><strong><em>Πάρις</em></strong></span> <span class='ocrx_word' id='word_1_36' title='bbox 357 498 611 558; x_wconf 75' lang='grc' dir='ltr'><strong><em>παρακύψας</em></strong></span> <span class='ocrx_word' id='word_1_37' title='bbox 642 502 698 551; x_wconf 79' lang='grc' dir='ltr'><strong>εἷς</strong></span> <span class='ocrx_word' id='word_1_38' title='bbox 735 500 808 543; x_wconf 84' lang='grc' dir='ltr'><strong>τὸν</strong></span> <span class='ocrx_word' id='word_1_39' title='bbox 834 497 1084 557; x_wconf 75' lang='grc' dir='ltr'><strong><em>παράδεισον</em></strong></span> <span class='ocrx_word' id='word_1_40' title='bbox 1118 498 1186 540; x_wconf 82' lang='grc' dir='ltr'><strong>καὶ</strong></span> <span class='ocrx_word' id='word_1_41' title='bbox 1213 497 1502 555; x_wconf 71' lang='grc' dir='ltr'><strong><em>προσεσχηκώς</em></strong></span> <span class='ocrx_word' id='word_1_42' title='bbox 1532 501 1592 555; x_wconf 75' lang='grc' dir='ltr'><strong><em>τῷ</em></strong></span> 
     </span>
     <span class='ocr_line' id='line_1_6' title="bbox 81 566 1592 628; baseline -0.007 -10"><span class='ocrx_word' id='word_1_43' title='bbox 81 570 254 618; x_wconf 78' lang='grc' dir='ltr'><strong><em>ὅκάλλει</em></strong></span> <span class='ocrx_word' id='word_1_44' title='bbox 272 576 348 628; x_wconf 84' lang='grc' dir='ltr'><strong>τῆς</strong></span> <span class='ocrx_word' id='word_1_45' title='bbox 371 569 533 627; x_wconf 86' lang='grc' dir='ltr'><strong><em>Ἑλένης</em></strong></span> <span class='ocrx_word' id='word_1_46' title='bbox 551 571 619 612; x_wconf 76' lang='grc' dir='ltr'><strong>καὶ</strong></span> <span class='ocrx_word' id='word_1_47' title='bbox 638 569 714 625; x_wconf 86' lang='grc' dir='ltr'><strong>τὴν</strong></span> <span class='ocrx_word' id='word_1_48' title='bbox 733 566 929 624; x_wconf 70' lang='grc' dir='ltr'><strong><em>νεότητα,</em></strong></span> <span class='ocrx_word' id='word_1_49' title='bbox 965 569 1140 623; x_wconf 77' lang='grc' dir='ltr'><strong><em>βληθεὶς</em></strong></span> <span class='ocrx_word' id='word_1_50' title='bbox 1157 566 1276 623; x_wconf 63' lang='grc' dir='ltr'><strong><em>ἔρωτι</em></strong></span> <span class='ocrx_word' id='word_1_51' title='bbox 1300 568 1357 616; x_wconf 79' lang='grc' dir='ltr'><strong>εἷς</strong></span> <span class='ocrx_word' id='word_1_52' title='bbox 1377 566 1506 622; x_wconf 78' lang='grc' dir='ltr'><strong><em>αὐτὴν</em></strong></span> <span class='ocrx_word' id='word_1_53' title='bbox 1524 568 1592 609; x_wconf 83' lang='grc' dir='ltr'><strong>καὶ</strong></span> 
     </span>
     <span class='ocr_line' id='line_1_7' title="bbox 117 635 1742 698; baseline -0.003 -13"><span class='ocrx_word' id='word_1_54' title='bbox 117 641 187 685; x_wconf 75' lang='grc' dir='ltr'><strong>διὰ</strong></span> <span class='ocrx_word' id='word_1_55' title='bbox 206 645 282 698; x_wconf 83' lang='grc' dir='ltr'><strong>τῆς</strong></span> <span class='ocrx_word' id='word_1_56' title='bbox 299 641 476 698; x_wconf 72' lang='grc' dir='ltr'><strong><em>Αἴθρας</em></strong></span> <span class='ocrx_word' id='word_1_57' title='bbox 495 643 570 695; x_wconf 85' lang='grc' dir='ltr'><strong>τῆς</strong></span> <span class='ocrx_word' id='word_1_58' title='bbox 590 640 821 695; x_wconf 71' lang='grc' dir='ltr'><strong><em>συγγενίδος</em></strong></span> <span class='ocrx_word' id='word_1_59' title='bbox 843 635 1060 681; x_wconf 76' lang='grc' dir='ltr'><em>Μενελάου</em></span> <span class='ocrx_word' id='word_1_60' title='bbox 1083 641 1157 691; x_wconf 77' lang='grc' dir='ltr'><strong>τῆς</strong></span> <span class='ocrx_word' id='word_1_61' title='bbox 1178 637 1413 685; x_wconf 78' lang='grc' dir='ltr'><strong><em>Πελοπίδος</em></strong></span> <span class='ocrx_word' id='word_1_62' title='bbox 1431 637 1499 678; x_wconf 85' lang='grc' dir='ltr'><strong>καὶ</strong></span> <span class='ocrx_word' id='word_1_63' title='bbox 1519 640 1592 691; x_wconf 78' lang='grc' dir='ltr'><strong>τῆς</strong></span> <span class='ocrx_word' id='word_1_64' title='bbox 1617 646 1650 680; x_wconf 95' lang='lat' dir='ltr'>O</span> <span class='ocrx_word' id='word_1_65' title='bbox 1677 648 1742 683; x_wconf 82' lang='lat'><strong>119</strong></span> 
     </span>
     <span class='ocr_line' id='line_1_8' title="bbox 115 702 1593 766; baseline -0.005 -12"><span class='ocrx_word' id='word_1_66' title='bbox 115 707 492 766; x_wconf 82' lang='grc' dir='ltr'><strong><em>Κλυταιμνήστρας</em></strong></span> <span class='ocrx_word' id='word_1_67' title='bbox 511 709 554 751; x_wconf 77' lang='grc' dir='ltr'><strong>ἐκ</strong></span> <span class='ocrx_word' id='word_1_68' title='bbox 571 707 712 763; x_wconf 78' lang='grc' dir='ltr'><em>γένους</em></span> <span class='ocrx_word' id='word_1_69' title='bbox 733 712 808 763; x_wconf 75' lang='grc' dir='ltr'><strong>τῆς</strong></span> <span class='ocrx_word' id='word_1_70' title='bbox 830 704 1035 763; x_wconf 80' lang='grc' dir='ltr'><strong><em>Εὐρώπης</em></strong></span> <span class='ocrx_word' id='word_1_71' title='bbox 1062 703 1353 754; x_wconf 82' lang='grc' dir='ltr'><strong><em>ὖπονοθεύσας</em></strong></span> <span class='ocrx_word' id='word_1_72' title='bbox 1384 704 1460 761; x_wconf 83' lang='grc' dir='ltr'><strong>τὴν</strong></span> <span class='ocrx_word' id='word_1_73' title='bbox 1481 702 1593 747; x_wconf 73' lang='grc' dir='ltr'><strong><em>Ἐλέ-</em></strong></span> 
     </span>
     <span class='ocr_line' id='line_1_9' title="bbox 116 772 1592 835; baseline -0.005 -12"><span class='ocrx_word' id='word_1_74' title='bbox 116 797 214 835; x_wconf 86' lang='grc' dir='ltr'><strong><em>νην,</em></strong></span> <span class='ocrx_word' id='word_1_75' title='bbox 250 778 395 832; x_wconf 72' lang='grc' dir='ltr'><strong><em>ἔλαβεν</em></strong></span> <span class='ocrx_word' id='word_1_76' title='bbox 427 776 556 833; x_wconf 81' lang='grc' dir='ltr'><strong><em>αὐτὴν</em></strong></span> <span class='ocrx_word' id='word_1_77' title='bbox 585 779 652 819; x_wconf 81' lang='grc' dir='ltr'><strong>καὶ</strong></span> <span class='ocrx_word' id='word_1_78' title='bbox 682 776 803 834; x_wconf 71' lang='grc' dir='ltr'><strong><em>ἔφυγε</em></strong></span> <span class='ocrx_word' id='word_1_79' title='bbox 839 776 907 818; x_wconf 75' lang='grc' dir='ltr'><strong>διὰ</strong></span> <span class='ocrx_word' id='word_1_80' title='bbox 927 780 1010 818; x_wconf 84' lang='grc' dir='ltr'><strong>τῶν</strong></span> <span class='ocrx_word' id='word_1_81' title='bbox 1033 773 1109 830; x_wconf 75' lang='grc' dir='ltr'><strong><em>εἶχε</em></strong></span> <span class='ocrx_word' id='word_1_82' title='bbox 1127 774 1224 830; x_wconf 82' lang='grc' dir='ltr'><strong><em>μεθ’</em></strong></span> <span class='ocrx_word' id='word_1_83' title='bbox 1249 772 1407 817; x_wconf 66' lang='grc' dir='ltr'><strong><em>ἑαυτοῦ</em></strong></span> <span class='ocrx_word' id='word_1_84' title='bbox 1437 775 1592 817; x_wconf 81' lang='grc' dir='ltr'><em>πλοίων</em></span> 
     </span>
     <span class='ocr_line' id='line_1_10' title="bbox 115 841 1589 904; baseline -0.003 -12"><span class='ocrx_word' id='word_1_85' title='bbox 115 849 160 892; x_wconf 72' lang='grc' dir='ltr'><strong>ἐκ</strong></span> <span class='ocrx_word' id='word_1_86' title='bbox 189 852 264 904; x_wconf 82' lang='grc' dir='ltr'><strong>τῆς</strong></span> <span class='ocrx_word' id='word_1_87' title='bbox 295 848 449 904; x_wconf 86' lang='grc' dir='ltr'><strong><em>Τροίης</em></strong></span> <span class='ocrx_word' id='word_1_88' title='bbox 478 845 584 900; x_wconf 78' lang='grc' dir='ltr'><strong><em>μετὰ</em></strong></span> <span class='ocrx_word' id='word_1_89' title='bbox 611 843 838 902; x_wconf 82' lang='grc' dir='ltr'><strong><em>χρημάτων</em></strong></span> <span class='ocrx_word' id='word_1_90' title='bbox 865 848 1014 902; x_wconf 83' lang='grc' dir='ltr'><strong><em>λιτρῶν</em></strong></span> <span class='ocrx_word' id='word_1_91' title='bbox 1054 845 1299 902; x_wconf 87' lang='grc' dir='ltr'><strong><em>τριακοσίων</em></strong></span> <span class='ocrx_word' id='word_1_92' title='bbox 1332 844 1400 886; x_wconf 80' lang='grc' dir='ltr'><strong>καὶ</strong></span> <span class='ocrx_word' id='word_1_93' title='bbox 1431 841 1589 898; x_wconf 85' lang='grc' dir='ltr'><strong><em>κόσμου</em></strong></span> 
     </span>
     <span class='ocr_line' id='line_1_11' title="bbox 59 912 1591 970; baseline -0.005 -8"><span class='ocrx_word' id='word_1_94' title='bbox 59 921 271 963; x_wconf 85' lang='grc' dir='ltr'><strong><em>1οπολλοῦ</em></strong></span> <span class='ocrx_word' id='word_1_95' title='bbox 300 915 527 970; x_wconf 85' lang='grc' dir='ltr'><strong><em>πολυτίμου</em></strong></span> <span class='ocrx_word' id='word_1_96' title='bbox 563 916 631 957; x_wconf 82' lang='grc' dir='ltr'><strong>καὶ</strong></span> <span class='ocrx_word' id='word_1_97' title='bbox 663 912 843 970; x_wconf 75' lang='grc' dir='ltr'><strong><em>ἀργύρου</em></strong></span> <span class='ocrx_word' id='word_1_98' title='bbox 875 912 962 968; x_wconf 78' lang='grc' dir='ltr'><strong>ἅμα</strong></span> <span class='ocrx_word' id='word_1_99' title='bbox 991 917 1066 969; x_wconf 80' lang='grc' dir='ltr'><strong>τῆς</strong></span> <span class='ocrx_word' id='word_1_100' title='bbox 1087 913 1262 970; x_wconf 74' lang='grc' dir='ltr'><strong><em>Αἴθρας</em></strong></span> <span class='ocrx_word' id='word_1_101' title='bbox 1282 916 1356 967; x_wconf 85' lang='grc' dir='ltr'><strong>τῆς</strong></span> <span class='ocrx_word' id='word_1_102' title='bbox 1379 913 1423 955; x_wconf 74' lang='grc' dir='ltr'><strong>ἐκ</strong></span> <span class='ocrx_word' id='word_1_103' title='bbox 1451 913 1591 969; x_wconf 68' lang='grc' dir='ltr'><strong><em>γένους</em></strong></span> 
     </span>
     <span class='ocr_line' id='line_1_12' title="bbox 113 979 1589 1040; baseline -0.004 -10"><span class='ocrx_word' id='word_1_104' title='bbox 113 990 188 1030; x_wconf 82' lang='grc' dir='ltr'><strong><em>τοῦ</em></strong></span> <span class='ocrx_word' id='word_1_105' title='bbox 219 985 414 1034; x_wconf 86' lang='grc' dir='ltr'><strong><em>Πέλοπος</em></strong></span> <span class='ocrx_word' id='word_1_106' title='bbox 445 985 513 1026; x_wconf 80' lang='grc' dir='ltr'><strong>καὶ</strong></span> <span class='ocrx_word' id='word_1_107' title='bbox 543 987 620 1038; x_wconf 80' lang='grc' dir='ltr'><strong>τῆς</strong></span> <span class='ocrx_word' id='word_1_108' title='bbox 647 981 1024 1040; x_wconf 84' lang='grc' dir='ltr'><strong><em>Κλυταιμνήστρας</em></strong></span> <span class='ocrx_word' id='word_1_109' title='bbox 1050 986 1126 1038; x_wconf 82' lang='grc' dir='ltr'><strong>τῆς</strong></span> <span class='ocrx_word' id='word_1_110' title='bbox 1151 983 1195 1024; x_wconf 77' lang='grc' dir='ltr'><strong>ἐκ</strong></span> <span class='ocrx_word' id='word_1_111' title='bbox 1216 981 1357 1038; x_wconf 79' lang='grc' dir='ltr'><strong><em>γένους</em></strong></span> <span class='ocrx_word' id='word_1_112' title='bbox 1384 979 1589 1038; x_wconf 78' lang='grc' dir='ltr'><strong><em>Εὐρώπης</em></strong></span> 
     </span>
     <span class='ocr_line' id='line_1_13' title="bbox 112 1050 1645 1110; baseline -0.004 -12"><span class='ocrx_word' id='word_1_113' title='bbox 112 1055 180 1098; x_wconf 80' lang='grc' dir='ltr'><strong>καὶ</strong></span> <span class='ocrx_word' id='word_1_114' title='bbox 217 1052 246 1098; x_wconf 80' lang='grc' dir='ltr'><strong>ε’</strong></span> <span class='ocrx_word' id='word_1_115' title='bbox 283 1055 484 1097; x_wconf 76' lang='grc' dir='ltr'><strong><em>ὃουλίὸων</em></strong></span> <span class='ocrx_word' id='word_1_116' title='bbox 525 1053 873 1110; x_wconf 80' lang='grc' dir='ltr'><strong><em>κουβικουλαρίων</em></strong></span> <span class='ocrx_word' id='word_1_117' title='bbox 910 1052 1052 1107; x_wconf 78' lang='grc' dir='ltr'><strong><em>αὐτῆς.</em></strong></span> <span class='ocrx_word' id='word_1_118' title='bbox 1132 1052 1200 1094; x_wconf 81' lang='grc' dir='ltr'><strong>καὶ</strong></span> <span class='ocrx_word' id='word_1_119' title='bbox 1234 1050 1504 1107; x_wconf 73' lang='grc' dir='ltr'><strong><em>ἀπεπέρασεν</em></strong></span> <span class='ocrx_word' id='word_1_120' title='bbox 1534 1053 1590 1102; x_wconf 77' lang='grc' dir='ltr'><strong>εἷς</strong></span> <span class='ocrx_word' id='word_1_121' title='bbox 1613 1066 1645 1100; x_wconf 85' lang='lat'>0</span> 
     </span>
     <span class='ocr_line' id='line_1_14' title="bbox 112 1118 1589 1179; baseline -0.003 -12"><span class='ocrx_word' id='word_1_122' title='bbox 112 1123 188 1179; x_wconf 87' lang='grc' dir='ltr'><strong>τὴν</strong></span> <span class='ocrx_word' id='word_1_123' title='bbox 217 1125 408 1176; x_wconf 77' lang='grc' dir='ltr'><strong><em>Σιδῶνα,</em></strong></span> <span class='ocrx_word' id='word_1_124' title='bbox 446 1121 636 1165; x_wconf 81' lang='grc' dir='ltr'><strong><em>κάκεῖθεν</em></strong></span> <span class='ocrx_word' id='word_1_125' title='bbox 664 1121 767 1178; x_wconf 80' lang='grc' dir='ltr'><strong><em>πρὸς</em></strong></span> <span class='ocrx_word' id='word_1_126' title='bbox 795 1121 868 1164; x_wconf 86' lang='grc' dir='ltr'><strong>τὸν</strong></span> <span class='ocrx_word' id='word_1_127' title='bbox 897 1120 1100 1177; x_wconf 77' lang='grc' dir='ltr'><strong><em>Πρωτέα,</em></strong></span> <span class='ocrx_word' id='word_1_128' title='bbox 1149 1119 1324 1172; x_wconf 79' lang='grc' dir='ltr'><strong><em>βασιλέα</em></strong></span> <span class='ocrx_word' id='word_1_129' title='bbox 1353 1124 1428 1175; x_wconf 82' lang='grc' dir='ltr'><strong>τῆς</strong></span> <span class='ocrx_word' id='word_1_130' title='bbox 1452 1118 1589 1176; x_wconf 78' lang='grc' dir='ltr'><em>,Αἰγύ-</em></span> 
     </span>
     <span class='ocr_line' id='line_1_15' title="bbox 113 1187 1589 1248; baseline -0.003 -12"><span class='ocrx_word' id='word_1_131' title='bbox 113 1209 242 1246; x_wconf 82' lang='grc' dir='ltr'><strong><em>πτου,</em></strong></span> <span class='ocrx_word' id='word_1_132' title='bbox 279 1191 423 1248; x_wconf 80' lang='grc' dir='ltr'><strong><em>μηκέτι</em></strong></span> <span class='ocrx_word' id='word_1_133' title='bbox 452 1190 648 1234; x_wconf 76' lang='grc' dir='ltr'><strong><em>ἀπελθών</em></strong></span> <span class='ocrx_word' id='word_1_134' title='bbox 672 1193 728 1241; x_wconf 83' lang='grc' dir='ltr'><strong>εἷς</strong></span> <span class='ocrx_word' id='word_1_135' title='bbox 752 1190 799 1233; x_wconf 80' lang='grc' dir='ltr'><strong><em>τὸ</em></strong></span> <span class='ocrx_word' id='word_1_136' title='bbox 823 1190 930 1248; x_wconf 78' lang='grc' dir='ltr'><strong><em>ἱερὸν</em></strong></span> <span class='ocrx_word' id='word_1_137' title='bbox 950 1194 1025 1233; x_wconf 84' lang='grc' dir='ltr'><strong><em>τοῦ</em></strong></span> <span class='ocrx_word' id='word_1_138' title='bbox 1050 1187 1308 1239; x_wconf 83' lang='grc' dir='ltr'><strong><em>Ἀπόλλωνος</em></strong></span> <span class='ocrx_word' id='word_1_139' title='bbox 1327 1191 1395 1232; x_wconf 84' lang='grc' dir='ltr'><strong>καὶ</strong></span> <span class='ocrx_word' id='word_1_140' title='bbox 1414 1187 1589 1244; x_wconf 83' lang='grc' dir='ltr'><strong><em>ποιήσας</em></strong></span> 
     </span>
     <span class='ocr_line' id='line_1_16' title="bbox 57 1256 1586 1318; baseline -0.005 -10"><span class='ocrx_word' id='word_1_141' title='bbox 57 1272 103 1308; x_wconf 90' lang='grc'><strong>15</strong></span> <span class='ocrx_word' id='word_1_142' title='bbox 116 1261 190 1318; x_wconf 82' lang='grc' dir='ltr'><strong>τὴν</strong></span> <span class='ocrx_word' id='word_1_143' title='bbox 211 1262 367 1304; x_wconf 87' lang='grc' dir='ltr'><strong><em>θυσίαν</em></strong></span> <span class='ocrx_word' id='word_1_144' title='bbox 390 1261 431 1303; x_wconf 75' lang='grc' dir='ltr'><strong>ἓν</strong></span> <span class='ocrx_word' id='word_1_145' title='bbox 455 1257 631 1303; x_wconf 80' lang='grc' dir='ltr'><strong><em>Ἑλλάδι.</em></strong></span> <span class='ocrx_word' id='word_1_146' title='bbox 701 1257 990 1315; x_wconf 73' lang='grc' dir='ltr'><strong><em>μεμαθηκότες</em></strong></span> <span class='ocrx_word' id='word_1_147' title='bbox 1013 1259 1057 1301; x_wconf 75' lang='grc' dir='ltr'><strong>δὲ</strong></span> <span class='ocrx_word' id='word_1_148' title='bbox 1081 1259 1119 1301; x_wconf 76' lang='grc' dir='ltr'><strong>οἱ</strong></span> <span class='ocrx_word' id='word_1_149' title='bbox 1140 1256 1417 1316; x_wconf 78' lang='grc' dir='ltr'><strong><em>φυλάττοντες</em></strong></span> <span class='ocrx_word' id='word_1_150' title='bbox 1436 1258 1483 1302; x_wconf 85' lang='grc' dir='ltr'><strong><em>τὸ</em></strong></span> <span class='ocrx_word' id='word_1_151' title='bbox 1504 1277 1586 1301; x_wconf 87' lang='grc' dir='ltr'><strong>πα-</strong></span> 
     </span>
     <span class='ocr_line' id='line_1_17' title="bbox 111 1325 1588 1386; baseline -0.003 -12"><span class='ocrx_word' id='word_1_152' title='bbox 111 1328 253 1374; x_wconf 80' lang='grc' dir='ltr'><strong><em>λάτιον</em></strong></span> <span class='ocrx_word' id='word_1_153' title='bbox 272 1327 491 1374; x_wconf 79' lang='grc' dir='ltr'><strong><em>Μενελάου</em></strong></span> <span class='ocrx_word' id='word_1_154' title='bbox 522 1332 772 1386; x_wconf 86' lang='grc' dir='ltr'><strong><em>στρατιῶται</em></strong></span> <span class='ocrx_word' id='word_1_155' title='bbox 791 1328 867 1384; x_wconf 86' lang='grc' dir='ltr'><strong>τὴν</strong></span> <span class='ocrx_word' id='word_1_156' title='bbox 892 1333 968 1384; x_wconf 79' lang='grc' dir='ltr'><strong>τῆς</strong></span> <span class='ocrx_word' id='word_1_157' title='bbox 994 1326 1154 1384; x_wconf 88' lang='grc' dir='ltr'><strong><em>Ἑλένης</em></strong></span> <span class='ocrx_word' id='word_1_158' title='bbox 1172 1325 1332 1385; x_wconf 78' lang='grc' dir='ltr'><strong><em>φυγήν,</em></strong></span> <span class='ocrx_word' id='word_1_159' title='bbox 1376 1325 1588 1385; x_wconf 80' lang='grc' dir='ltr'><strong><em>φοβούμε-</em></strong></span> 
     </span>
     <span class='ocr_line' id='line_1_18' title="bbox 110 1395 1739 1455; baseline -0.002 -12"><span class='ocrx_word' id='word_1_160' title='bbox 110 1417 174 1444; x_wconf 91' lang='grc' dir='ltr'><strong>νοι</strong></span> <span class='ocrx_word' id='word_1_161' title='bbox 208 1399 363 1449; x_wconf 65' lang='grc' dir='ltr'><strong><em>εὐθέως</em></strong></span> <span class='ocrx_word' id='word_1_162' title='bbox 396 1398 628 1453; x_wconf 71' lang='grc' dir='ltr'><strong><em>ἐξέπεμψαν</em></strong></span> <span class='ocrx_word' id='word_1_163' title='bbox 657 1396 914 1455; x_wconf 81' lang='grc' dir='ltr'><strong><em>στρατιώτας</em></strong></span> <span class='ocrx_word' id='word_1_164' title='bbox 942 1405 1050 1455; x_wconf 80' lang='grc' dir='ltr'><strong><em>τρεῖς</em></strong></span> <span class='ocrx_word' id='word_1_165' title='bbox 1082 1399 1125 1440; x_wconf 78' lang='grc' dir='ltr'><strong>ἐκ</strong></span> <span class='ocrx_word' id='word_1_166' title='bbox 1152 1402 1228 1454; x_wconf 84' lang='grc' dir='ltr'><strong>τῆς</strong></span> <span class='ocrx_word' id='word_1_167' title='bbox 1255 1395 1413 1447; x_wconf 88' lang='grc' dir='ltr'><strong><em>πόλεως</em></strong></span> <span class='ocrx_word' id='word_1_168' title='bbox 1442 1396 1588 1454; x_wconf 80' lang='grc' dir='ltr'><strong><em>Σπάρ-</em></strong></span> <span class='ocrx_word' id='word_1_169' title='bbox 1613 1409 1644 1443; x_wconf 91' lang='lat'>0</span> <span class='ocrx_word' id='word_1_170' title='bbox 1673 1409 1739 1444; x_wconf 68' lang='lat'><strong>120</strong></span> 
     </span>
     <span class='ocr_line' id='line_1_19' title="bbox 110 1465 1587 1525; baseline -0.001 -13"><span class='ocrx_word' id='word_1_171' title='bbox 110 1486 184 1512; x_wconf 87' lang='grc' dir='ltr'><strong>του</strong></span> <span class='ocrx_word' id='word_1_172' title='bbox 206 1473 280 1524; x_wconf 79' lang='grc' dir='ltr'><strong>τῆς</strong></span> <span class='ocrx_word' id='word_1_173' title='bbox 303 1465 500 1518; x_wconf 80' lang='grc' dir='ltr'><strong><em>Ἑλλάδος</em></strong></span> <span class='ocrx_word' id='word_1_174' title='bbox 521 1468 563 1510; x_wconf 80' lang='grc' dir='ltr'><strong>ἒν</strong></span> <span class='ocrx_word' id='word_1_175' title='bbox 583 1471 634 1524; x_wconf 82' lang='grc' dir='ltr'><strong><em>τῇ</em></strong></span> <span class='ocrx_word' id='word_1_176' title='bbox 664 1470 704 1509; x_wconf 93' lang='grc' dir='ltr'><strong><em>Γ</em></strong></span> <span class='ocrx_word' id='word_1_177' title='bbox 703 1465 854 1525; x_wconf 80' lang='grc' dir='ltr'><strong><em>ορτύνῃ</em></strong></span> <span class='ocrx_word' id='word_1_178' title='bbox 876 1465 990 1511; x_wconf 89' lang='grc' dir='ltr'><strong><em>πόλει</em></strong></span> <span class='ocrx_word' id='word_1_179' title='bbox 1012 1471 1086 1523; x_wconf 81' lang='grc' dir='ltr'><strong>τῆς</strong></span> <span class='ocrx_word' id='word_1_180' title='bbox 1106 1465 1279 1523; x_wconf 88' lang='grc' dir='ltr'><strong><em>Κρήτης</em></strong></span> <span class='ocrx_word' id='word_1_181' title='bbox 1309 1466 1587 1523; x_wconf 78' lang='grc' dir='ltr'><strong><em>ἀπαγγελοῦν-</em></strong></span> 
     </span>
     <span class='ocr_line' id='line_1_20' title="bbox 110 1534 1585 1597; baseline -0.002 -16"><span class='ocrx_word' id='word_1_182' title='bbox 110 1555 187 1588; x_wconf 88' lang='grc' dir='ltr'><strong>τας</strong></span> <span class='ocrx_word' id='word_1_183' title='bbox 209 1541 268 1597; x_wconf 79' lang='grc' dir='ltr'><strong><em>τῷ</em></strong></span> <span class='ocrx_word' id='word_1_184' title='bbox 294 1534 495 1596; x_wconf 81' lang='grc' dir='ltr'><strong><em>Μενελάῳ</em></strong></span> <span class='ocrx_word' id='word_1_185' title='bbox 513 1540 681 1591; x_wconf 79' lang='grc' dir='ltr'><strong><em>βασιλεῖ</em></strong></span> <span class='ocrx_word' id='word_1_186' title='bbox 703 1536 778 1592; x_wconf 83' lang='grc' dir='ltr'><strong>τὴν</strong></span> <span class='ocrx_word' id='word_1_187' title='bbox 797 1537 952 1593; x_wconf 86' lang='grc' dir='ltr'><strong><em>κλοπὴν</em></strong></span> <span class='ocrx_word' id='word_1_188' title='bbox 970 1540 1046 1592; x_wconf 82' lang='grc' dir='ltr'><strong>τῆς</strong></span> <span class='ocrx_word' id='word_1_189' title='bbox 1069 1534 1231 1592; x_wconf 84' lang='grc' dir='ltr'><strong><em>Ἑλένης</em></strong></span> <span class='ocrx_word' id='word_1_190' title='bbox 1249 1536 1325 1591; x_wconf 85' lang='grc' dir='ltr'><strong>τὴν</strong></span> <span class='ocrx_word' id='word_1_191' title='bbox 1344 1534 1424 1578; x_wconf 71' lang='grc' dir='ltr'><strong>ὑπὸ</strong></span> <span class='ocrx_word' id='word_1_192' title='bbox 1445 1534 1585 1592; x_wconf 77' lang='grc' dir='ltr'><strong><em>Πάρι-</em></strong></span> 
     </span>
     <span class='ocr_line' id='line_1_21' title="bbox 52 1604 1586 1662; baseline -0.003 -11"><span class='ocrx_word' id='word_1_193' title='bbox 52 1609 206 1660; x_wconf 66' lang='grc' dir='ltr'><strong><em>Ξοὸος,</em></strong></span> <span class='ocrx_word' id='word_1_194' title='bbox 244 1607 312 1650; x_wconf 78' lang='grc' dir='ltr'><strong>καὶ</strong></span> <span class='ocrx_word' id='word_1_195' title='bbox 345 1604 408 1650; x_wconf 81' lang='grc' dir='ltr'><strong><em>ὅτι</em></strong></span> <span class='ocrx_word' id='word_1_196' title='bbox 434 1605 519 1660; x_wconf 78' lang='grc' dir='ltr'><strong><em>μετ’</em></strong></span> <span class='ocrx_word' id='word_1_197' title='bbox 550 1605 679 1661; x_wconf 80' lang='grc' dir='ltr'><strong><em>αὐτῆς</em></strong></span> <span class='ocrx_word' id='word_1_198' title='bbox 707 1605 827 1661; x_wconf 67' lang='grc' dir='ltr'><strong><em>ἔλαβε</em></strong></span> <span class='ocrx_word' id='word_1_199' title='bbox 858 1608 925 1649; x_wconf 78' lang='grc' dir='ltr'><strong>καὶ</strong></span> <span class='ocrx_word' id='word_1_200' title='bbox 956 1606 1032 1662; x_wconf 86' lang='grc' dir='ltr'><strong>τὴν</strong></span> <span class='ocrx_word' id='word_1_201' title='bbox 1058 1606 1235 1662; x_wconf 79' lang='grc' dir='ltr'><strong><em>Αἴθραν</em></strong></span> <span class='ocrx_word' id='word_1_202' title='bbox 1265 1605 1341 1660; x_wconf 85' lang='grc' dir='ltr'><strong>τὴν</strong></span> <span class='ocrx_word' id='word_1_203' title='bbox 1371 1607 1586 1661; x_wconf 76' lang='grc' dir='ltr'><strong><em>συγγενίδα</em></strong></span> 
     </span>
     <span class='ocr_line' id='line_1_22' title="bbox 111 1672 1586 1731; baseline -0.002 -12"><span class='ocrx_word' id='word_1_204' title='bbox 111 1675 239 1719; x_wconf 79' lang='grc' dir='ltr'><strong><em>αὐτοῦ</em></strong></span> <span class='ocrx_word' id='word_1_205' title='bbox 259 1677 326 1718; x_wconf 80' lang='grc' dir='ltr'><strong>καὶ</strong></span> <span class='ocrx_word' id='word_1_206' title='bbox 349 1679 425 1731; x_wconf 86' lang='grc' dir='ltr'><strong>τῆς</strong></span> <span class='ocrx_word' id='word_1_207' title='bbox 443 1672 832 1731; x_wconf 85' lang='grc' dir='ltr'><strong><em>Κλυταιμνήστρας.</em></strong></span> <span class='ocrx_word' id='word_1_208' title='bbox 905 1677 972 1718; x_wconf 85' lang='grc' dir='ltr'><strong>καὶ</strong></span> <span class='ocrx_word' id='word_1_209' title='bbox 993 1674 1201 1728; x_wconf 81' lang='grc' dir='ltr'><strong><em>ἆπέμεινεν</em></strong></span> <span class='ocrx_word' id='word_1_210' title='bbox 1228 1672 1410 1724; x_wconf 81' lang='grc' dir='ltr'><strong><em>ἀκούσας</em></strong></span> <span class='ocrx_word' id='word_1_211' title='bbox 1438 1672 1458 1717; x_wconf 82' lang='grc' dir='ltr'><em>ὃ</em></span> <span class='ocrx_word' id='word_1_212' title='bbox 1487 1677 1586 1717; x_wconf 87' lang='grc' dir='ltr'><strong>Με-</strong></span> 
     </span>
     <span class='ocr_line' id='line_1_23' title="bbox 109 1738 1585 1802; baseline -0.002 -14"><span class='ocrx_word' id='word_1_213' title='bbox 109 1744 254 1795; x_wconf 85' lang='grc' dir='ltr'><strong><em>νέλαος</em></strong></span> <span class='ocrx_word' id='word_1_214' title='bbox 283 1741 339 1795; x_wconf 85' lang='grc' dir='ltr'><strong><em>ὥς</em></strong></span> <span class='ocrx_word' id='word_1_215' title='bbox 364 1743 530 1800; x_wconf 67' lang='grc' dir='ltr'><strong><em>ἴξηχος·</em></strong></span> <span class='ocrx_word' id='word_1_216' title='bbox 566 1743 672 1786; x_wconf 77' lang='grc' dir='ltr'><strong><em>πολὺ</em></strong></span> <span class='ocrx_word' id='word_1_217' title='bbox 688 1744 768 1802; x_wconf 74' lang='grc' dir='ltr'><strong><em>γὰρ</em></strong></span> <span class='ocrx_word' id='word_1_218' title='bbox 798 1742 988 1800; x_wconf 71' lang='grc' dir='ltr'><strong><em>ἐλυπήθη</em></strong></span> <span class='ocrx_word' id='word_1_219' title='bbox 1011 1743 1078 1786; x_wconf 78' lang='grc' dir='ltr'><strong>διὰ</strong></span> <span class='ocrx_word' id='word_1_220' title='bbox 1109 1743 1184 1798; x_wconf 85' lang='grc' dir='ltr'><strong>τὴν</strong></span> <span class='ocrx_word' id='word_1_221' title='bbox 1204 1743 1400 1801; x_wconf 77' lang='grc' dir='ltr'><strong><em>Αἴθραν·</em></strong></span> <span class='ocrx_word' id='word_1_222' title='bbox 1436 1738 1487 1799; x_wconf 79' lang='grc' dir='ltr'><strong>ἦν</strong></span> <span class='ocrx_word' id='word_1_223' title='bbox 1506 1743 1585 1801; x_wconf 75' lang='grc' dir='ltr'><strong><em>γὰρ</em></strong></span> 
     </span>
    </p>
   </div>
   <div class='ocr_carea' id='block_1_3' title="bbox 197 1874 1581 2064">
    <p class='ocr_par' dir='ltr' id='par_1_3' title="bbox 197 1874 1581 2064">
     <span class='ocr_line' id='line_1_24' title="bbox 201 1874 1581 1922; baseline -0.001 -10"><span class='ocrx_word' id='word_1_224' title='bbox 201 1877 235 1912; x_wconf 85' lang='grc'><strong>3.</strong></span> <span class='ocrx_word' id='word_1_225' title='bbox 259 1877 294 1912; x_wconf 87' lang='grc'><strong>7.</strong></span> <span class='ocrx_word' id='word_1_226' title='bbox 319 1877 373 1912; x_wconf 89' lang='grc'><strong>11.</strong></span> <span class='ocrx_word' id='word_1_227' title='bbox 407 1876 756 1922; x_wconf 82' lang='grc' dir='ltr'><strong><em>Κλυταιμνήστρας]</em></strong></span> <span class='ocrx_word' id='word_1_228' title='bbox 792 1874 1004 1921; x_wconf 81' lang='grc' dir='ltr'><strong><em>Κλυμένης,</em></strong></span> <span class='ocrx_word' id='word_1_229' title='bbox 1038 1886 1138 1921; x_wconf 89' lang='lat' dir='ltr'><strong>quam</strong></span> <span class='ocrx_word' id='word_1_230' title='bbox 1170 1875 1270 1922; x_wconf 86' lang='lat' dir='ltr'><strong>ponit</strong></span> <span class='ocrx_word' id='word_1_231' title='bbox 1292 1875 1434 1911; x_wconf 87' lang='lat' dir='ltr'><strong>Ioannes</strong></span> <span class='ocrx_word' id='word_1_232' title='bbox 1457 1875 1581 1911; x_wconf 89' lang='lat' dir='ltr'><strong>Antio-</strong></span> 
     </span>
     <span class='ocr_line' id='line_1_25' title="bbox 200 1922 1580 1969; baseline 0 -12"><span class='ocrx_word' id='word_1_233' title='bbox 200 1924 326 1958; x_wconf 83' lang='lat' dir='ltr'><strong>chenus</strong></span> <span class='ocrx_word' id='word_1_234' title='bbox 357 1935 387 1969; x_wconf 68' lang='lat' dir='ltr'><strong>p⁴</strong></span> <span class='ocrx_word' id='word_1_235' title='bbox 426 1924 504 1960; x_wconf 88' lang='lat'>785.</span> <span class='ocrx_word' id='word_1_236' title='bbox 576 1925 740 1959; x_wconf 89' lang='lat' dir='ltr'><strong>Errorem</strong></span> <span class='ocrx_word' id='word_1_237' title='bbox 781 1935 875 1958; x_wconf 86' lang='lat' dir='ltr'><strong>suum</strong></span> <span class='ocrx_word' id='word_1_238' title='bbox 916 1922 1061 1958; x_wconf 83' lang='lat' dir='ltr'><strong>Malalas</strong></span> <span class='ocrx_word' id='word_1_239' title='bbox 1095 1922 1224 1969; x_wconf 87' lang='lat' dir='ltr'><strong>repetit</strong></span> <span class='ocrx_word' id='word_1_240' title='bbox 1252 1925 1288 1957; x_wconf 86' lang='lat' dir='ltr'><strong>et</strong></span> <span class='ocrx_word' id='word_1_241' title='bbox 1321 1926 1425 1967; x_wconf 85' lang='lat' dir='ltr'><strong>auget</strong></span> <span class='ocrx_word' id='word_1_242' title='bbox 1455 1933 1489 1957; x_wconf 77' lang='lat' dir='ltr'><strong>v·</strong></span> <span class='ocrx_word' id='word_1_243' title='bbox 1522 1924 1580 1958; x_wconf 79' lang='lat'><strong>21.</strong></span> 
     </span>
     <span class='ocr_line' id='line_1_26' title="bbox 199 1967 1580 2018; baseline -0.001 -13"><span class='ocrx_word' id='word_1_244' title='bbox 199 1970 232 2006; x_wconf 89' lang='lat'><strong>5.</strong></span> <span class='ocrx_word' id='word_1_245' title='bbox 267 1969 337 2015; x_wconf 78' lang='grc' dir='ltr'><strong>τήν</strong></span> <span class='ocrx_word' id='word_1_246' title='bbox 359 1968 539 2016; x_wconf 85' lang='grc' dir='ltr'><strong><em>νεότητα]</em></strong></span> <span class='ocrx_word' id='word_1_247' title='bbox 563 1972 610 2018; x_wconf 85' lang='grc' dir='ltr'><strong><em>τῇ</em></strong></span> <span class='ocrx_word' id='word_1_248' title='bbox 631 1970 776 2017; x_wconf 87' lang='grc' dir='ltr'><strong><em>νεότητι</em></strong></span> <span class='ocrx_word' id='word_1_249' title='bbox 799 1971 862 2006; x_wconf 83' lang='lat' dir='ltr'><strong>ch.</strong></span> <span class='ocrx_word' id='word_1_250' title='bbox 955 1971 1012 2006; x_wconf 78' lang='lat'><strong>21.</strong></span> <span class='ocrx_word' id='word_1_251' title='bbox 1046 1970 1114 2015; x_wconf 80' lang='grc' dir='ltr'><strong><em>τῆς</em></strong></span> <span class='ocrx_word' id='word_1_252' title='bbox 1136 1967 1486 2016; x_wconf 82' lang='grc' dir='ltr'><strong><em>Κλυταιμνήστρας]</em></strong></span> <span class='ocrx_word' id='word_1_253' title='bbox 1510 1969 1580 2003; x_wconf 90' lang='lat' dir='ltr'><strong>Im-</strong></span> 
     </span>
     <span class='ocr_line' id='line_1_27' title="bbox 197 2015 570 2064; baseline 0.003 -13"><span class='ocrx_word' id='word_1_254' title='bbox 197 2027 252 2052; x_wconf 88' lang='lat' dir='ltr'><strong>mo</strong></span> <span class='ocrx_word' id='word_1_255' title='bbox 271 2015 342 2063; x_wconf 83' lang='grc' dir='ltr'><strong>τήν</strong></span> <span class='ocrx_word' id='word_1_256' title='bbox 365 2017 570 2064; x_wconf 80' lang='grc' dir='ltr'><strong><em>Κλυμένην.</em></strong></span> 
     </span>
    </p>
   </div>
   <div class='ocr_carea' id='block_1_4' title="bbox 101 2130 1579 2915">
    <p class='ocr_par' dir='ltr' id='par_1_4' title="bbox 101 2130 1579 2915">
     <span class='ocr_line' id='line_1_28' title="bbox 105 2130 1576 2177; baseline -0.001 -10"><span class='ocrx_word' id='word_1_257' title='bbox 105 2131 143 2167; x_wconf 88' lang='lat' dir='ltr'><strong>in</strong></span> <span class='ocrx_word' id='word_1_258' title='bbox 165 2131 302 2168; x_wconf 82' lang='lat' dir='ltr'><strong>hortum</strong></span> <span class='ocrx_word' id='word_1_259' title='bbox 324 2132 451 2167; x_wconf 85' lang='lat' dir='ltr'><strong>Palatii</strong></span> <span class='ocrx_word' id='word_1_260' title='bbox 474 2132 525 2168; x_wconf 85' lang='lat' dir='ltr'><strong>sui</strong></span> <span class='ocrx_word' id='word_1_261' title='bbox 550 2132 780 2174; x_wconf 81' lang='lat' dir='ltr'>descendere,</span> <span class='ocrx_word' id='word_1_262' title='bbox 814 2143 888 2167; x_wconf 87' lang='lat' dir='ltr'><strong>cum</strong></span> <span class='ocrx_word' id='word_1_263' title='bbox 910 2132 1059 2175; x_wconf 81' lang='lat' dir='ltr'><strong>Aethra,</strong></span> <span class='ocrx_word' id='word_1_264' title='bbox 1096 2130 1249 2168; x_wconf 83' lang='lat' dir='ltr'>Menelai</span> <span class='ocrx_word' id='word_1_265' title='bbox 1271 2132 1419 2177; x_wconf 84' lang='lat' dir='ltr'><strong>cognata</strong></span> <span class='ocrx_word' id='word_1_266' title='bbox 1441 2142 1484 2166; x_wconf 86' lang='lat' dir='ltr'><strong>ex</strong></span> <span class='ocrx_word' id='word_1_267' title='bbox 1507 2131 1576 2165; x_wconf 90' lang='lat' dir='ltr'><strong>Pe-</strong></span> 
     </span>
     <span class='ocr_line' id='line_1_29' title="bbox 106 2177 1579 2225; baseline -0.002 -11"><span class='ocrx_word' id='word_1_268' title='bbox 106 2179 208 2225; x_wconf 79' lang='lat' dir='ltr'><strong>lope,</strong></span> <span class='ocrx_word' id='word_1_269' title='bbox 231 2183 268 2214; x_wconf 89' lang='lat' dir='ltr'><strong>et</strong></span> <span class='ocrx_word' id='word_1_270' title='bbox 295 2179 590 2224; x_wconf 80' lang='lat' dir='ltr'><strong>Clytaemnestra,</strong></span> <span class='ocrx_word' id='word_1_271' title='bbox 625 2180 668 2214; x_wconf 91' lang='lat' dir='ltr'><strong>ab</strong></span> <span class='ocrx_word' id='word_1_272' title='bbox 696 2180 838 2224; x_wconf 81' lang='lat' dir='ltr'><strong>Europa</strong></span> <span class='ocrx_word' id='word_1_273' title='bbox 862 2191 967 2224; x_wconf 87' lang='lat' dir='ltr'><strong>genus</strong></span> <span class='ocrx_word' id='word_1_274' title='bbox 990 2179 1160 2221; x_wconf 84' lang='lat' dir='ltr'>ducente,</span> <span class='ocrx_word' id='word_1_275' title='bbox 1192 2182 1231 2212; x_wconf 88' lang='lat' dir='ltr'><strong>ut</strong></span> <span class='ocrx_word' id='word_1_276' title='bbox 1254 2190 1326 2212; x_wconf 87' lang='lat' dir='ltr'><strong>sese</strong></span> <span class='ocrx_word' id='word_1_277' title='bbox 1350 2177 1399 2211; x_wconf 91' lang='lat' dir='ltr'><strong>ibi</strong></span> <span class='ocrx_word' id='word_1_278' title='bbox 1423 2178 1579 2212; x_wconf 88' lang='lat' dir='ltr'><strong>oblecta-</strong></span> 
     </span>
     <span class='ocr_line' id='line_1_30' title="bbox 106 2224 1577 2271; baseline -0.002 -11"><span class='ocrx_word' id='word_1_279' title='bbox 106 2227 172 2260; x_wconf 79' lang='lat' dir='ltr'><strong>ret.</strong></span> <span class='ocrx_word' id='word_1_280' title='bbox 220 2225 320 2260; x_wconf 85' lang='lat' dir='ltr'><strong>Paris</strong></span> <span class='ocrx_word' id='word_1_281' title='bbox 344 2229 457 2261; x_wconf 79' lang='lat' dir='ltr'><strong>autem</strong></span> <span class='ocrx_word' id='word_1_282' title='bbox 490 2226 525 2260; x_wconf 89' lang='lat' dir='ltr'><strong>in</strong></span> <span class='ocrx_word' id='word_1_283' title='bbox 549 2227 682 2261; x_wconf 87' lang='lat' dir='ltr'><strong>hortum</strong></span> <span class='ocrx_word' id='word_1_284' title='bbox 706 2227 798 2261; x_wconf 82' lang='lat' dir='ltr'><strong>forte</strong></span> <span class='ocrx_word' id='word_1_285' title='bbox 821 2225 1029 2271; x_wconf 86' lang='lat' dir='ltr'><strong>despiciens,</strong></span> <span class='ocrx_word' id='word_1_286' title='bbox 1064 2225 1228 2260; x_wconf 81' lang='lat' dir='ltr'><strong>Helenam</strong></span> <span class='ocrx_word' id='word_1_287' title='bbox 1252 2224 1362 2265; x_wconf 80' lang='lat' dir='ltr'><strong>vidit3</strong></span> <span class='ocrx_word' id='word_1_288' title='bbox 1399 2228 1435 2258; x_wconf 87' lang='lat' dir='ltr'><strong>et</strong></span> <span class='ocrx_word' id='word_1_289' title='bbox 1458 2224 1577 2258; x_wconf 86' lang='lat' dir='ltr'><strong>obser-</strong></span> 
     </span>
     <span class='ocr_line' id='line_1_31' title="bbox 105 2270 1576 2318; baseline -0.001 -13"><span class='ocrx_word' id='word_1_290' title='bbox 105 2275 191 2306; x_wconf 85' lang='lat' dir='ltr'><strong>vata</strong></span> <span class='ocrx_word' id='word_1_291' title='bbox 213 2271 322 2307; x_wconf 82' lang='lat' dir='ltr'><strong>forma</strong></span> <span class='ocrx_word' id='word_1_292' title='bbox 345 2271 439 2316; x_wconf 84' lang='lat' dir='ltr'><strong>ejus,</strong></span> <span class='ocrx_word' id='word_1_293' title='bbox 459 2273 652 2318; x_wconf 86' lang='lat' dir='ltr'><strong>juventutis</strong></span> <span class='ocrx_word' id='word_1_294' title='bbox 675 2271 783 2314; x_wconf 89' lang='lat' dir='ltr'><strong>flore,</strong></span> <span class='ocrx_word' id='word_1_295' title='bbox 808 2283 923 2307; x_wconf 88' lang='lat' dir='ltr'><strong>amore</strong></span> <span class='ocrx_word' id='word_1_296' title='bbox 947 2273 1019 2315; x_wconf 88' lang='lat' dir='ltr'><strong>ejus</strong></span> <span class='ocrx_word' id='word_1_297' title='bbox 1044 2277 1163 2318; x_wconf 86' lang='lat' dir='ltr'><strong>captus</strong></span> <span class='ocrx_word' id='word_1_298' title='bbox 1187 2274 1259 2305; x_wconf 83' lang='lat' dir='ltr'><strong>est:</strong></span> <span class='ocrx_word' id='word_1_299' title='bbox 1285 2274 1389 2316; x_wconf 87' lang='lat' dir='ltr'><strong>atque</strong></span> <span class='ocrx_word' id='word_1_300' title='bbox 1414 2270 1576 2310; x_wconf 80' lang='lat' dir='ltr'><strong>Aethrae,</strong></span> 
     </span>
     <span class='ocr_line' id='line_1_32' title="bbox 105 2315 1576 2365; baseline -0.001 -14"><span class='ocrx_word' id='word_1_301' title='bbox 105 2316 257 2352; x_wconf 78' lang='lat' dir='ltr'><strong>Menelai</strong></span> <span class='ocrx_word' id='word_1_302' title='bbox 279 2322 448 2364; x_wconf 80' lang='lat' dir='ltr'><strong>cognatae</strong></span> <span class='ocrx_word' id='word_1_303' title='bbox 470 2319 693 2365; x_wconf 83' lang='lat' dir='ltr'><strong>praedictae,</strong></span> <span class='ocrx_word' id='word_1_304' title='bbox 728 2331 795 2364; x_wconf 90' lang='lat' dir='ltr'><strong>ope</strong></span> <span class='ocrx_word' id='word_1_305' title='bbox 817 2329 916 2361; x_wconf 87' lang='lat' dir='ltr'><strong>usus,</strong></span> <span class='ocrx_word' id='word_1_306' title='bbox 950 2318 1115 2353; x_wconf 85' lang='lat' dir='ltr'><strong>Helenam</strong></span> <span class='ocrx_word' id='word_1_307' title='bbox 1140 2316 1314 2362; x_wconf 85' lang='lat' dir='ltr'><strong>corrupit:</strong></span> <span class='ocrx_word' id='word_1_308' title='bbox 1348 2319 1384 2350; x_wconf 86' lang='lat' dir='ltr'><strong>et</strong></span> <span class='ocrx_word' id='word_1_309' title='bbox 1407 2316 1491 2360; x_wconf 82' lang='lat' dir='ltr'><strong>fuga</strong></span> <span class='ocrx_word' id='word_1_310' title='bbox 1514 2315 1576 2349; x_wconf 90' lang='lat' dir='ltr'><strong>de-</strong></span> 
     </span>
     <span class='ocr_line' id='line_1_33' title="bbox 104 2361 1575 2411; baseline -0.002 -14"><span class='ocrx_word' id='word_1_311' title='bbox 104 2374 193 2398; x_wconf 83' lang='lat' dir='ltr'><strong>mum</strong></span> <span class='ocrx_word' id='word_1_312' title='bbox 223 2364 324 2398; x_wconf 84' lang='lat' dir='ltr'><strong>rebus</strong></span> <span class='ocrx_word' id='word_1_313' title='bbox 356 2364 424 2399; x_wconf 84' lang='lat' dir='ltr'><strong>suis</strong></span> <span class='ocrx_word' id='word_1_314' title='bbox 455 2365 650 2407; x_wconf 85' lang='lat' dir='ltr'><strong>consulens,</strong></span> <span class='ocrx_word' id='word_1_315' title='bbox 687 2376 877 2411; x_wconf 84' lang='lat' dir='ltr'><strong>navesque,</strong></span> <span class='ocrx_word' id='word_1_316' title='bbox 917 2376 1002 2410; x_wconf 84' lang='lat' dir='ltr'><strong>quas</strong></span> <span class='ocrx_word' id='word_1_317' title='bbox 1026 2377 1047 2398; x_wconf 91' lang='lat' dir='ltr'><strong>a</strong></span> <span class='ocrx_word' id='word_1_318' title='bbox 1080 2364 1191 2400; x_wconf 84' lang='lat' dir='ltr'><strong>Troia</strong></span> <span class='ocrx_word' id='word_1_319' title='bbox 1223 2374 1335 2398; x_wconf 89' lang='lat' dir='ltr'><strong>secum</strong></span> <span class='ocrx_word' id='word_1_320' title='bbox 1367 2361 1575 2403; x_wconf 85' lang='lat' dir='ltr'><strong>adduxerat,</strong></span> 
     </span>
     <span class='ocr_line' id='line_1_34' title="bbox 105 2407 1576 2458; baseline -0.001 -14"><span class='ocrx_word' id='word_1_321' title='bbox 105 2409 355 2452; x_wconf 78' lang='lat' dir='ltr'><strong>conscendens3</strong></span> <span class='ocrx_word' id='word_1_322' title='bbox 387 2411 513 2456; x_wconf 84' lang='lat' dir='ltr'><strong>ipsam,</strong></span> <span class='ocrx_word' id='word_1_323' title='bbox 547 2423 620 2447; x_wconf 91' lang='lat' dir='ltr'><strong>cum</strong></span> <span class='ocrx_word' id='word_1_324' title='bbox 646 2423 723 2445; x_wconf 87' lang='lat' dir='ltr'><strong>ccc.</strong></span> <span class='ocrx_word' id='word_1_325' title='bbox 759 2410 977 2458; x_wconf 83' lang='lat' dir='ltr'><strong>pecuniarum</strong></span> <span class='ocrx_word' id='word_1_326' title='bbox 1002 2410 1118 2452; x_wconf 78' lang='lat' dir='ltr'><strong>libris,</strong></span> <span class='ocrx_word' id='word_1_327' title='bbox 1150 2414 1339 2453; x_wconf 83' lang='lat' dir='ltr'><strong>ornatuque</strong></span> <span class='ocrx_word' id='word_1_328' title='bbox 1362 2407 1468 2442; x_wconf 90' lang='lat' dir='ltr'><strong>multo</strong></span> <span class='ocrx_word' id='word_1_329' title='bbox 1493 2419 1576 2453; x_wconf 89' lang='lat' dir='ltr'><strong>pre-</strong></span> 
     </span>
     <span class='ocr_line' id='line_1_35' title="bbox 105 2453 1575 2502; baseline -0.002 -12"><span class='ocrx_word' id='word_1_330' title='bbox 105 2453 214 2498; x_wconf 79' lang='lat' dir='ltr'><strong>tioso,</strong></span> <span class='ocrx_word' id='word_1_331' title='bbox 245 2459 352 2501; x_wconf 86' lang='lat' dir='ltr'><strong>atque</strong></span> <span class='ocrx_word' id='word_1_332' title='bbox 374 2462 538 2502; x_wconf 82' lang='lat' dir='ltr'><strong>argento,</strong></span> <span class='ocrx_word' id='word_1_333' title='bbox 574 2457 759 2492; x_wconf 84' lang='lat' dir='ltr'><strong>comitante</strong></span> <span class='ocrx_word' id='word_1_334' title='bbox 783 2469 856 2492; x_wconf 85' lang='lat' dir='ltr'><strong>eam</strong></span> <span class='ocrx_word' id='word_1_335' title='bbox 881 2458 1031 2499; x_wconf 78' lang='lat' dir='ltr'><strong>Aethra,</strong></span> <span class='ocrx_word' id='word_1_336' title='bbox 1055 2457 1192 2502; x_wconf 88' lang='lat' dir='ltr'><strong>Pelopis</strong></span> <span class='ocrx_word' id='word_1_337' title='bbox 1217 2460 1253 2490; x_wconf 88' lang='lat' dir='ltr'><strong>et</strong></span> <span class='ocrx_word' id='word_1_338' title='bbox 1278 2455 1575 2499; x_wconf 83' lang='lat' dir='ltr'><strong>Clytaemnestrae</strong></span> 
     </span>
     <span class='ocr_line' id='line_1_36' title="bbox 105 2499 1574 2550; baseline -0.001 -15"><span class='ocrx_word' id='word_1_339' title='bbox 105 2506 276 2546; x_wconf 73' lang='lat' dir='ltr'><strong>cognata,</strong></span> <span class='ocrx_word' id='word_1_340' title='bbox 308 2503 353 2537; x_wconf 86' lang='lat' dir='ltr'><strong>ab</strong></span> <span class='ocrx_word' id='word_1_341' title='bbox 376 2502 521 2549; x_wconf 84' lang='lat' dir='ltr'><strong>Europa</strong></span> <span class='ocrx_word' id='word_1_342' title='bbox 544 2504 709 2545; x_wconf 87' lang='lat' dir='ltr'><strong>oriunda,</strong></span> <span class='ocrx_word' id='word_1_343' title='bbox 745 2516 819 2539; x_wconf 91' lang='lat' dir='ltr'><strong>cum</strong></span> <span class='ocrx_word' id='word_1_344' title='bbox 843 2504 993 2550; x_wconf 87' lang='lat' dir='ltr'><strong>quinque</strong></span> <span class='ocrx_word' id='word_1_345' title='bbox 1017 2503 1149 2537; x_wconf 80' lang='lat' dir='ltr'><strong>ancillis</strong></span> <span class='ocrx_word' id='word_1_346' title='bbox 1172 2500 1410 2541; x_wconf 83' lang='lat' dir='ltr'><strong>cubiculariis,</strong></span> <span class='ocrx_word' id='word_1_347' title='bbox 1446 2499 1574 2534; x_wconf 83' lang='lat' dir='ltr'><strong>avexit.</strong></span> 
     </span>
     <span class='ocr_line' id='line_1_37' title="bbox 105 2545 1573 2600; baseline -0.001 -19"><span class='ocrx_word' id='word_1_348' title='bbox 105 2545 355 2600; x_wconf 59' lang='lat' dir='ltr'><strong>§aetificioque</strong></span> <span class='ocrx_word' id='word_1_349' title='bbox 391 2548 427 2583; x_wconf 86' lang='lat' dir='ltr'><strong>in</strong></span> <span class='ocrx_word' id='word_1_350' title='bbox 459 2551 608 2586; x_wconf 84' lang='lat' dir='ltr'><strong>Graecia</strong></span> <span class='ocrx_word' id='word_1_351' title='bbox 641 2550 809 2585; x_wconf 85' lang='lat' dir='ltr'><strong>destinato</strong></span> <span class='ocrx_word' id='word_1_352' title='bbox 841 2555 878 2585; x_wconf 91' lang='lat' dir='ltr'><strong>et</strong></span> <span class='ocrx_word' id='word_1_353' title='bbox 910 2549 1075 2596; x_wconf 83' lang='lat' dir='ltr'><strong>Apollinis</strong></span> <span class='ocrx_word' id='word_1_354' title='bbox 1107 2549 1234 2594; x_wconf 87' lang='lat' dir='ltr'><strong>templo</strong></span> <span class='ocrx_word' id='word_1_355' title='bbox 1267 2547 1405 2591; x_wconf 86' lang='lat' dir='ltr'><strong>insuper</strong></span> <span class='ocrx_word' id='word_1_356' title='bbox 1435 2545 1573 2587; x_wconf 84' lang='lat' dir='ltr'><strong>habitis,</strong></span> 
     </span>
     <span class='ocr_line' id='line_1_38' title="bbox 104 2591 1572 2642; baseline 0 -16"><span class='ocrx_word' id='word_1_357' title='bbox 104 2603 141 2626; x_wconf 86' lang='lat' dir='ltr'><strong>m</strong></span> <span class='ocrx_word' id='word_1_358' title='bbox 163 2592 340 2629; x_wconf 82' lang='lat' dir='ltr'><strong>adversam</strong></span> <span class='ocrx_word' id='word_1_359' title='bbox 365 2595 526 2631; x_wconf 86' lang='lat' dir='ltr'><strong>Sidonem</strong></span> <span class='ocrx_word' id='word_1_360' title='bbox 549 2595 747 2642; x_wconf 80' lang='lat' dir='ltr'><strong>navigavit3</strong></span> <span class='ocrx_word' id='word_1_361' title='bbox 773 2596 921 2641; x_wconf 88' lang='lat' dir='ltr'><strong>indeque</strong></span> <span class='ocrx_word' id='word_1_362' title='bbox 945 2597 1089 2638; x_wconf 85' lang='lat' dir='ltr'><strong>solvens,</strong></span> <span class='ocrx_word' id='word_1_363' title='bbox 1114 2594 1148 2629; x_wconf 89' lang='lat' dir='ltr'><strong>in</strong></span> <span class='ocrx_word' id='word_1_364' title='bbox 1170 2597 1365 2638; x_wconf 81' lang='lat' dir='ltr'><strong>Aegyptum</strong></span> <span class='ocrx_word' id='word_1_365' title='bbox 1387 2591 1501 2634; x_wconf 86' lang='lat' dir='ltr'><strong>venit,</strong></span> <span class='ocrx_word' id='word_1_366' title='bbox 1527 2591 1572 2626; x_wconf 87' lang='lat' dir='ltr'><strong>ad</strong></span> 
     </span>
     <span class='ocr_line' id='line_1_39' title="bbox 104 2637 1572 2687; baseline -0.001 -15"><span class='ocrx_word' id='word_1_367' title='bbox 104 2649 221 2682; x_wconf 82' lang='lat' dir='ltr'><strong>regem</strong></span> <span class='ocrx_word' id='word_1_368' title='bbox 253 2639 423 2676; x_wconf 84' lang='lat' dir='ltr'><strong>Proteum.</strong></span> <span class='ocrx_word' id='word_1_369' title='bbox 470 2642 599 2677; x_wconf 82' lang='lat' dir='ltr'><strong>Milites</strong></span> <span class='ocrx_word' id='word_1_370' title='bbox 623 2654 728 2685; x_wconf 90' lang='lat' dir='ltr'><strong>vero,</strong></span> <span class='ocrx_word' id='word_1_371' title='bbox 766 2642 917 2677; x_wconf 79' lang='lat' dir='ltr'><strong>Menelai</strong></span> <span class='ocrx_word' id='word_1_372' title='bbox 949 2641 1041 2686; x_wconf 84' lang='lat' dir='ltr'><strong>regis</strong></span> <span class='ocrx_word' id='word_1_373' title='bbox 1074 2639 1194 2687; x_wconf 82' lang='lat' dir='ltr'><strong>palatii</strong></span> <span class='ocrx_word' id='word_1_374' title='bbox 1231 2638 1408 2680; x_wconf 81' lang='lat' dir='ltr'><strong>custodes,</strong></span> <span class='ocrx_word' id='word_1_375' title='bbox 1444 2637 1503 2672; x_wconf 89' lang='lat' dir='ltr'><strong>ubi</strong></span> <span class='ocrx_word' id='word_1_376' title='bbox 1526 2637 1572 2672; x_wconf 90' lang='lat' dir='ltr'><strong>de</strong></span> 
     </span>
     <span class='ocr_line' id='line_1_40' title="bbox 105 2682 1571 2731; baseline 0.001 -14"><span class='ocrx_word' id='word_1_377' title='bbox 105 2684 261 2718; x_wconf 82' lang='lat' dir='ltr'><strong>Helenae</strong></span> <span class='ocrx_word' id='word_1_378' title='bbox 282 2686 367 2730; x_wconf 80' lang='lat' dir='ltr'><strong>fuga</strong></span> <span class='ocrx_word' id='word_1_379' title='bbox 391 2688 505 2723; x_wconf 82' lang='lat' dir='ltr'><strong>edocti</strong></span> <span class='ocrx_word' id='word_1_380' title='bbox 529 2690 686 2731; x_wconf 81' lang='lat' dir='ltr'><strong>fuerant;</strong></span> <span class='ocrx_word' id='word_1_381' title='bbox 730 2689 846 2724; x_wconf 86' lang='lat' dir='ltr'><strong>animis</strong></span> <span class='ocrx_word' id='word_1_382' title='bbox 869 2688 1096 2730; x_wconf 84' lang='lat' dir='ltr'><strong>consternati,</strong></span> <span class='ocrx_word' id='word_1_383' title='bbox 1130 2686 1202 2720; x_wconf 83' lang='lat' dir='ltr'><strong>sine</strong></span> <span class='ocrx_word' id='word_1_384' title='bbox 1226 2696 1320 2719; x_wconf 89' lang='lat' dir='ltr'><strong>mora</strong></span> <span class='ocrx_word' id='word_1_385' title='bbox 1343 2686 1413 2718; x_wconf 84' lang='lat' dir='ltr'><strong>tres</strong></span> <span class='ocrx_word' id='word_1_386' title='bbox 1434 2682 1571 2727; x_wconf 84' lang='lat' dir='ltr'><strong>milites,</strong></span> 
     </span>
     <span class='ocr_line' id='line_1_41' title="bbox 104 2729 1570 2779; baseline 0 -14"><span class='ocrx_word' id='word_1_387' title='bbox 104 2731 148 2765; x_wconf 85' lang='lat' dir='ltr'><strong>ab</strong></span> <span class='ocrx_word' id='word_1_388' title='bbox 172 2730 258 2764; x_wconf 83' lang='lat' dir='ltr'><strong>urbe</strong></span> <span class='ocrx_word' id='word_1_389' title='bbox 280 2731 428 2776; x_wconf 83' lang='lat' dir='ltr'><strong>Sparta,</strong></span> <span class='ocrx_word' id='word_1_390' title='bbox 452 2733 487 2768; x_wconf 86' lang='lat' dir='ltr'><strong>in</strong></span> <span class='ocrx_word' id='word_1_391' title='bbox 511 2735 704 2779; x_wconf 85' lang='lat' dir='ltr'><strong>Gortynam</strong></span> <span class='ocrx_word' id='word_1_392' title='bbox 729 2735 858 2770; x_wconf 87' lang='lat' dir='ltr'><strong>Cretae</strong></span> <span class='ocrx_word' id='word_1_393' title='bbox 882 2735 1040 2775; x_wconf 84' lang='lat' dir='ltr'><strong>mittunt,</strong></span> <span class='ocrx_word' id='word_1_394' title='bbox 1066 2732 1124 2777; x_wconf 89' lang='lat' dir='ltr'><strong>qui</strong></span> <span class='ocrx_word' id='word_1_395' title='bbox 1147 2730 1223 2776; x_wconf 82' lang='lat' dir='ltr'><strong>regi</strong></span> <span class='ocrx_word' id='word_1_396' title='bbox 1247 2729 1403 2764; x_wconf 84' lang='lat' dir='ltr'><strong>Menelao</strong></span> <span class='ocrx_word' id='word_1_397' title='bbox 1427 2729 1570 2765; x_wconf 87' lang='lat' dir='ltr'><strong>nuncia-</strong></span> 
     </span>
     <span class='ocr_line' id='line_1_42' title="bbox 102 2776 1569 2825; baseline 0 -15"><span class='ocrx_word' id='word_1_398' title='bbox 102 2779 200 2818; x_wconf 85' lang='lat' dir='ltr'><strong>rent,</strong></span> <span class='ocrx_word' id='word_1_399' title='bbox 232 2781 365 2822; x_wconf 80' lang='lat' dir='ltr'><strong>raptam</strong></span> <span class='ocrx_word' id='word_1_400' title='bbox 388 2790 460 2813; x_wconf 86' lang='lat' dir='ltr'><strong>esse</strong></span> <span class='ocrx_word' id='word_1_401' title='bbox 483 2791 505 2814; x_wconf 85' lang='lat' dir='ltr'><strong>a</strong></span> <span class='ocrx_word' id='word_1_402' title='bbox 528 2780 657 2815; x_wconf 86' lang='lat' dir='ltr'><strong>Paride</strong></span> <span class='ocrx_word' id='word_1_403' title='bbox 679 2781 864 2823; x_wconf 82' lang='lat' dir='ltr'><strong>Helenam3</strong></span> <span class='ocrx_word' id='word_1_404' title='bbox 900 2792 1034 2825; x_wconf 87' lang='lat' dir='ltr'><strong>unaque</strong></span> <span class='ocrx_word' id='word_1_405' title='bbox 1057 2778 1236 2812; x_wconf 83' lang='lat' dir='ltr'><strong>abductam</strong></span> <span class='ocrx_word' id='word_1_406' title='bbox 1259 2777 1440 2819; x_wconf 79' lang='lat' dir='ltr'><strong>Aethram,</strong></span> <span class='ocrx_word' id='word_1_407' title='bbox 1475 2776 1569 2821; x_wconf 83' lang='lat' dir='ltr'><strong>regis</strong></span> 
     </span>
     <span class='ocr_line' id='line_1_43' title="bbox 104 2822 1566 2871; baseline 0 -15"><span class='ocrx_word' id='word_1_408' title='bbox 104 2826 140 2857; x_wconf 89' lang='lat' dir='ltr'><strong>et</strong></span> <span class='ocrx_word' id='word_1_409' title='bbox 173 2822 464 2868; x_wconf 77' lang='lat' dir='ltr'><strong>Clytaemestrae</strong></span> <span class='ocrx_word' id='word_1_410' title='bbox 492 2832 684 2871; x_wconf 85' lang='lat' dir='ltr'><strong>cognatam.</strong></span> <span class='ocrx_word' id='word_1_411' title='bbox 729 2827 827 2862; x_wconf 84' lang='lat' dir='ltr'><strong>Haec</strong></span> <span class='ocrx_word' id='word_1_412' title='bbox 856 2827 914 2862; x_wconf 88' lang='lat' dir='ltr'><strong>ubi</strong></span> <span class='ocrx_word' id='word_1_413' title='bbox 948 2824 1079 2860; x_wconf 87' lang='lat' dir='ltr'><strong>audivit</strong></span> <span class='ocrx_word' id='word_1_414' title='bbox 1102 2823 1294 2864; x_wconf 83' lang='lat' dir='ltr'><strong>Menelaus,</strong></span> <span class='ocrx_word' id='word_1_415' title='bbox 1329 2822 1447 2858; x_wconf 81' lang='lat' dir='ltr'><strong>furore</strong></span> <span class='ocrx_word' id='word_1_416' title='bbox 1469 2822 1566 2868; x_wconf 81' lang='lat' dir='ltr'><strong>quasi</strong></span> 
     </span>
     <span class='ocr_line' id='line_1_44' title="bbox 101 2867 1566 2915; baseline -0.001 -11"><span class='ocrx_word' id='word_1_417' title='bbox 101 2867 249 2914; x_wconf 84' lang='lat' dir='ltr'><strong>quodam</strong></span> <span class='ocrx_word' id='word_1_418' title='bbox 272 2875 452 2915; x_wconf 83' lang='lat' dir='ltr'><strong>correptus</strong></span> <span class='ocrx_word' id='word_1_419' title='bbox 475 2876 542 2906; x_wconf 70' lang='lat' dir='ltr'><strong>este</strong></span> <span class='ocrx_word' id='word_1_420' title='bbox 566 2872 620 2907; x_wconf 83' lang='lat' dir='ltr'><strong>ira</strong></span> <span class='ocrx_word' id='word_1_421' title='bbox 643 2872 745 2908; x_wconf 87' lang='lat' dir='ltr'><strong>etiam</strong></span> <span class='ocrx_word' id='word_1_422' title='bbox 767 2873 804 2907; x_wconf 85' lang='lat' dir='ltr'><strong>in</strong></span> <span class='ocrx_word' id='word_1_423' title='bbox 826 2874 989 2908; x_wconf 84' lang='lat' dir='ltr'><strong>Aethram</strong></span> <span class='ocrx_word' id='word_1_424' title='bbox 1011 2869 1204 2905; x_wconf 87' lang='lat' dir='ltr'><strong>vehementi</strong></span> <span class='ocrx_word' id='word_1_425' title='bbox 1226 2872 1409 2905; x_wconf 85' lang='lat' dir='ltr'><strong>commotus</strong></span> <span class='ocrx_word' id='word_1_426' title='bbox 1432 2873 1503 2911; x_wconf 80' lang='lat' dir='ltr'><strong>est3</strong></span> <span class='ocrx_word' id='word_1_427' title='bbox 1526 2872 1566 2903; x_wconf 83' lang='lat' dir='ltr'><strong>ut</strong></span> 
     </span>
    </p>
   </div>
  </div>
 </body>
</html>
