1838 3230
306 190 404 237 634
794 183 1264 230 ANNOTATIONES.

305 298 411 337 idem
429 304 500 347 est,
520 299 639 358 >quod
661 294 815 352 ὀβολός.
854 298 1014 340 Suidas:
1043 295 1182 354 σ’βολοί
1199 300 1298 342 εἰσιν
1318 298 1368 350 ἃς
1384 303 1550 343 καλοῦσι
1567 299 1746 354 quincue·

303 355 473 406 Procop.
492 355 606 394 etiam
628 356 770 393 Arcan.
789 354 890 395 Hist.
920 353 946 397 ἃ
965 354 1009 396 δὲ
1027 356 1093 397 καὶ
1112 356 1152 405 ἒς
1169 354 1217 397 τοὶ
1235 356 1406 410 κέρματα
1422 362 1504 406 τοῖς
1521 359 1750 411 βασιλεῦσιν

305 410 523 464 εἴργασται,
554 409 604 452 οὔ
620 426 689 463 μοι
717 409 900 463 παριτέον
921 412 1055 464 οἰόμαι
1082 409 1195 453 εἶναι.
1252 417 1333 454 τῶν
1348 411 1422 467 γαρ
1444 409 1749 468 ἄργυραμοιβοόν

304 463 502 520 πρότερον
521 466 615 507 δέκα
631 466 698 507 καὶ
715 468 941 515 διακοσίους
962 464 1140 518 ὀβολοὺς,
1161 466 1231 516 οὓς
1250 466 1406 519 φὸλλεις
1425 472 1628 520 καλοῦσιν,
1646 469 1749 524 ὕπερ

304 521 397 571 ἑνός
416 526 604 575 στατῆρος
624 526 772 574 χρυσοῦ
792 525 1005 576 προΐεσθαι
1022 528 1104 572 τοῖς
1124 521 1414 576 ξυμβάλλουσιν
1435 521 1648 571 εἰωθότων,
1678 522 1749 566 αὖ·

303 577 366 618 τοὶ
393 575 693 630 ἕπιτεχνώμενοι
727 578 846 630 κέρδη
878 580 1021 629 οἰκεῖα,
1071 576 1313 632 ὀγδοήκοντα
1336 580 1403 621 καὶ
1437 578 1576 622 ἑκατόν
1603 577 1750 632 μόνους

303 632 407 686 ’ὑπὲρ
425 637 497 674 τοῦ
526 637 714 686 στατῆρος
731 635 920 675 δίδοσθαι
937 633 1030 683 τούς
1056 631 1223 688 ὀβολούς
1241 635 1511 689 διεπράξαντο.
1568 636 1665 676 Erat
1680 650 1749 676 au-

302 696 382 727 tem
403 689 523 727 Follis
543 690 617 728 ΧΠ
640 704 733 742 pars
759 691 949 741 Siliquae:
991 692 1140 742 siliqua
1159 705 1256 731 vero
1274 692 1542 739 Nomismatis‚
1571 692 1652 732 sive
1669 693 1748 731 Au-

303 746 365 784 rei
391 746 518 784 solidi
540 759 633 798 pars
661 754 720 785 est
741 747 884 786 XXIV.
938 747 1037 787 Vide
1065 747 1305 788 Scholiasten
1330 749 1485 788 Basilio.
1510 748 1648 800 Eclog.
1678 751 1745 792 23.

304 802 415 855 apud
430 803 574 841 Meurs.
601 803 641 840 in
660 816 758 841 voce
781 803 1030 855 μιλιαρίσιον.
1726 827 1729 828 ’

418 873 511 923 Pag.
541 872 638 912 401.
672 873 736 911 10.
776 867 831 922 μή
852 874 982 910 ποιεῖν
1000 885 1088 911 τινα
1106 869 1302 925 ἔγγραφον
1322 868 1612 922 κοπιδερμίας.]
1641 869 1690 908 Et
1705 870 1747 908 in

303 926 522 979 proximis,
562 923 660 978 μήτε
687 923 730 965 δὲ
761 922 856 965 αὐτὸ
880 923 923 966 τὸ
953 924 1076 979 ὄνομα
1100 931 1173 967 τοῦ
1201 926 1440 979 κοπιδέρμου
1467 922 1746 977 ὀνομάζεσθαι.

303 983 417 1021 Nova
433 996 616 1034 prorsus,
648 981 820 1032 mihique
840 982 1013 1020 inaudita
1035 989 1124 1020 sunt
1139 982 1237 1020 haec
1259 982 1474 1020 vocabula:
1507 994 1529 1019 a
1548 979 1670 1033 δέρμα
1689 987 1747 1019 ἰοε-

303 1052 406 1086 men,
438 1038 546 1090 quod
570 1039 699 1076 Cutem
716 1038 853 1088 signat,
884 1044 921 1076 et
944 1035 1062 1090 κοηῆ,
1086 1037 1234 1084 Sec1i03
1266 1035 1424 1087 Incisi0‚
1445 1037 1663 1088 composita
1684 1036 1746 1075 vi-

304 1095 469 1132 dentur:
509 1095 607 1132 adeo
641 1099 685 1131 ut
704 1095 958 1146 κοπιδερμία,
992 1092 1246 1142 Custodiam,
1276 1093 1389 1132 reddi
1413 1105 1528 1144 posse
1554 1091 1746 1131 videatur.

305 1151 501 1197 Quoniam
524 1163 618 1188 vero
639 1151 736 1199 Lege
752 1149 827 1188 hac
843 1156 1000 1188 cautum
1024 1149 1121 1197 fuit,
1152 1163 1200 1187 ne
1224 1150 1311 1200 quis
1334 1147 1455 1187 Liber
1472 1146 1590 1186 homo
1609 1146 1747 1186 Servus

298 1206 422 1254 fieret,
451 1206 617 1244 Judaeos
637 1206 847 1257 praecipue
869 1219 951 1244 eam
970 1205 1166 1256 respicere
1188 1206 1377 1243 existimo.
1433 1202 1515 1242 Hos
1532 1204 1632 1242 enim
1656 1204 1746 1241 Ser-

306 1276 378 1301 vos
398 1275 547 1311 emere,
577 1274 718 1311 eosque
740 1261 1021 1300 circumcidere
1042 1261 1311 1310 consuevisse,
1339 1260 1556 1310 colligimus
1580 1271 1631 1298 ex
1649 1259 1747 1309 Lege

306 1318 475 1369 quadam
503 1318 553 1355 de
581 1316 657 1354 hac
681 1330 725 1354 re
759 1332 780 1354 a
799 1318 1026 1355 Constantio
1056 1323 1094 1355 et
1116 1318 1326 1355 Constante
1351 1317 1476 1367 Impp.
1500 1315 1599 1364 lata,
1630 1328 1747 1366 quam

304 1374 421 1413 nobis
438 1373 596 1412 exhibet
616 1373 824 1421 Cedrenus,
847 1372 910 1410 his
930 1373 1085 1411 verbis:
1118 1369 1394 1419 Κωνστοὲντιος
1411 1369 1452 1411 δὲ
1469 1369 1537 1410 καὶ
1556 1366 1747 1418 Κώνστας

303 1428 618 1482 ἐνομοθέτησαν,
652 1429 837 1468 Ιουδαῖον
862 1426 917 1480 μή
948 1426 1140 1468 ὠνεῖσθαι
1167 1429 1334 1467 δοῦλον·
1375 1425 1459 1468 ἐπεὶ
1485 1422 1747 1478 ἄφαιρεῖσθαι

305 1483 426 1527 αὐτὸν
445 1485 501 1532 εἰς
515 1483 585 1525 τὸν
603 1480 795 1535 δημόσιον
815 1481 946 1537 λόγον.
1001 1482 1099 1524 εἰ·δὲ
1120 1483 1187 1523 καὶ
1209 1487 1426 1536 περιτεμεῖν
1448 1477 1631 1533 τολμήσει
1648 1482 1746 1521 δοῦ-

305 1547 390 1590 λον,
420 1542 527 1591 ξίφει
545 1544 815 1592 τιμωρεῖσθαι,
845 1539 912 1579 καὶ
932 1537 1005 1591 τὴν
1025 1535 1168 1579 τούτου
1188 1534 1431 1591 δημεύεσθαι
1449 1532 1602 1578 ου’σίαν.
1637 1533 1745 1575 Con-

302 1598 469 1638 stantius
485 1606 520 1634 et
544 1594 732 1635 Constans
753 1593 870 1647 legem
889 1594 1074 1645 tulerunt,
1109 1594 1168 1633 Ne
1186 1597 1271 1648 quis
1291 1593 1460 1632 Judaeus
1477 1606 1622 1630 servum
1644 1607 1746 1629 eme-

305 1664 384 1693 ret:
421 1658 602 1704 Emptum
630 1648 828 1703 publicari
853 1652 1053 1699 iusserunt.
1111 1649 1158 1688 Si
1189 1651 1277 1703 quis
1296 1646 1568 1689 circumcidere
1587 1646 1746 1686 Servum

301 1724 419 1749 ausus
449 1717 563 1756 esset,
604 1705 742 1759 gladio
757 1705 901 1761 jer-iri,
931 1716 966 1744 et
994 1706 1095 1744 bona
1128 1707 1208 1758 ejus
1230 1703 1438 1758 publicari.
1504 1703 1586 1741 Lex
1613 1703 1745 1753 itaque

300 1767 397 1814 ista,
427 1779 450 1802 a
467 1762 693 1802 Constantio
725 1769 764 1800 et
785 1763 991 1800 Constante
1018 1762 1143 1813 Impp.
1174 1761 1354 1813 primitus
1380 1761 1481 1808 lata,
1510 1758 1558 1797 ab
1580 1757 1746 1797 Anasta-

303 1823 361 1860 sio
387 1820 543 1859 tandem
567 1820 697 1858 denuo
717 1819 819 1856 forte
839 1819 1042 1870 proposita
1062 1818 1191 1856 suerit.
1359 1844 1362 1846 v

419 1891 510 1940 Pag·
529 1887 622 1928 402.
653 1888 692 1928 3.
722 1881 959 1936 ἐτυράννησε
972 1881 1203 1930 Βιταλιανὸς
1224 1881 1245 1924 ὃ
1269 1879 1412 1935 Θράξ]
1431 1880 1622 1919 Thracem
1638 1879 1746 1918 hunc

304 1943 455 1983 faciunt
473 1944 587 1980 etiam
606 1943 747 1992 Evagr.
762 1942 828 1979 lib.
840 1940 906 1982 43.
936 1940 1147 1992 Nicephor.
1164 1940 1232 1978 lib.
1247 1942 1309 1980 16.
1324 1952 1407 1989 cap.
1420 1941 1484 1980 38-
1496 1943 1534 1974 et
1550 1937 1743 1974 Zonaras:

304 2000 554 2039 Marcellinus
582 2004 711 2036 tamen
738 1998 777 2036 in
805 1996 1022 2047 Chronico,
1052 2003 1092 2035 et
1117 1994 1331 2035 Jornandes
1361 1994 1410 2033 de
1433 1995 1553 2043 Regu.
1571 1991 1744 2031 Success.

306 2055 492 2107 Scytham
515 2067 601 2092 eum
624 2055 742 2093 fuisse
762 2054 917 2092 volunt.

417 2124 517 2174 Pag.
546 2120 639 2162 402.
677 2121 714 2162 5.
756 2120 822 2160 καὶ
851 2118 1079 2170 Μυσσίαν.]
1120 2119 1204 2158 Ser.
1235 2117 1421 2157 Μυσίαν·
1462 2115 1651 2165 Evagrius
1685 2114 1743 2151 in-

308 2180 423 2218 terim
445 2175 709 2227 corrigendus,
738 2177 805 2215 lib.
825 2181 863 2218 3.
884 2190 967 2228 cap.
987 2176 1051 2217 43.
1070 2175 1137 2212 ubi
1155 2174 1297 2224 legitur
1319 2172 1385 2212 καὶ
1401 2171 1578 2211 Μυδίαν.

424 2248 517 2296 Pag.
534 2243 627 2285 402.
659 2246 723 2284 12.
755 2239 948 2294 Κύριλλος
970 2237 1312 2294 Ιουλλιρυκιανός.]
1344 2239 1459 2276 Forte
1480 2236 1743 2286 scribendum,

309 2300 334 2342 ὁ
354 2297 638 2354 Ιλλυρικιανός,
668 2296 867 2351 Illyricas,
898 2298 962 2336 vel
982 2295 1252 2347 Illyricianus‚
1283 2295 1480 2346 quomodo
1507 2294 1744 2331 recentiores

309 2358 434 2395 locuti
454 2361 556 2394 sunt.
611 2355 665 2392 lta
686 2353 874 2391 habemus
896 2353 997 2404 apud
1020 2353 1283 2390 Marcellinum
1305 2351 1344 2388 in
1367 2349 1509 2387 Chron.
1533 2348 1582 2385 ad
1601 2361 1743 2386 annum

308 2417 401 2454 499.
432 2412 591 2450 Aristus
610 2408 859 2461 Illyricianae
877 2407 1014 2447 ductor
1031 2407 1216 2447 militiae.-
1244 2413 1282 2445 et
1300 2406 1349 2444 ad
1369 2419 1432 2444 an.
1449 2405 1543 2447 530.
1574 2402 1743 2452 Mundo,

308 2468 554 2519 Illyricianae
576 2464 737 2504 militiae
759 2462 907 2513 ductor,
936 2470 1009 2503 etc.

421 2534 518 2585 Pag.
548 2534 640 2575 402.
675 2535 740 2574 19.
783 2530 1038 2583 πορταρῖων.]
1068 2526 1208 2584 πόρτα,
1238 2526 1379 2579 Por1a3
1407 2525 1499 2566 inde
1521 2522 1744 2580 πορτοὲριος,

310 2591 530 2638 Pormrius,
571 2588 638 2639 qui
659 2593 811 2638 portam
837 2585 1019 2624 custodit.

423 2649 517 2697 Pag.
548 2647 640 2686 402.
671 2647 737 2685 21.
780 2642 846 2682 καὶ
872 2641 1090 2694 παρέλαβεν
1106 2637 1177 2680 τᾶν
1195 2633 1458 2690 στρατηλάτην
1481 2635 1642 2692 Θρᾴκης
1661 2632 1744 2676 Ka-

309 2706 458 2750 ριλλον,
495 2699 560 2740 καὶ
587 2695 737 2738 ἅνεῖλεν
763 2694 922 2745 αὐτόν]
952 2695 1197 2736 Marcellinus
1226 2694 1266 2731 in
1295 2693 1508 2731 Chronico:
1556 2690 1743 2742 Cyrillum

307 2757 504 2810 loquacem
524 2757 659 2806 magis,
690 2769 805 2807 quam
825 2764 1012 2792 sirenuum
1032 2749 1174 2790 militia
1198 2749 1404 2798 ducier-em,
1435 2751 1531 2787 infer
1551 2747 1647 2786 duas
1663 2745 1743 2800 pel-

308 2812 398 2851 lices
422 2811 645 2850 Vitalianus
666 2810 798 2862 reperit
821 2808 1083 2857 dormientem,
1113 2821 1267 2860 eumque
1286 2819 1383 2844 mox
1402 2803 1634 2843 abstractum
1658 2801 1743 2842 cul-
