1838 3230
611 170 1067 217 PROLEGOMENA.
1422 194 1576 224 Lxxvn

162 267 165 270 ι
218 289 360 332 XLIII.
418 288 450 328 E
477 288 666 328 memoria
687 287 783 328 mihi
814 302 913 341 pene
932 289 1138 331 exciderat
1164 288 1274 343 quod
1300 288 1505 330 innuimus
1534 292 1577 331 in

103 355 217 397 initio
231 355 354 411 hujus
379 356 672 397 Dissertationis
683 387 694 408 ,
724 371 806 396 non
826 357 955 396 solum
973 358 1220 411 praedictum
1238 357 1352 400 Eam.
1381 357 1581 400 Chilmea-

76 426 79 428 ’
104 422 225 476 dum,
262 425 335 465 sed
373 431 414 467 et
440 424 504 466 Jo.
531 423 785 479 Gra-goriam,
827 439 944 477 quem
973 427 1094 466 modo
1122 428 1505 479 concelebravimus‚
1535 429 1579 468 in

105 490 461 547 chronographum
488 501 670 535 nostrum
707 493 950 545 diligentiam
980 501 1019 535 et
1047 497 1221 537 studium
1254 497 1471 536 collocasse
1481 511 1494 548 3
1538 502 1580 536 et

103 560 214 614 quod
242 562 336 603 alibi
364 562 448 617 ejus
486 563 531 603 in
566 562 734 604 eundem
761 561 1134 604 Animadversiones
1170 564 1577 610 commemoraverim.

101 627 188 672 Hac
208 628 382 683 denique
409 631 459 673 de
487 646 532 673 re
559 631 780 672 monendus
815 637 874 682 est
903 631 1066 683 Lector,
1099 634 1207 686 quod
1233 640 1444 686 antequam
1472 630 1578 673 Chil-

32 721 33 724 =
100 695 265 741 meudun
295 699 568 741 adomandum
603 699 683 740 hoc
718 700 830 752 Opus
857 700 899 738 in
932 714 973 739 se
1002 702 1240 754 suscepisset
1268 707 1579 755 praeparaverat

99 767 239 821 praelo
262 768 461 821 Excerpta
479 767 523 823 ¹)
553 768 745 822 quaedam
777 768 923 808 exinde
951 769 1119 809 collecta
1145 769 1317 810 Joannes
1345 770 1575 824 praedictus

104 831 316 888 Gregorius
345 834 405 891 (is
427 837 525 878 obiit
551 852 653 877 anno
681 834 903 892 MDCXLVI.)
933 837 1095 890 adjectis
1124 839 1382 891 quibusdam,
1413 851 1511 890 quas
1531 837 1574 876 in

97 902 169 942 illa
187 903 460 957 elucubravit,
488 904 922 947 Animadversionibus.
979 905 1043 944 Illi
1059 907 1134 945 soli
1157 908 1331 947 refertur
1351 913 1574 960 acceptum,

98 971 230 1024 quod,
270 986 362 1012 cum
398 981 578 1013 nostrum
613 974 826 1025 Exemplar
868 971 1214 1026 Chronographiae
1248 974 1497 1015 Malelianae
1534 981 1574 1013 et

95 1040 295 1096 principio
314 1049 353 1082 et
371 1042 448 1081 fine
477 1048 577 1082 esset
608 1042 851 1090 mutilatum,
881 1056 964 1080 esse
989 1041 1170 1083 Mulelae
1190 1050 1321 1083 tamen
1346 1043 1426 1083 hoc
1446 1044 1571 1096 Opus,

91 1107 173 1162 jam
200 1110 315 1150 nobis
341 1117 580 1164 compareat.
637 1111 725 1149 Hoc
754 1110 789 1149 ei
815 1109 1011 1149 foeliciter
1034 1118 1285 1165 compertum
1304 1119 1363 1152 est
1383 1126 1433 1152 ex
1453 1112 1576 1151 colla-

94 1175 203 1215 tione
230 1177 443 1229 fragmenti
469 1179 518 1218 de
549 1177 717 1218 Mulier-e
746 1176 1096 1229 Haemorrhousa,
1129 1181 1237 1232 quod
1258 1181 1297 1220 in
1328 1179 1516 1220 Oratione
1531 1182 1572 1223 3.

90 1259 166 1299 pro
197 1243 443 1299 Imaginibus
477 1246 542 1290 Jo.
570 1247 820 1286 Damascena
849 1246 1000 1285 tributa
1038 1261 1089 1286 ex
1124 1245 1317 1288 Chronico
1340 1246 1572 1288 Malaliano

91 1312 349 1366 producitur.
412 1316 693 1356 confirmatum
714 1323 773 1355 est
790 1316 892 1354 idem
920 1330 970 1354 ex
990 1316 1136 1355 sabulis
1157 1317 1240 1355 istis
1258 1316 1278 1341 2
1293 1318 1330 1368 )‚
1361 1331 1460 1370 quas
1479 1332 1574 1371 pro,

92 1381 172 1420 fert
192 1381 266 1420 sub
291 1384 450 1423 nomine
475 1384 538 1426 Jo.
562 1383 723 1425 Meldis
747 1383 932 1425 Chronici
954 1385 1115 1424 Tzetzes
1135 1384 1324 1425 Chiliasta
1348 1386 1390 1424 in
1414 1384 1513 1427 Chil.
1532 1387 1571 1430 5.

91 1447 201 1488 Hist.
229 1454 296 1494 29.
328 1461 365 1490 et
395 1456 462 1495 30.
533 1453 644 1502 Quae
668 1454 799 1492 omnia
832 1453 993 1506 quidem
1021 1454 1060 1491 in
1087 1453 1211 1492 hacce
1245 1453 1571 1507 Chronographia

91 1524 228 1557 nostra
254 1522 468 1561 memoriae
498 1523 791 1574 consignantur.
858 1522 928 1560 His
958 1521 1006 1560 de
1031 1522 1149 1561 rebus
1179 1522 1258 1573 agit
1291 1520 1500 1576 Gregorius
1528 1522 1570 1560 in

89 1585 408 1628 Praefatiuncula
444 1604 563 1643 quam
590 1589 1015 1630 Animaclversionibus
1044 1590 1260 1643 praemisit.
1333 1591 1390 1628 De
1417 1589 1569 1628 Autore

89 1654 188 1694 nihil
207 1656 316 1696 aliud
344 1656 474 1698 habet.
540 1660 627 1698 Hoc
654 1666 784 1698 autem
817 1659 926 1697 illius
953 1658 1354 1698 Animadversionum
1384 1658 1569 1710 Opuscu-

87 1724 173 1762 lum
201 1724 364 1764 videtur
397 1725 645 1766 Chilmeaclus
673 1728 712 1766 in
738 1727 868 1765 animo
895 1726 1104 1776 habuisse,
1143 1728 1232 1765 loco
1262 1726 1566 1778 Prolegomeno-

85 1805 198 1842 rum,
237 1807 332 1832 suae
360 1794 533 1834 Editioni
557 1797 834 1847 praemittere5
877 1809 968 1834 nam
1005 1796 1043 1834 in
1074 1796 1165 1834 loco
1194 1795 1368 1847 quodam
1402 1808 1563 1834 suarum

86 1860 403 1902 Annotationum
434 1863 484 1902 ad
519 1862 583 1903 Jo.
610 1861 788 1918 Gregorii
820 1863 867 1902 de
884 1864 1062 1903 Auctore
1087 1861 1391 1917 Prolegomena,
1423 1863 1562 1902 Lecto—

83 1942 169 1968 rem
197 1929 394 1970 amandat.
461 1931 512 1970 Et
540 1931 642 1970 idem
672 1933 832 1985 quidem
863 1932 932 1971 Rei
960 1938 1118 1970 nostrae
1143 1930 1467 1985 Typographicae
1486 1931 1561 1970 hu-

80 1994 225 2050 jusque
254 1998 451 2038 Editionis
485 1997 738 2039 curatoribus
763 1999 802 2037 in
835 2000 1042 2051 proposito
1072 2001 1244 2052 primum
1277 2006 1379 2051 erat,
1418 2013 1559 2040 verum

82 2067 242 2106 tandem
269 2080 360 2106 cum
388 2068 515 2121 Typis
544 2069 682 2108 fuisset
714 2067 893 2106 absoluta
923 2081 1014 2120 pars
1046 2082 1183 2120 magna
1214 2068 1379 2121 Operis,
1407 2069 1561 2122 placuit

80 2135 161 2175 illis
180 2138 252 2176 Me
269 2142 377 2175 tanta
395 2137 646 2189 dignatione,
678 2150 902 2189 quanquam
928 2137 1041 2188 longe
1057 2137 1464 2187 immerentissimum‚
1495 2138 1561 2177 de-

83 2216 242 2256 corare,
272 2211 318 2244 ut
346 2211 552 2258 rogarent,
590 2206 675 2244 istis
701 2206 865 2259 insuper
891 2204 1062 2255 habitis,
1092 2206 1134 2244 in
1164 2205 1357 2258 meipsum
1388 2205 1560 2259 suscipe-

127 2375 169 2420 ¹)
194 2374 234 2410 In
255 2375 350 2410 illius
373 2374 447 2410 vita
470 2387 570 2422 quam
588 2377 735 2423 Anglice
757 2375 919 2411 habemus
943 2377 1017 2422 ejus
1040 2375 1232 2422 posthumis
1253 2374 1438 2421 Opusculis
1457 2386 1557 2421 prae·

171 2433 293 2476 fixam,
324 2433 412 2468 falso
436 2433 691 2476 subindicatur,
717 2435 816 2480 Opus
839 2438 966 2476 totum,
991 2446 1064 2469 cum
1088 2433 1213 2468 Latina
1235 2433 1394 2468 versione
1417 2438 1454 2467 et
1478 2444 1559 2479 per-

171 2490 284 2538 petuis
316 2491 600 2535 Commentariis,
637 2492 680 2527 ab
714 2503 754 2527 eo
789 2492 915 2534 fuisse,
953 2496 993 2526 ut
1025 2490 1119 2537 typis
1150 2490 1463 2532 committerentur,
1499 2501 1556 2526 or-

168 2552 294 2584 natum.

125 2605 170 2651 ²)
192 2606 246 2641 De
268 2606 411 2652 Sisypho
437 2609 524 2651 Coo,
559 2607 650 2654 quod
677 2609 806 2642 Teucro
829 2607 936 2642 fuerit
961 2606 1103 2648 Scriba,
1142 2609 1178 2641 et
1201 2604 1263 2639 sub
1288 2603 1345 2639 illo
1369 2615 1443 2639 cum
1467 2604 1555 2648 mili-

169 2667 297 2706 tasset,
338 2664 383 2700 de
414 2664 484 2700 illis
516 2676 606 2711 quae
635 2665 711 2711 ipse
745 2664 900 2706 viderat,
940 2664 1058 2698 Iliada
1086 2661 1349 2707 conscripserit,
1393 2662 1555 2708 quodque

168 2724 292 2767 postea
316 2723 485 2757 Homerus
507 2734 550 2757 ex
573 2733 615 2757 ea
637 2733 731 2757 suam
755 2721 991 2763 contexuerit3
1017 2724 1053 2756 et
1077 2721 1120 2755 de
1147 2721 1245 2764 Dicty
1265 2719 1436 2763 Cretensi,
1461 2720 1551 2765 quod

166 2778 202 2813 in
234 2779 324 2814 bello
348 2779 503 2823 Trojano
537 2779 715 2814 comitatus
747 2780 793 2815 sit
815 2781 1020 2821 Idomenea,
1062 2783 1100 2812 et
1123 2777 1166 2812 de
1191 2776 1273 2812 belli
1296 2776 1406 2822 gestis
1430 2777 1551 2812 Histo-

165 2836 250 2871 riam
273 2836 515 2881 composuerit,
543 2848 642 2882 quam
666 2837 769 2872 etiam
791 2841 930 2872 secutus
951 2836 998 2871 sit
1022 2836 1201 2870 Homerus.
