1838 3230
317 173 417 224 544
808 173 1274 221 ANNOTATIONES.

316 283 411 324 Hoc
425 283 548 341 facto
568 297 780 327 commotus
797 285 1024 342 Imperator,
1055 304 1081 328 α
1101 289 1234 331 multis
1252 305 1395 344 eorum,
1423 291 1473 332 ob
1491 293 1570 332 vim
1590 291 1759 352 Prdq'e-

315 351 379 381 cto
394 357 463 381 suo
483 341 648 393 illatam,
673 359 816 397 poenas
832 346 974 396 exegit.

425 400 525 451 Pag.
558 402 649 441 183.
683 400 748 441 14.
794 397 951 452 ὀνόματι
973 402 1166 443 Μαλλίων
1197 403 1504 456 Καπιτωλῖνον]
1547 403 1686 445 Manlii
1719 412 1761 446 et

318 453 470 492 Camilli
491 461 596 504 gesta
616 463 750 494 auctor
766 455 832 494 hic
849 457 989 496 misere
1011 459 1239 499 confundit:
1270 474 1348 498 non
1367 460 1471 499 enim
1483 460 1660 511 Manlius,
1689 461 1760 501 sed

318 510 503 548 Camillus
523 511 564 547 in
591 511 723 549 Gallos
747 513 918 551 Senones
942 527 1028 552 cum
1046 517 1224 554 exercitu
1256 516 1340 554 dux
1360 517 1502 555 missus
1521 523 1591 559 est.
1647 517 1760 565 Quae

315 578 411 603 vero
432 566 616 617 deinceps
634 568 764 618 refert,
793 568 842 607 de
861 570 994 621 Regno
1020 571 1212 621 affectato,
1241 573 1465 625 senatuque
1483 578 1633 625 spreto,
1659 571 1759 613 haec

315 621 449 660 Manlii
470 627 572 660 sunt.

418 676 515 728 Pag—
548 680 646 736 1832
665 681 733 720 21.
762 679 1027 733 καταγομένου
1044 681 1086 722 ἐκ
1102 681 1240 735 γένους
1263 683 1344 724 τῶν
1361 680 1547 732 Γάλλων]
1575 683 1681 723 Infra
1704 690 1759 724 et-

315 732 391 770 iam
422 732 564 783 habet,
597 737 712 782 οὖτος
740 734 782 775 ἐκ
802 735 940 788 γένους
964 736 1044 777 ἐστὶ
1065 740 1143 778 τῶν
1169 735 1341 781 Γάλλων.
1403 740 1602 779 Cedrenus
1624 739 1757 790 habet,

315 788 359 828 ἐκ
377 791 449 828 τοῦ
468 788 610 841 μέρους
637 793 715 830 τῶν
733 787 894 831 Γάλλων
926 789 1197 846 καταγόμενος.
1236 795 1304 832 ubi
1324 796 1518 848 interpres
1538 796 1756 847 Xylander,

315 846 463 893 nescio,
493 845 639 896 inquit,
670 845 765 899 quid
784 849 834 885 sit
852 847 957 886 istud
979 846 1262 902 καταγόμενοςι
1298 851 1342 889 in
1363 865 1477 903 quern
1498 859 1627 890 tamen
1650 859 1757 891 recte

316 900 589 939 animadvertit
609 902 856 942 doctissimus
873 905 953 943 Jac.
976 906 1093 944 Goar.
1114 906 1156 943 in
1175 906 1286 944 Notis
1305 908 1386 945 suis
1402 907 1686 947 Posterioribua
1706 906 1758 946 ad

317 956 478 998 Cedren.
497 954 713 1012 κατάγομαι
732 959 834 997 enim
853 959 950 998 nihil
968 961 1075 999 aliud
1094 968 1150 999 est
1169 975 1283 1012 quam
1304 961 1502 1012 descendo,
1534 969 1574 1003 et
1591 959 1757 1016 καταγό-

315 1027 431 1064 μενος
456 1009 536 1054 nino*
565 1013 724 1066 γένους,
755 1031 779 1053 α
803 1031 938 1066 genere
958 1015 1207 1056 descendens.-
1238 1018 1345 1069 quod
1375 1033 1448 1057 nos
1464 1019 1624 1070 Anglice
1641 1020 1757 1058 etiam

313 1068 501 1118 dicimus,
531 1069 755 1108 Descendecl
772 1071 890 1126 from
910 1072 1004 1111 such,
1033 1088 1057 1110 α
1083 1071 1212 1111 Stock.
1269 1075 1394 1123 Huius
1423 1081 1550 1114 autem
1577 1075 1756 1127 exempla

313 1132 493 1162 sexcenta
514 1139 563 1163 ex
585 1124 662 1164 hoc
692 1134 826 1165 nostro
846 1129 1024 1179 proferre
1052 1129 1166 1166 licet:
1210 1130 1266 1167 uti
1291 1130 1360 1170 lib.
1383 1135 1422 1174 2.
1443 1145 1485 1182 p.
1507 1133 1569 1173 13.
1595 1130 1645 1170 de
1665 1131 1756 1170 Per-

313 1193 377 1218 seo
403 1181 549 1219 Jonitas
570 1182 721 1221 visente
750 1182 847 1221 haec
875 1183 1014 1223 habet:
1056 1181 1214 1237 γνόντες
1241 1183 1363 1227 αὐτὸν
1394 1187 1436 1226 οἱ
1457 1182 1569 1227 αὐτοὶ
1594 1190 1756 1240 Αργεῖοι

312 1238 540 1285 Ιωπολῖται,
570 1234 628 1278 ὅτι
654 1239 721 1278 καὶ
751 1234 866 1286 οὗτος
894 1240 937 1280 ἐκ
965 1243 1037 1280 τοῦ
1058 1239 1197 1293 γένους
1224 1245 1304 1282 τοῖν
1326 1243 1508 1296 Λργείων
1531 1240 1754 1295 κατάγεται,

310 1291 488 1345 χαρέντες
520 1289 728 1345 οἷνύμνουν
756 1291 889 1335 αὐτόν.
947 1296 1005 1333 Ita
1037 1298 1152 1334 etiam
1186 1296 1256 1337 lib.
1275 1296 1314 1339 4.
1338 1312 1378 1349 p.
1399 1301 1466 1340 39.
1503 1297 1552 1336 de
1583 1299 1756 1350 Cecrope

308 1346 430 1387 verba
454 1348 619 1398 habens,
647 1353 729 1390 τῶν
751 1348 792 1390 δὲ
818 1352 1039 1401 Αθηναίων
1058 1351 1281 1403 ἐβασίλευσε
1299 1353 1465 1406 Κέκροψ
1481 1353 1558 1403 τὶς,
1586 1350 1691 1402 ὅστις
1713 1354 1755 1402 ἐξ

310 1401 519 1457 Αἰγύπτου
543 1403 748 1458 κατήγετοι
790 1405 967 1445 Athenis
986 1409 1158 1459 regnavit
1179 1406 1341 1461 Cecrops
1369 1409 1548 1462 quidam,
1586 1409 1636 1448 ab
1665 1409 1754 1449 Ae-

307 1461 451 1512 gyptiis
471 1462 656 1512 originem
687 1460 838 1500 ducens.
898 1463 1109 1515 Cecropem
1128 1469 1257 1502 autem
1281 1465 1512 1517 Aegyptium
1531 1465 1666 1515 fuisse,
1696 1471 1754 1504 te-

311 1522 388 1554 stes
411 1515 599 1554 habemus
622 1517 792 1566 Suidam,
820 1518 1044 1568 Eusebium,
1075 1520 1264 1571 aliosque.
1286 1558 1290 1563 ,

421 1570 524 1611 Ibid.
567 1576 629 1613 Εν
644 1573 859 1628 κομβεντίῳ
881 1572 955 1627 yolo
976 1571 1246 1627 εἰσελθόντος]
1278 1574 1466 1630 Κομέντῳ
1480 1575 1753 1616 habet'Cedre-

311 1640 385 1665 nus
404 1628 600 1667 mendose.
656 1626 906 1680 Κόμβεντον,
937 1637 974 1669 et
992 1633 1235 1683 κομβεντιον,
1275 1629 1507 1683 Conventus,
1539 1633 1623 1672 sive
1647 1630 1754 1673 Con-

310 1682 454 1732 silium,
484 1684 591 1735 apud
606 1691 781 1723 nostrum
803 1684 989 1725 habemus
1004 1687 1239 1738 frequenter.

424 1741 525 1792 Pag.
555 1740 646 1782 184.
680 1744 743 1782 16.
785 1742 888 1794 ῥῆγα
919 1740 1084 1783 δυνατὸν
1109 1744 1150 1784 ἐν
1177 1740 1384 1793 πολέμοις]
1421 1743 1566 1793 Reges,
1604 1742 1754 1782 Princi-

312 1808 461 1847 pesque
482 1809 613 1834 omnes
636 1797 829 1845 minores,
857 1798 999 1851 ῥ’ῆγας,
1028 1799 1308 1850 Imperatorem
1324 1812 1420 1836 vero
1439 1799 1564 1837 solum
1581 1799 1752 1851 βασιλέα,

312 1858 478 1889 vocatos
497 1865 616 1903 supra
641 1855 882 1893 monuimus:
912 1855 982 1893 sed
1008 1861 1047 1893 et
1064 1856 1191 1893 Duces
1227 1867 1319 1893 suos
1340 1855 1463 1906 ρἥας
1482 1867 1642 1893 vocasse
1657 1855 1754 1892 Bar-

312 1906 453 1956 baros,
483 1914 566 1946 tum
584 1921 634 1946 ex
652 1909 728 1946 hoc
751 1910 923 1948 auctoris
941 1910 1030 1948 loco
1052 1917 1136 1949 tum
1159 1924 1207 1949 ex
1223 1911 1418 1962 Procopio
1436 1917 1609 1962 apparet,
1632 1909 1750 1952 Goth.

312 1961 340 2002 l.
377 1966 412 2003 1.
443 1963 508 2000 ubi
536 1964 583 2002 de
610 1963 851 2003 Theuderico
874 1966 1062 2017 loquenS,
1092 1967 1159 2018 qui
1189 1966 1430 2014 Gothorum,
1460 1966 1667 2016 Italiaeque
1687 1979 1752 2003 co-

311 2017 397 2069 pias
419 2018 493 2055 sibi
509 2019 750 2071 subjecerat,
780 2020 966 2073 βασιλέως
982 2028 1109 2061 tamen
1126 2036 1280 2070 nomen,
1311 2027 1378 2060 aut
1398 2021 1572 2060 habitum
1593 2020 1667 2059 sibi
1687 2035 1752 2059 as-

310 2086 464 2112 sumere
492 2075 620 2113 noluit
630 2090 641 2125 3
679 2076 819 2115 deinde
843 2077 972 2127 addit,
1013 2074 1111 2118 α’λλά
1141 2074 1217 2131 ῤ’ήξ
1242 2092 1285 2118 τε
1321 2078 1454 2130 διεβίω
1486 2072 1749 2127 καλούμενος·

312 2125 416 2169 οὕτω
436 2127 508 2183 γοῖρ
527 2134 640 2178 σφῶν
658 2130 751 2178 τούς
769 2129 967 2186 ἡγεμόνας
978 2134 1019 2174 οἷ
1040 2130 1236 2187 βάρβαροι
1254 2136 1388 2172 καλεῖν
1402 2133 1640 2184 νενομίκασι.
1670 2129 1751 2170 Sed

311 2183 385 2236 ῥήξ
406 2183 580 2239 deinceps
599 2196 757 2226 vocatus
777 2198 852 2240 est3
881 2203 957 2241 quo
988 2191 1139 2229 nomine
1158 2187 1331 2229 Barbari
1348 2187 1478 2227 Duces
1496 2201 1586 2226 suos
1613 2185 1750 2240 appel-

307 2238 394 2278 lare
415 2239 550 2280 solent.

422 2295 523 2350 Pag.
555 2297 644 2340 184.
674 2299 741 2339 20.
772 2295 914 2346 νυκτός
931 2299 974 2339 έν
996 2301 1181 2352 χειμῶνι]
1212 2297 1358 2352 χειμών
1375 2298 1442 2337 hic
1466 2304 1639 2349 tempus,
1669 2311 1750 2336 non

309 2350 551 2402 hybernum,
579 2353 647 2391 sed
674 2359 978 2404 tempestuosum
1012 2356 1221 2407 significat;
1257 2356 1315 2393 uti
1342 2354 1492 2407 patebit
1512 2366 1561 2392 ex
1581 2366 1750 2403 sequen-

310 2408 417 2445 tibus
454 2416 649 2447 caeterum
680 2409 928 2447 suavissimae
963 2411 1080 2463 hujus
1109 2412 1157 2451 de
1186 2410 1399 2450 Februario
1424 2408 1749 2448 Narratiunculae

310 2463 523 2503 medullam
542 2471 823 2517 excerpserunt
841 2465 954 2502 etiam
979 2468 1139 2516 Suidas,
1170 2474 1209 2506 et
1227 2467 1445 2514 Cedrenus,
1475 2464 1542 2502 hic
1574 2464 1621 2503 de
1641 2464 1749 2502 Man-

311 2518 367 2556 lio
380 2549 392 2567 ,
420 2521 487 2558 ille
506 2533 600 2559 vero
620 2521 669 2559 de
690 2520 872 2571 Camillo,
899 2520 1077 2561 instituta
1095 2523 1240 2562 fabula.
1296 2521 1406 2561 Unde
1423 2534 1518 2561 vero
1535 2519 1747 2569 hauserint,

311 2574 389 2625 jam
411 2576 522 2614 vides
539 2577 693 2617 Lector.

429 2634 525 2684 Pag.
560 2632 649 2675 184.
679 2635 744 2676 23.
774 2631 919 2686 ἐγένετο
939 2628 1117 2687 πτύρμα]
1147 2629 1343 2687 πτύρμος,
1371 2631 1491 2672 habet
1509 2631 1745 2685 Hesychius:

318 2682 506 2740 Πτύρμος
525 2689 647 2741 φρίκη
660 2717 672 2737 ,
699 2688 767 2729 καὶ
784 2686 832 2728 τοὶ
848 2685 976 2740 ὅμοια.
1606 2745 1608 2747 ¹

429 2745 522 2795 Pag.
554 2744 644 2785 185.
675 2749 716 2786 7.
754 2741 966 2799 ἔγκοὶθετον
996 2740 1178 2795 στρατὸν]
1210 2743 1489 2794 scribendum,
1527 2740 1747 2796 ἐγκάθητον

318 2812 339 2834 a
358 2798 479 2837 verbo
499 2795 678 2852 κάθημαι
691 2829 702 2849 ,
732 2800 871 2840 sedeo:
900 2806 948 2845 ut
966 2799 1015 2840 de
1036 2799 1297 2841 Praesidiariis
1313 2801 1570 2852 intelligatur.
