1838 3230
288 183 387 233 454
451 226 453 228 ,
680 180 971 226 IOANNIS
998 183 1335 228 MALALAE

235 305 267 340 Ε
290 301 399 357 δρῶν
425 316 469 343 τε
496 300 563 343 καὶ
586 302 807 356 γυναικῶν,
857 298 1165 357 ἐπερωτώμενος
1205 301 1376 345 ἐδείκνυε
1411 300 1486 352 τὰς
1519 301 1563 344 ἓν
1591 303 1736 358 γαστρὶ

287 366 459 424 ἐχούσας
477 367 658 417 καὶτοὺς
686 366 807 417 ὄντας
832 369 1135 425 πορνοβοσκοὺς
1179 371 1245 412 καὶ
1273 369 1442 424 μοιχοῦς
1477 371 1545 412 καὶ
1570 370 1736 420 κνιποῢς

287 438 355 479 καὶ
370 433 704 492 μεγαλοψύχους·
740 436 807 477 καὶ
830 434 1058 480 ἀπεδείκνυε
1077 435 1211 480 πάντα
1228 438 1333 493 μετὰ
1367 437 1578 494 ἀληθείας.
1637 435 1736 482 ὅθεν

287 503 420 562 ἔλεγον
441 505 582 546 πολλοὶ
601 501 664 545 ὅτι
681 507 839 557 πνεῦμα
858 502 1066 555 Πύθωνος
1087 505 1176 560 ἕχει.

384 572 472 614 Ἐπὶ
494 571 538 613 δὲ
557 574 631 625 τῆς
649 570 775 626 αὐτῆς
794 574 1003 626 βασιλείας
1019 571 1146 629 ἐφάνη
1173 571 1302 628 ἀστὴρ
1321 571 1447 628 μέγας
1475 574 1542 616 καὶ
1561 572 1770 630 φοβερόςό

287 639 393 683 κατὰ
414 639 459 682 τὸ
483 638 644 681 δυτικόν
662 639 809 695 μέρος,
844 641 1011 695 πέμπων
1028 641 1092 683 ἐπὶ
1120 641 1193 696 τὴν
1223 639 1307 683 ἅνω
1335 640 1476 683 ἀκτῖνα
1509 639 1679 697 λευκήν,
1715 639 1737 684 ὃ

168 714 198 748 V
219 715 265 751 66
289 710 332 751 δὲ
347 707 560 764 χαρακτὴρ
589 702 715 750 αὐτοῦ
751 706 963 764 ἀστραπὰς
984 708 1233 763 ἀπέπεμπεν·
1268 707 1314 750 ὃν
1340 707 1473 764 ἔλεγόν
1502 725 1606 758 τινες
1639 706 1739 752 εἶναι

288 775 538 831 λαμπαδίαν.
586 773 711 829 ἓζιιεινε
733 775 776 817 δὲ
797 776 860 817 ε’πὶ
879 774 1033 832 ἡμέρας
1051 776 1196 819 εἴκοσιν
1223 775 1458 830 ε’κλάμπων,
1496 778 1562 818 καὶ
1584 776 1740 832 ἐγένον-

287 861 335 887 το
363 843 551 900 ἀνυδρίαι
584 844 650 885 καὶ
677 843 782 886 κατὰ
809 841 926 887 πόλιν
956 845 1166 900 δημοτικοὶ
1205 841 1323 902 φόνοι
1368 845 1437 886 καὶ
1474 843 1580 887 ἄλλα
1607 843 1740 888 πολλὰ

287 911 454 967 ἀπειλῆς
473 911 778 967 πεπληρωμένα,
1750 920 1799 955 10

392 983 458 1036 Τῇ
490 980 535 1022 δὲ
564 976 851 1035 συμπληρώσει
888 983 962 1022 τοῦ
993 980 1260 1035 σεπτεμβρίου
1307 978 1436 1034 μηνὸς
1475 979 1515 1022 οἳ
1554 978 1743 1036 πρέσβεις

139 1058 172 1092 Ο
200 1060 264 1094 191
285 1045 495 1102 Ῥωμαίων
538 1047 578 1090 οἱ
603 1047 855 1104 πεμφθέντες
883 1048 925 1090 έν
962 1054 1048 1097 τοῖς
1074 1051 1294 1102 Περσικοῖς
1335 1045 1596 1103 ὑπέστρεψαν
1621 1044 1741 1102 ποιή-

287 1131 431 1165 σαντες
460 1113 609 1158 πάκτα.
680 1117 746 1157 καὶ
771 1115 889 1171 γνοὺς
923 1113 1088 1158 τοῦτοὸ
1115 1115 1306 1169 βασιλεὺς
1334 1111 1641 1167 ’Ῑουστινιανός,
1678 1113 1742 1157 ὅτι

289 1181 449 1239 εἰρήνην
469 1181 544 1237 ἔχει
568 1182 671 1239 πρὸς
687 1181 924 1237 Ῥωμαίους,
961 1187 1095 1240 χαρᾶς
1116 1181 1316 1238 ἐπλήσθη.
1354 1181 1569 1237 δεξάμενος
1593 1182 1672 1240 γὰρ
1689 1182 1742 1226 τὰ

288 1249 509 1308 γράμματα
530 1254 612 1292 τῶν
632 1248 797 1293 πάκτων
815 1253 881 1293 καὶ
900 1251 1097 1304 ἀναγνοὺς
1117 1246 1207 1307 εὗρε
1223 1250 1456 1308 περιέχοντα
1476 1249 1618 1301 οὕτως.
1754 1257 1797 1294 15

386 1316 646 1367 Ἀνελθόντες
665 1318 767 1374 πρὸς
793 1317 903 1373 ἡμᾶς
937 1319 975 1360 οἳ
1003 1317 1190 1375 ἡμέτεροι
1219 1320 1461 1375 πρεσβευταὶ
1489 1319 1526 1361 οἶ
1548 1317 1651 1375 πρὸς
1671 1317 1746 1373 τὴν

239 1397 269 1432 Β
293 1385 368 1440 σὴν
388 1385 599 1435 σταλέντες
618 1384 850 1442 ἡμερότητα
885 1384 1127 1442 ἀπήγγειλαν
1145 1385 1241 1441 ἡμῖν
1268 1386 1343 1440 τὴν
1369 1386 1533 1442 ἀγαθὴν
1554 1387 1745 1442 προαίρε-

290 1469 355 1496 σιν
374 1457 446 1508 τῆς
466 1457 664 1510 πατρικῆς
680 1451 796 1506 ὑμῶν
821 1454 1055 1504 διαθέσεως.
1125 1455 1193 1496 καὶ
1220 1455 1284 1496 ἐπὶ
1305 1458 1428 1496 πᾶσιν
1451 1451 1744 1509 εὐχαριστήσα-

290 1538 364 1576 μεν
384 1525 442 1578 τῷ
464 1519 638 1577 δεσπότῃ
659 1525 746 1579 θεῷ
769 1520 830 1564 ὅτι
852 1521 1003 1578 πρέπον
1025 1526 1074 1579 τῇ
1099 1521 1224 1564 αὐτοῦ
1249 1519 1477 1578 ἀγαθότητι
1495 1526 1661 1577 πρᾶγμα
1679 1521 1745 1576 γέ-

290 1605 380 1644 γονε
399 1589 465 1631 καὶ
484 1588 637 1644 προέβη
659 1589 733 1631 σὺν
754 1593 841 1647 θεῷ
864 1580 999 1644 εῗρήνη
1019 1592 1074 1639 εἷς
1093 1589 1286 1646 ὠφέλειαν
1319 1593 1401 1632 τῶν
1421 1586 1493 1631 δύο
1517 1593 1740 1632 πολιτειῶν.
1752 1594 1799 1628 20

292 1655 356 1699 ὅτι
383 1657 427 1698 δὲ
445 1654 598 1711 μεγάλη
632 1655 733 1707 δόξα
767 1659 832 1699 καὶ
856 1655 1017 1706 ἔπαινός
1035 1659 1142 1700 ἔστιν
1171 1658 1212 1700 ἐν
1232 1654 1344 1714 πάσῃ
1373 1661 1423 1713 τῇ
1442 1660 1492 1714 γῇ
1526 1655 1638 1713 παρὰ
1655 1661 1743 1714 θεῷ

293 1725 360 1767 καὶ
390 1721 627 1780 ἀνθρώποις
656 1724 702 1767 τὸ
735 1722 894 1782 εἰρήνην
911 1724 1098 1780 γενέσθαι
1122 1724 1274 1780 μεταξὺ
1293 1729 1374 1768 τῶν
1394 1723 1468 1767 δύο
1496 1722 1660 1778 κόσμων
1681 1726 1745 1767 ἐπὶ

384 1811 417 1845 6.
444 1807 593 1845 δυτικὸν
615 1808 694 1855 ch,
718 1808 869 1845 δυσικὸν
893 1810 960 1844 Ox.
1028 1811 1111 1845 ibid.
1134 1808 1217 1855 τήν]
1241 1807 1288 1844 τοὶ
1310 1809 1542 1854 Theophanes
1561 1820 1595 1854 p.
1617 1806 1693 1844 154.
1704 1809 1745 1845 Β.

383 1856 428 1936 {1
442 1855 670 1935 εἰζὲἓξᾱρι,
743 1855 799 1892 14.
817 1852 1034 1902 Ῥωμαίους]
1059 1856 1229 1899 „Omnino
1252 1855 1465 1890 scribendum
1487 1853 1667 1900 Πέρσας.“
1681 1854 1744 1888 Ch.

434 1925 444 1935 .
543 1913 555 1934 1
578 1912 590 1934 ι
612 1913 685 1936 και.

294 1973 463 2016 quotquot
486 1972 661 2016 producta,
685 1973 730 2007 ad
754 1973 916 2018 cujusque
938 1984 1058 2007 nomen
1080 1972 1251 2007 reddidit=
1284 1971 1440 2015 Quinimo
1462 1973 1563 2008 turba
1583 1972 1749 2014 virorum,

294 2016 531 2062 mulierumque
553 2018 729 2061 adstante,
752 2018 981 2063 interrogatus
1004 2019 1047 2052 de
1069 2030 1111 2053 ea
1132 2018 1313 2063 gravidas,
1337 2019 1506 2060 Lenones,
1528 2023 1745 2059 scortatores,

294 2061 457 2103 sordidos,
482 2064 773 2108 magnanimosque
796 2064 1056 2098 demonstrabat.
1104 2063 1175 2098 Sed
1198 2069 1233 2097 et
1255 2064 1339 2099 haec
1362 2064 1473 2098 omnia
1495 2075 1557 2108 pro
1579 2063 1631 2097 rei
1653 2063 1745 2096 veri-

294 2112 369 2186 ul'lie
392 2106 501 2186 Canis)
525 2107 590 2142 iste
611 2110 799 2154 prodebat:
837 2110 950 2144 multis
974 2109 1072 2152 ideo,
1108 2108 1272 2155 Pythonis
1304 2121 1379 2143 eum
1402 2108 1523 2155 spiritu
1557 2108 1744 2153 praeditum

294 2164 316 2187 a
357 2153 478 2186 rmanti
502 2163 550 2186 us.

384 2196 514 2231 Eodem
543 2197 738 2242 Imperante
767 2199 864 2233 stella
896 2199 1015 2244 ingens
1046 2203 1083 2234 et
1104 2198 1298 2241 tremenda,
1334 2199 1370 2232 in
1395 2198 1584 2232 Occidente
1608 2210 1745 2244 compa-

293 2243 386 2284 ruit3
409 2243 539 2277 radium
561 2243 672 2277 album
695 2255 819 2278 sursum
845 2245 1010 2286 emittens,
1035 2257 1148 2290 quam,
1172 2244 1263 2290 quod
1285 2243 1426 2288 fulguris
1449 2244 1651 2278 emissionem
1662 2255 1745 2289 prae

296 2301 332 2322 se
356 2289 512 2329 ferebat,
546 2289 670 2322 Facem
692 2290 898 2330 Ardentem,
934 2291 1083 2324 nonnulli
1114 2291 1320 2325 vocitabant.
1367 2290 1434 2324 Per
1456 2289 1527 2323 dies
1551 2295 1660 2323 autem
1685 2301 1744 2324 xx.

295 2332 452 2374 refulsit3
490 2333 579 2367 unde
603 2332 784 2374 siccitates,
809 2340 845 2368 et
866 2335 994 2379 ubique
1017 2347 1080 2380 per
1101 2335 1279 2381 Imperium
1300 2335 1336 2369 in
1358 2334 1480 2380 populo
1504 2335 1636 2377 caedes,
1659 2335 1745 2370 alia-

296 2389 364 2423 que
386 2378 529 2422 plurima
552 2379 749 2414 Mortalibus
771 2379 918 2414 infausta
939 2381 1117 2425 insequuta
1138 2385 1227 2415 sunt.

389 2424 513 2458 Mensis
546 2430 657 2458 autem
687 2424 894 2469 Septembris
927 2427 987 2459 sub
1022 2425 1167 2468 exitum,
1202 2424 1325 2469 Legati
1348 2425 1597 2465 Romanorum,
1631 2423 1745 2469 quiin

298 2468 472 2503 Persidem
494 2470 582 2504 missi
605 2471 760 2511 fuerant,
796 2481 881 2515 pace
905 2471 997 2505 facta
1026 2471 1156 2506 reversi
1179 2475 1266 2505 sunt.
1313 2470 1390 2510 Quo
1415 2469 1531 2504 audito
1555 2470 1745 2515 Imperator

298 2513 503 2548 Justinianus
534 2527 659 2550 summo
690 2514 814 2560 gaudio
844 2514 986 2549 affectus
1017 2521 1079 2550 est.
1136 2515 1292 2560 Acceptis
1323 2515 1411 2550 enim
1446 2515 1489 2550 de
1510 2515 1604 2550 Pace
1625 2514 1746 2556 literis,

297 2559 534 2604 perlectisque,
559 2572 614 2594 eas
637 2561 672 2594 in
693 2562 778 2594 haec
801 2561 906 2595 verba
928 2562 1134 2606 conscriptas
1156 2561 1295 2595 invenit.

390 2605 630 2650 „Propensum
660 2605 795 2650 paterni
833 2605 936 2639 vestri
965 2606 1000 2639 in
1029 2607 1102 2641 Nos
1137 2606 1237 2640 animi
1265 2605 1409 2639 studium
1441 2606 1582 2640 reduces
1614 2604 1744 2646 Nostri,

299 2660 381 2692 quos
404 2649 447 2683 ad
471 2650 688 2685 Clementiam
711 2657 856 2686 vestram
878 2650 1040 2692 misimus,
1070 2652 1194 2696 Legati
1215 2651 1310 2685 nobis
1332 2651 1584 2686 renunciarunt.
1628 2650 1744 2684 Domi—

300 2705 343 2727 no
368 2698 478 2729 autem
499 2695 574 2730 Deo
608 2696 737 2740 gratias
760 2696 882 2741 ubique
904 2696 1048 2740 agimus,
1084 2697 1173 2741 quod
1196 2696 1356 2731 Bonitate
1380 2697 1454 2740 ejus
1477 2696 1744 2730 Consentaneum

301 2739 400 2783 Opus
422 2740 580 2775 effectum
602 2747 673 2782 θεῖς
699 2752 834 2787 paxque
856 2746 970 2776 mutua
993 2753 1080 2786 quae
1102 2741 1137 2776 in
1160 2741 1335 2786 utriusque
1358 2741 1455 2787 Reip.
1479 2741 1744 2776 [emolumentum

301 2788 338 2816 et
361 2784 521 2819 Nostram
541 2786 716 2832 utriusque
748 2787 878 2821 laudem
903 2798 1035 2822 cessura
1058 2791 1109 2821 est
1136 2786 1314 2822 stabilitur.
1360 2787 1444 2821 Rem
1467 2786 1634 2821 enimvero
1658 2796 1744 2820 sum-

303 2840 355 2862 me
384 2829 561 2873 gloriosam
597 2843 669 2867 esse
701 2836 736 2867 et
759 2832 850 2878 apud
871 2833 978 2867 Deum
1022 2832 1236 2878 hominesque
1264 2832 1432 2868 universos
1462 2831 1562 2868 laude
1597 2830 1743 2876 dignam,
