1838 3230
615 126 1083 174 ANNOTATIONES.
1479 134 1585 183 549.

122 254 202 306 τωρ
217 237 429 295 ἐπώνυμον
453 215 614 297 γίνεται.
674 240 803 294 Atque
836 242 941 283 hanc
967 251 1115 285 rectam
1147 258 1229 284 esse
1261 244 1429 284 nominis
1458 245 1577 298 hujus

122 297 364 350 scripturam
385 299 598 338 clarissime
615 306 778 351 apparet
804 313 853 338 ex
878 302 1121 341 Numismate
1153 301 1251 350 hoc,
1281 302 1435 341 Seleuci
1462 303 1577 341 Nica-

121 354 220 393 toris
236 356 396 394 nomine
411 355 625 407 inscripto,
656 355 1009 408 apudJ.T1-istan.
1039 359 1089 397 ad
1121 357 1577 400 Βη,Τοη1.1.Σελεν-

84 438 91 444 ,
120 424 197 450 κου
222 411 420 460 Βασιλέως
450 408 674 465 Νικάτορος
701 415 955 464 Επιφανοῦς.
997 418 1087 455 ΝΕ
1098 417 1208 455 ΙΣΙ.
1248 428 1366 467 quem
1394 415 1508 465 vide,
1538 422 1577 455 et

119 466 305 518 Scaliger.
323 469 366 508 in
389 468 532 508 Euseb.
552 481 591 520 p.
610 470 703 510 119

229 521 333 591 Pog·
365 527 460 567 198.
492 529 532 567 7
560 526 632 576 τῆς
651 525 871 578 σατραπίας
891 524 967 579 τήν
986 527 1195 580 φροντίδα]
1218 529 1302 567 Scr.
1323 510 1575 581 σατραπείας.

116 575 354 647 Σατράπης,
386 579 632 651 mef'ecfus2
669 580 789 650 Dux,
820 595 903 621 vox
934 584 1087 622 Persica
1113 590 1196 634 est,
1222 590 1321 624 teste
1357 584 1573 638 Hesychio.

116 631 346 691 Σατραπαι,
377 633 559 691 οἷρχηγοὶ,
591 635 862 705 στρατηλάται.

230 695 323 747 Pag
358 696 449 738 198.
481 697 546 736 22.
590 692 655 745 ἔτη
684 690 756 749 μγ’.
748 693 782 747 .]
821 695 1017 735 Eusebius
1050 697 1256 736 Seleucum
1290 710 1413 736 annos
1442 711 1573 737 xxxix.

114 753 266 788 tantum
289 763 483 802 regnasse,
514 749 695 791 affirmat.

148 838 153 843 «
226 803 330 859 Pag-
361 809 456 848 199.
487 808 524 850 5·
557 807 615 856 εἰς
632 804 677 847 vo*
697 805 792 861 ὅρος
809 804 854 848 vo*
872 803 1056 859 Κάσιον]
1088 804 1228 856 Κάσος
1248 823 1324 847 una
1346 816 1405 847 est
1425 822 1475 848 ex
1499 810 1572 862 Cy·

111 860 296 900 cladibus
323 863 485 902 insulis:
535 876 586 901 ex
616 862 710 902 hinc
737 877 832 902 velo
869 864 1040 902 deducta
1069 865 1231 903 Colonia
1263 866 1436 904 Montem
1467 866 1574 904 hunc

112 918 250 969 Syriae
269 918 524 968 inhabitavit,
554 919 790 971 Casiumque
810 919 857 958 ab
876 920 1004 959 insula
1025 921 1130 960 unde
1145 922 1315 971 exierat,
1346 922 1573 974 appellavit,

112 974 175 1013 uti
204 975 342 1015 asserit
365 975 591 1028 Stephanus
622 976 670 1014 de
702 977 794 1015 Urb.
852 974 989 1024 Κασος
1026 978 1098 1028 μία
1127 993 1209 1018 των
1236 975 1480 1019 Κυκλαδων·
1524 980 1574 1017 Et

111 1037 272 1083 postea,
303 1028 527 1089 οἷπῳκισται
557 1031 600 1073 δὲ
617 1035 690 1085 τῆς
708 1046 835 1085 νησου
855 1033 923 1074 καὶ
942 1032 985 1074 τὸ
1000 1033 1042 1074 ἐν
1058 1031 1233 1089 Συρία”
1207 1049 1302 1087 ορος
1320 1032 1488 1075 Κασιον.

226 1091 323 1142 Pag.
357 1074 547 1132 199.10.
583 1089 797 1143 λεγομένης
826 1088 1020 1144 Πιερίας]
1058 1089 1108 1129 de
1137 1090 1319 1130 Seleucia
1345 1090 1390 1133 ἐν
1411 1092 1571 1147 Πιερία,

111 1142 202 1184 vide
221 1145 391 1185 Tristan.
410 1145 520 1186 Tom.
541 1148 576 1187 1.
593 1159 636 1197 p.
663 1145 758 1189 425.

224 1199 320 1254 Pag·
350 1205 444 1245 200·
475 1205 514 1244 9.
542 1199 655 1269 τόπῳ
672 1198 860 1254 α’σφαλῆ]
891 1197 1183 1252 801.ἆσφαλεῖ.

224 1260 318 1311 Pag
347 1261 442 1301 201.
471 1261 509 1301 6
555 1254 731 1326 ποιήσας
759 1258 843 1299 ἐκεῖ
872 1255 1144 1324 τετρακιόνιν]
1184 1256 1454 1313 τετρακιόνιν,
1490 1272 1568 1312 pro

108 1313 397 1367 τετρακιὸνιον,
426 1320 474 1352 ut
493 1311 711 1385 ovnfia'otv',
741 1329 815 1367 pro
834 1310 1077 1380 στηθαριον,
1113 1321 1186 1355 etc.

223 1373 317 1424 Pog-
345 1374 440 1414 201·
473 1373 537 1412 19.
576 1366 647 1418 ου’ς·
682 1370 796 1412 ε’-ασεν
823 1369 849 1411 ό
874 1367 1031 1421 Κάσος]
1073 1371 1334 1412 8ο1·.εἰ’.ασεν
1390 1371 1443 1410 Hi
1471 1385 1567 1413 vero

108 1425 213 1465 Casii
229 1427 394 1476 montis,
427 1426 649 1478 urbisque
636 1441 678 1465 1n
699 1441 746 1466 eo
766 1427 916 1480 positae
934 1427 1098 1475 incolae,
1128 1428 1312 1467 censendi
1328 1434 1440 1466 sunt:
1468 1442 1568 1480 quos

104 1490 238 1523 tamen
255 1483 480 1537 Stephanus
498 1498 520 1522 a
544 1485 666 1531 Caso,
695 1497 775 1523 una
797 1498 848 1524 ex
867 1484 1128 1536 Cycladibus,
1158 1483 1239 1523 huc
1275 1485 1480 1524 devenisse
1509 1485 1567 1523 in·

105 1539 212 1593 quit,
241 1541 302 1579 uti
320 1553 441 1592 supra
458 1540 696 1580 monuimus.

216 1595 318 1649 Pag·
349 1600 445 1639 201.
474 1601 542 1640 20.
573 1597 717 1644 οίτινες
734 1593 1060 1649 μετοικήσαντες]
1093 1596 1243 1648 aliquid
1266 1595 1333 1634 hie
1354 1596 1489 1635 deesse
1508 1597 1566 1635 vi-

105 1652 224 1692 detur
251 1653 302 1691 ad
337 1666 495 1692 sensum
537 1653 800 1706 explendum:
840 1654 946 1692 forte
980 1653 1189 1704 legendum
1228 1650 1415 1702 ου’στινας
1441 1650 1566 1709 μετώ-

104 1721 226 1750 κισεν.

217 1763 315 1819 Pag·
343 1766 532 1808 202.14.
580 1764 624 1806 ἐν
654 1768 706 1820 τῇ
723 1768 779 1821 γῇ
807 1765 963 1806 οἰκοῦσι
994 1768 1075 1806 τῶν
1093 1763 1315 1819 γιγάντων]
1346 1765 1566 1818 Pmcopius

103 1821 220 1862 etiam
239 1822 498 1861 Caesariensis
516 1822 766 1872 Damascum,
797 1823 932 1874 Syriae
957 1822 1118 1871 urbem,
1145 1821 1252 1860 Jovis
1278 1821 1469 1860 adversus
1489 1821 1565 1859 Gi-

101 1885 238 1930 gantes
257 1878 508 1931 Tlophaeum
526 1880 647 1918 fuisse
670 1879 821 1928 asse1it,
852 1880 961 1931 apud
978 1879 1081 1922 Isac
1102 1878 1314 1917 Tzelzem
1302 1892 1343 1916 m
1363 1878 1420 1929 Ly
1422 1876 1562 1943 cophr.

100 1934 124 1978 ὁ
140 1934 214 1988 μὲν
246 1933 472 2002 Καισαρεῦς
494 1931 740 1989 Προκόντιος,
774 1951 848 1988 την
874 1932 1088 1987 Δαμασκόν
1115 1946 1215 1986 φησι
1242 1931 1342 1982 Διὸς
1369 1929 1563 1998 τρόπαιον

99 1989 200 2033 κατὰ
218 2008 427 2046 γιγαντων.
484 1993 691 2031 Caeterum
712 2006 799 2030 ossa
823 1992 966 2044 prodi‹
958 1993 1074 2030 ¹iosae
1102 1989 1412 2041 magnitudinis
1401 2004 1443 2028 m
1462 1990 1562 2041 ipsis

100 2055 232 2088 terrae
263 2048 504 2098 viscenbus‚
549 2049 784 2087 naturaliter
812 2048 1049 2100 quandoque
1082 2048 1297 2099 producta,
1341 2060 1383 2086 se
1413 2047 1561 2085 vidisse

100 2111 273 2145 testatur
295 2105 497 2169 Gor-opius
518 2106 716 2144 Becanus:
755 2111 873 2156 atque
899 2105 1042 2143 exhinc
1065 2105 1275 2155 Gigantum
1295 2103 1469 2142 fabulam
1493 2117 1561 2140 or*

100 2168 187 2200 tum
213 2162 358 2201 ducere
387 2162 560 2214 potuisse
593 2161 820 2214 suspicatm
845 2161 1095 2201 doctissimus
1114 2160 1283 2200 Jacobus
1309 2152 1559 2211 Gaffarellus,

103 2215 315 2259 Curiositez
339 2217 500 2273 Inouyes
515 2228 619 2272 part.
640 2223 679 2261 2.

216 2278 312 2327 Pag.
345 2279 441 2318 202.
474 2278 540 2318 16.
575 2275 642 2315 καὶ
675 2274 842 2315 κασσίδα
871 2272 1192 2328 κεχρυσωμένην]
1226 2269 1402 2320 Κάσσις,
1425 2271 1558 2311 κασσί-

101 2330 209 2381 διον,
238 2338 279 2370 et
298 2332 465 2380 κασίδα,
496 2345 573 2384 pro
603 2329 784 2380 Casside,
812 2332 894 2370 sive
913 2332 1059 2381 Galea,
1089 2331 1196 2382 apud
1220 2330 1396 2367 Gmecos
1421 2340 1557 2366 recen-

100 2386 222 2426 tiores
240 2394 497 2441 usurpantur.
554 2389 654 2427 Vide
671 2388 768 2427 Nec.
790 2387 939 2457 Riqult.
958 2394 997 2427 et
1015 2389 1071 2429 Jo.
1094 2388 1238 2426 Meum.
1261 2385 1434 2423 Glossar.

218 2446 434 2498 Peg-203.
467 2448 504 2487 1.
555 2446 610 2493 εἷς
638 2442 766 2496 ὄνομα
790 2447 863 2496 τῆς
887 2439 1013 2486 αυτοῦ
1039 2439 1257 2497 θυγατρὸς]
1299 2439 1485 2491 Stephan.
1507 2438 1558 2478 de

100 2497 191 2539 urb.
212 2499 448 2540 Laodiceam
474 2515 618 2540 nomen
647 2499 846 2553 accepisse
867 2501 965 2539 dicit
996 2517 1018 2539 a
1046 2499 1235 2547 Laodice,
1266 2497 1422 2535 Seleuci
1440 2497 1557 2534 Nica-

100 2555 200 2594 toris
216 2569 297 2595 non
314 2557 417 2608 filia,
446 2558 517 2597 sed
536 2564 674 2596 matre
730 2556 898 2611 Λέγεται
930 2555 974 2597 δὲ
1003 2554 1083 2598 ano*
1115 2555 1343 2618 Λαοδίκης,
1372 2555 1444 2605 τῆς
1475 2568 1557 2604 μη·

99 2627 195 2664 τρος
228 2612 426 2655 Σελεύκου
456 2617 530 2655 τοῦ
561 2611 805 2667 Νικατορος,·
843 2612 1075 2653 Ramiilmm
1104 2625 1201 2651 vero
1234 2610 1384 2663 primo,
1414 2609 1556 2648 deinde

100 2666 273 2708 Leucam
294 2669 446 2721 Acten,
477 2677 673 2710 vocatam
680 2670 817 2710 fuisse.

131 2779 149 2823 ἐ
212 2723 310 2779 Pag-
339 2729 433 2770 203
467 2731 508 2771 2.
554 2727 624 2771 καὶ
657 2723 918 2780 αἰτησάμενος
945 2728 1028 2768 ποῦ
1056 2723 1202 2776 κτίσει]
1249 2723 1353 2763 forte
1391 2721 1555 2775 αἰτησα-

99 2797 127 2835 μ
149 2796 233 2823 νου.
