1838 3230
474 148 1095 207 cHRoNoGRAPfflA.
1152 149 1201 192 L.
1231 151 1282 194 v.
1519 156 1617 202 119

135 268 326 328 Ἀχαϊκοῦ
342 266 581 326 ὕπάρχομεν
600 272 796 323 στρατοῦ,
834 269 901 311 καὶ
922 270 1161 313 θαλαττίων
1179 266 1374 324 κυμάτων
1388 269 1463 330 βίᾳ
1483 288 1614 328 προσ-

141 335 394 392 επελάσαμεν
414 341 467 395 τῇ
487 335 598 395 νήσῳ
619 334 765 394 ταύτῃ,
802 339 868 379 καὶ
890 335 1005 392 πόμα
1026 335 1224 390 λαβόντες
1239 338 1414 395 μαγικὸν
1437 337 1518 383 ὖπὸ
1538 345 1614 396 τῆς

112 408 114 410 ’
141 407 355 461 βασιλίδος
365 407 536 464 Κίρκης,
556 404 674 462 ἔρωτι
695 408 812 464 δεινῷ
831 407 1058 461 βληθέντες
1073 410 1130 458 εἷς
1149 407 1279 463 αὐτὴν
1295 405 1451 463 ταύτην
1469 407 1612 464 ἔχομεν

142 479 215 519 νῦν
238 477 444 532 πατρίδα,
481 473 704 526 ἔξειπόντες
726 476 793 517 καὶ
817 474 924 517 ἄλλα
945 473 1050 518 τινά.
1119 477 1186 519 καὶ
1219 480 1351 520 ταῦτα
1379 476 1565 533 ἀκηκοὼς
1586 476 1608 522 ὃ

105 541 382 597 δὈδυσσεύς,
419 541 599 594 συνάξας
628 541 786 594 πάντας
813 542 911 594 τοὺς
933 545 1064 595 ἰδίους
1085 543 1214 589 αὐτοῦ
1235 545 1436 589 ἐκέλευσεν
1456 545 1610 598 αὖτοὺς

137 612 316 668 μηδενὸς
328 619 543 668 μετασχεῖν
564 615 646 655 τῶν
663 612 951 667 ἓπιδιδομένων
973 613 1112 665 αὐτοῖς
1132 613 1244 671 παρὰ
1265 618 1339 670 τῆς
1354 615 1513 672 Κίρκης
1528 615 1607 659 εἴτε

130 679 372 740 βρωμάτων
392 680 469 725 εἴτε
485 678 682 736 πομάτων
702 681 771 724 διὰ
790 681 837 725 τὸ
853 683 1099 738 μαγγανείαν
1119 682 1210 726 τινὰ
1229 682 1330 738 {figent
1346 680 1468 736 αὐτά,
1499 683 1606 727 ἀλλά

136 751 182 793 ἐκ
211 754 286 806 τῆς
310 751 642 807 παρασχεθείσης
669 749 783 809 αὐτῷ
810 751 854 793 ἐκ
881 755 956 794 τοῦ
983 750 1144 795 Αἰόλου
1172 752 1374 804 βασιλέως
1391 754 1603 810 σιταρχίας
1625 767 1660 802 13

136 820 305 863 καὶτῶν
323 816 466 878 πρῴην
489 817 618 862 ὅντων
643 818 862 862 ἀποθέτων
880 820 922 863 ἐν
941 826 1028 871 τοῖς
1049 821 1206 871 πλοίοις
1224 819 1458 878 βρωμάτων
1474 839 1517 865 τε
1537 824 1607 865 καὶ

82 900 127 934 10
136 885 334 944 πομάτων
351 890 395 939 ἐξ
413 887 549 931 αὐτῶν
566 886 906 943 μεταλαμβάνειν.
976 893 1052 945 τῆς
1071 891 1116 932 δὲ
1132 890 1290 946 Κίρκης
1310 889 1603 947 προσενεγκού-

135 973 212 1013 σης
233 957 346 1016 αὐτῷ
366 958 433 1000 καὶ
452 961 510 1015 τῷ
530 961 696 1015 στρατῷ
713 957 842 1000 αὐτοῦ
862 959 929 1000 καὶ
950 965 1036 1008 τοῖς
1059 955 1230 1008 ναύταις
1249 958 1410 1015 τροφὰς
1426 957 1602 1016 βρωμά-

133 1042 218 1070 των
247 1027 316 1069 καὶ
343 1023 564 1080 πομάτων,
595 1025 668 1068 οὐκ
698 1026 884 1076 ἐδέξαντο
915 1026 1011 1083 παρ’
1036 1027 1165 1082 αὐτῆς
1187 1026 1233 1069 τὸ
1253 1025 1462 1084 παράπαν.
1534 1029 1602 1070 καὶ

133 1099 335 1150 μαθοῦσα
355 1098 478 1138 τοῦτο
497 1092 524 1150 ἦ
541 1094 677 1152 Κίρκη
699 1092 900 1148 ὑπέλαβεν
918 1095 1064 1138 εἷδέναι
1083 1095 1155 1139 τὸν
1167 1094 1370 1138 Ὀδυσσέα
1388 1094 1503 1145 τινὰς
1517 1113 1600 1149 μυ-

133 1163 275 1214 στικὰς
301 1163 472 1219 μαγείας
499 1164 566 1206 καὶ
596 1161 823 1219 προγνόντα
854 1162 983 1218 αὐτῆς
1008 1163 1060 1207 τὰ
1080 1161 1368 1218 βουλεύματα,
1407 1165 1476 1207 καὶ
1495 1164 1600 1218 πέμ-

77 1241 122 1278 15
132 1243 255 1287 ψασα
271 1233 554 1286 μετεστείλατο
573 1231 700 1275 αὐτὸν
724 1232 766 1275 ἒν
790 1236 848 1291 τῷ
872 1232 966 1290 ἱερῷ
980 1246 989 1256 ·
1031 1234 1099 1275 καὶ
1122 1228 1228 1289 ἦλθε
1246 1232 1350 1290 πρὸς
1370 1232 1499 1289 αὐτὴν
1521 1250 1595 1287 με·
1620 1247 1652 1282 v
1674 1248 1721 1285 50

129 1300 184 1344 τὰ
204 1298 371 1357 ὅπλικῆς
389 1301 591 1356 βοηθείας
607 1301 675 1343 καὶ
701 1300 899 1350 ἀπονοίας
916 1300 1107 1357 Ἀχαϊκῆς
1115 1334 1129 1354 ,
1168 1301 1331 1358 ἀγαγὼν
1354 1301 1461 1360 αὐτῇ
1482 1303 1599 1359 δῶρα

130 1368 312 1427 Τρωικά.
383 1367 407 1425 ἦ
431 1370 476 1412 δὲ
494 1367 698 1426 ἑωρακυῖα
717 1369 843 1412 αὐτὸν
862 1371 928 1412 καὶ
947 1369 1045 1420 τούς
1057 1369 1143 1425 μετ’
1166 1370 1310 1424 αὐτοῦ,
1348 1369 1499 1428 ᾔτησεν
1521 1371 1599 1413 αὗ-

127 1437 200 1482 τὸν
220 1445 459 1495 προσμεῖναι
478 1441 530 1495 τῇ
549 1435 675 1496 νήσῳ,
714 1437 830 1494 ἄχρις
848 1432 897 1481 οὗ
916 1438 1061 1497 διέλθῃ
1083 1437 1201 1482 δ’τοῢ
1217 1443 1418 1494 χειμῶνος
1436 1437 1591 1496 καιρός,
1619 1450 1652 1485 0
1677 1451 1746 1487 152

128 1508 330 1551 δεδωκυῖα
350 1506 463 1566 αὐτῷ
488 1508 531 1549 ἐν
549 1511 606 1565 τῷ
629 1507 722 1565 ἱερῷ
741 1506 888 1564 ὅρκους
906 1508 1034 1563 μηδὲν
1057 1515 1184 1550 ποιεῖν
1206 1510 1263 1558 εἷς
1279 1506 1445 1564 βλάβην
1465 1507 1594 1551 αὐτοῦ

70 1575 158 1632 2οῆ
176 1593 285 1627 τινος
305 1580 388 1620 τῶν
410 1574 497 1631 ἅμα
516 1575 643 1635 αὐτῷ.
714 1577 782 1619 καὶ
809 1578 991 1626 πεισθεὶς
1015 1574 1036 1619 ὃ
1062 1575 1284 1625 Ὀδυσσεὺς
1305 1575 1485 1633 διέτριψε
1504 1576 1591 1630 μετ’

127 1644 258 1700 αὐτῆς
285 1644 421 1702 ὀλίγον
441 1642 602 1700 καιρόν,
642 1646 851 1700 συμμιγεὶς
873 1644 978 1701 αὐτῇ
1000 1644 1102 1700 πρὸς
1123 1642 1277 1702 γάμον,
1317 1645 1466 1699 ἐκείνης
1488 1649 1592 1696 βου-

127 1715 345 1768 ληθείσης·
381 1715 472 1770 περὶ
490 1707 540 1769 ἧς
559 1713 717 1770 Κίρκης
738 1713 923 1763 ἐξέθεντο
942 1717 1074 1755 ταῦτα
1095 1713 1134 1755 οἳ
1153 1710 1390 1769 σοφώτατοι
1408 1714 1593 1770 Σίσυφος

125 1784 252 1842 Κῷος
269 1783 336 1825 καὶ
355 1782 511 1832 Δίκτυς
525 1782 569 1824 ἐκ
588 1786 663 1837 τῆς
680 1779 863 1838 Κρήτης.
913 1779 934 1824 ὅ
955 1782 999 1824 δὲ
1017 1779 1453 1839 σοφώτατος“’ομηρος
1471 1799 1591 1838 ποιη-

217 1904 252 1940 8.
275 1900 419 1938 Αἰόλου
442 1902 511 1937 Ox.
627 1901 682 1938 16.
707 1899 920 1948 ὁπλιτικῆςῒ

123 2016 241 2040 corum
264 2015 376 2040 sumus
399 2004 576 2042 exercitu:
611 2016 729 2040 verum
753 2004 964 2041 tumultuosis
985 2004 1152 2040 undarum
1176 2005 1336 2051 procellis
1354 2005 1502 2050 jactati,
1534 2005 1588 2040 in-

122 2052 228 2086 sulam
251 2052 340 2086 hanc
362 2051 572 2098 appulimus;
595 2052 653 2086 ubi
677 2064 719 2087 ex
743 2052 863 2086 haustu
887 2051 1031 2097 quodam
1053 2051 1208 2096 magico,
1234 2063 1331 2097 quem
1349 2051 1484 2096 Regina
1508 2052 1589 2086 Cir-

123 2109 164 2132 ce
186 2096 282 2132 nobis
305 2097 554 2143 propinandum
576 2097 690 2140 dedit,
711 2097 902 2132 incredibili
925 2098 996 2143 ejus
1015 2110 1130 2132 amore
1148 2097 1317 2143 correpti,
1342 2097 1482 2131 insulam
1501 2099 1589 2132 hanc

122 2154 212 2178 nunc
229 2144 388 2178 habemus
405 2144 564 2190 patriam.
609 2144 709 2178 Haec
731 2149 835 2190 atque
859 2143 925 2179 alia
946 2143 1150 2178 retulerunt:
1191 2143 1312 2189 quibus
1335 2143 1471 2185 auditis,
1495 2143 1587 2178 Ulis-

122 2201 195 2232 σεε,
219 2190 415 2224 convocatis
432 2189 476 2224 ad
499 2202 537 2225 se
556 2189 624 2224 suis
640 2190 812 2231 omnibus,
834 2189 870 2224 in
893 2190 1050 2224 mandata
1073 2189 1139 2223 illis
1158 2189 1275 2231 dedit3
1309 2194 1347 2224 ut
1370 2189 1413 2223 de
1433 2202 1473 2224 eo
1493 2189 1587 2234 quod

121 2241 300 2281 supererat
322 2247 497 2279 annonae,
523 2247 622 2281 quam
646 2237 722 2270 Rex
744 2235 866 2270 Aeolus
889 2235 955 2270 illis
977 2235 1280 2282 suppeditaverat3
1316 2239 1584 2280 commeatuque,

121 2293 224 2326 quem
247 2281 394 2327 navigiis
417 2282 495 2317 olim
518 2286 770 2328 reposuerant,
805 2281 947 2328 quisque
969 2282 1051 2324 sibi,
1088 2282 1147 2316 ubi
1171 2294 1255 2328 opus
1280 2281 1404 2323 fuerit,
1438 2284 1585 2315 sumeret

120 2326 158 2362 in
179 2327 327 2363 victum:
351 2328 395 2362 de
418 2328 459 2362 iis
483 2334 614 2371 autem,
640 2340 750 2374 quae,
774 2327 946 2363 veneficiis
968 2328 1164 2370 incantata,
1188 2326 1395 2362 comedenda
1417 2326 1503 2368 illis,
1527 2327 1583 2360 vel

121 2373 270 2408 bibenda
301 2373 402 2408 Circe
424 2374 599 2417 traderet,
633 2374 765 2409 omnino
788 2373 872 2408 nihil
904 2375 1128 2410 desumerent.
1176 2374 1278 2407 Circe
1307 2384 1388 2407 vero
1414 2372 1474 2407 ubi
1498 2371 1584 2406 haec

118 2418 365 2462 intellexisset,
388 2424 467 2455 rata
485 2420 649 2463 Ulissem,
673 2421 758 2455 artis
779 2419 937 2465 Magicae
959 2432 1025 2455 non
1047 2419 1222 2465 ignarum,
1246 2418 1387 2453 consilia
1402 2429 1462 2452 sua
1479 2429 1583 2463 prae-

122 2465 282 2508 sensisse3
317 2466 362 2501 ad
385 2466 512 2501 Fanum
536 2478 611 2501 eum
644 2466 881 2502 accersendum
905 2466 1049 2501 curavit.
1096 2464 1291 2500 Accersitus
1313 2464 1390 2504 ille,
1424 2463 1582 2498 exercitu

122 2521 181 2546 suo
203 2512 368 2557 stipatus,
394 2512 598 2558 Graecaque
621 2524 682 2547 sua
704 2513 812 2547 fretus
835 2512 1059 2554 confidentia,
1086 2510 1242 2552 accedit,
1266 2521 1403 2544 munera
1425 2509 1583 2554 Trojano.

121 2555 279 2602 Reginae
309 2558 477 2594 adferens.
539 2559 642 2593 Circe
666 2569 769 2600 vero,
799 2558 858 2594 ubi
882 2558 1025 2593 Ulissem
1049 2557 1225 2602 sociosque
1247 2554 1443 2600 conspexit3
1474 2565 1582 2600 roga-

121 2601 176 2637 vit
197 2614 293 2646 eum,
324 2604 376 2639 uti
398 2604 536 2640 insulam
560 2606 682 2651 hospes
703 2609 858 2647 teneret,
891 2616 997 2650 usque
1020 2603 1097 2638 dum
1122 2606 1255 2647 tempus
1279 2601 1453 2636 hibernum
1477 2611 1581 2647 prae-

121 2648 268 2683 stiteritz
303 2649 505 2696 interposito
540 2651 642 2685 etiam
671 2650 796 2685 ibidem
816 2651 1029 2695 juramento,
1064 2648 1259 2684 inviolatum
1283 2659 1319 2681 se
1341 2647 1432 2681 illum
1455 2646 1580 2681 socios-

121 2705 190 2740 que
219 2695 467 2740 praestituram.
514 2696 625 2732 Dictis
655 2698 727 2742 ejus
760 2696 899 2731 audiens
930 2696 1077 2736 Ulisses,
1116 2694 1384 2728 commorabatur
1414 2692 1484 2726 illic
1515 2704 1579 2738 per

120 2744 252 2785 tempus
275 2740 434 2785 aliquod3
458 2742 642 2788 Circesque
666 2741 908 2778 consuetudine
933 2741 1032 2787 (ipsa
1054 2739 1103 2774 sic
1125 2738 1308 2783 volente‚)
1333 2749 1409 2773 usus
1432 2742 1501 2773 est:
1525 2739 1578 2773 uti

43 2824 52 2830 1
121 2786 210 2821 haec
243 2786 286 2820 de
316 2786 418 2820 Circe
440 2788 674 2834 sapientissimi
707 2788 876 2834 Sisyphus
900 2787 991 2821 Cous
1015 2789 1051 2819 et
1072 2784 1193 2829 Dictys
1217 2783 1410 2826 Cretensis,
1453 2795 1578 2818 memo-

120 2832 196 2868 riae
219 2832 453 2879 prodiderunt.
514 2835 640 2870 Verum
665 2833 926 2881 sapientissimus
955 2831 1122 2872 Homerus
1159 2830 1340 2867 Poetarum
1362 2841 1456 2867 more
1479 2830 1578 2866 fabu-
