1838 3230
401 178 1032 225 CHRONOGRAPHIA.
1090 175 1325 222 L.'XVIII.
1493 177 1593 228 457

137 299 337 360 φίνοντῆν
354 298 470 358 παρὰ
487 296 683 353 Κωᾶδου,
703 299 905 355 βασιλέως
923 301 1115 356 Περσῶν,
1136 294 1390 355 παράβασιν,
1416 294 1597 353 ποιήσας-ι
1615 305 1648 340 O
1673 304 1741 341 194

127 371 249 421 θείας
276 367 473 419 κελεύσεις
504 368 736 424 κατέπεμψε
765 368 870 424 πρὸς
902 367 974 410 τὸν
996 367 1171 422 βασιλέα
1189 370 1272 410 τῶν
1293 366 1593 422 Λῦξουμιτῶν·
1644 392 1647 395 >

129 437 242 490 ὅστις
266 439 460 493 βασιλεὺς
479 437 619 481 Ἰνδῶν
646 437 860 492 συμβολὴν
889 434 1064 492 ποιήσας
1080 435 1186 492 μετὰ
1202 440 1276 479 τοῦ
1295 435 1496 486 βασιλέως
1512 439 1596 478 τῶν

122 506 344 565 Ἄμεριτῶν
365 507 526 559 Ἰνδῶν,
561 506 668 549 κατὰ
695 504 846 562 κράτος
881 503 1046 561 νικήσας
1079 505 1286 562 παρέλαβε
1323 504 1377 548 τὰ
1407 505 1596 559 βασίλεια

94 586 117 622 5
130 575 258 619 αὐτοῦ
275 577 342 619 καὶ
361 576 436 631 τὴν
459 573 598 632 χώραν
616 575 745 618 αὐτοῦ
765 580 926 628 πᾶσαν,
963 577 1030 618 καὶ
1054 575 1239 630 ἐποίησεν
1258 573 1344 617 ἄντ’
1367 573 1496 616 αὐτοῦ’
1512 577 1596 626 βα-

126 645 243 688 σιλέα
267 648 351 687 τῶν
377 643 595 700 Ἀμεριτῶν
624 643 763 687 Ἰνδῶν
806 645 850 687 ἐκ
891 647 967 686 τοῦ
999 644 1105 686 ῗδιόυ
1133 643 1273 698 γε’νους
1301 640 1496 699 Ἀγγάνην
1526 641 1595 685 διὰ

125 713 176 756 τὸ
199 711 300 756 εἶναι
318 714 384 755 καὶ
405 713 452 756 τὸ
479 717 563 756 τῶν
587 712 806 770 Ἀμεριτῶν
834 712 972 756 Ἰνδῶν
997 713 1206 766 βασίλειον
1229 709 1294 755 ὕπ’
1319 709 1459 756 αὐτόν.
1527 711 1595 753 καὶ

127 779 429 831 ἆποπλεῦσαςὸ
449 781 699 837 πρεσβευτὴς
725 780 935 835 Ῥωμαίων
976 781 1039 823 ε’πὶ
1075 779 1380 838 Ἀλεξάνδρειαν
1414 779 1484 824 διὰ
1519 783 1595 823 τοῦ

125 851 277 894 Νείλου
299 855 487 906 ποταμοῦ
508 852 574 893 καὶ
596 855 669 905 τῆς
684 850 854 905 Ἰνδικῆς
875 848 1097 905 θαλάσσης
1115 850 1354 906 κατίφθασε
1375 849 1428 893 τὰ
1444 848 1592 892 Ἰνδικὰ
1616 856 1647 891 C

70 918 245 975 ίομέρη.
316 921 383 962 καὶ
405 919 602 962 εἰσελθών
623 919 736 976 παρὰ
768 923 826 977 τῷ
857 923 1024 974 βασιλεῖ’
1036 923 1119 962 τῶν
1137 918 1297 972 Ἰνδῶν,
1334 918 1439 973 μετὰ
1458 922 1596 974 χαρᾶς

124 991 280 1043 πολλῆς
301 989 488 1042 ἐξενίσθη
510 986 532 1031 ὁ
554 988 747 1043 βασιλεὺς
765 987 919 1041 Ἰνδῶν,
944 987 1006 1031 ὅτι
1025 988 1093 1030 διὰ
1111 991 1273 1030 πολλῶν
1289 985 1450 1042 χρόνων
1470 985 1595 1042 ἠξιώ-

124 1061 188 1112 θη
231 1057 336 1111 μετὰ
366 1061 441 1100 τοῦ
472 1057 675 1109 βασιλέως
701 1055 911 1112 Ῥωμαίων
950 1054 1188 1112 κτήσασθαι
1230 1057 1382 1112 φιλίαν.
1455 1053 1511 1105 ὥς
1550 1056 1596 1098 δὲ

126 1123 351 1182 ἔξηγῆσατο
378 1123 399 1169 ὗ
422 1125 547 1176 αὐτὸς
563 1124 838 1183 πρεσβευτής,
878 1124 944 1169 ὅτε
973 1125 1139 1176 ἐδέξατο
1161 1124 1287 1167 αὐτὸν
1305 1123 1326 1168 ὃ
1346 1128 1429 1167 τῶν
1455 1124 1596 1167 Ἰνδῶν

125 1192 343 1248 βασιλεύς,
379 1192 623 1252 ὗφηγήσατο
645 1195 692 1238 τὸ
714 1199 852 1250 σχῆμα
871 1199 946 1250 τῆς
962 1198 1177 1249 βασιλικῆς
1202 1190 1286 1236 τῶν
1305 1193 1443 1236 Ἰνδῶν
1466 1210 1597 1236 κατα-

72 1273 116 1309 15
127 1260 311 1314 στάσεως
337 1261 399 1306 ὅτι
427 1263 580 1319 γυμνὸς
598 1261 752 1321 ὗπῆρχε
774 1267 841 1306 καὶ
860 1263 966 1306 κατὰ
985 1267 1060 1306 τοῦ
1084 1261 1297 1317 ζώσματος
1310 1265 1366 1313 εἷς
1389 1263 1464 1313 τὰς
1482 1260 1598 1316 ψύας

125 1330 255 1375 αὐτοῦ
277 1330 499 1390 λινόχρυσα
529 1330 672 1388 ἱμάτια
681 1366 695 1386 ,
732 1332 838 1376 κατὰ
866 1333 911 1375 δὲ
938 1336 1012 1388 τῆς
1051 1332 1229 1389 γαστρὸς
1259 1333 1327 1374 καὶ
1358 1336 1442 1375 τῶν
1473 1330 1596 1387 ὤμων

124 1405 268 1458 φορῶν
297 1401 496 1456 σχιαστάς
527 1400 596 1444 διὰ
635 1405 901 1458 μαργαριτῶν
945 1403 1012 1444 καὶ
1057 1403 1208 1455 κλαβιά
1242 1400 1321 1443 ἀνὰ
1369 1401 1485 1443 πέντε
1529 1401 1596 1442 καὶ

118 1473 258 1525 χρυσᾶ
279 1470 404 1524 ψέλια
427 1471 484 1520 εἷς
500 1470 576 1520 τὰς
589 1477 730 1527 χεῖρας
750 1470 902 1524 αὐτοῦ,
941 1471 984 1513 ἓν
1017 1471 1060 1513 δὲ
1080 1474 1130 1527 τῇ
1153 1474 1308 1528 κεφαλῇ
1335 1470 1463 1512 αὐτοῦ
1484 1467 1595 1512 λινό-

121 1553 277 1594 χρυσον
298 1536 486 1596 φακιόλιν
511 1540 883 1597 ε’σφενδονισμὲνον,
911 1538 1002 1594 ἔχον
1021 1540 1064 1590 ἐξ
1088 1539 1333 1596 ἀμφοτέρων
1356 1543 1440 1581 τῶν
1457 1542 1595 1594 μερῶν

69 1607 265 1663 2οσειρὰς
287 1607 514 1663 τέσσαρας,
551 1610 618 1651 καὶ
647 1606 839 1663 μανιάκιν
863 1612 1048 1663 χρυσοῦν
1077 1608 1119 1650 ἐν
1148 1612 1206 1666 τῷ
1235 1606 1428 1666 τραχήλῳ
1449 1607 1591 1659 αὐτοῦ,

126 1677 192 1718 καὶ
224 1677 371 1719 ἰ’στατο
403 1673 591 1733 ὑπεράνω
622 1675 833 1733 τεσσάρων
873 1674 1105 1733 ἐλεφάντων
1149 1674 1322 1731 ἐχόντων
1364 1675 1482 1732 ζυγὸν
1526 1676 1592 1718 καὶ

126 1745 301 1801 τροχοὺς
321 1743 373 1797 δ’,
409 1746 475 1786 καὶ
496 1742 629 1788 ἐπάνω
641 1778 655 1798 ,
693 1743 748 1795 ὥς
771 1745 906 1800 ι’ίχημα
929 1743 1093 1800 ὑψηλὸν
1114 1744 1388 1802 ἠμφιεσμένον
1403 1744 1597 1801 χρυσέοις

126 1812 339 1866 πετάλοις,
378 1811 512 1876 ὥσπερ
533 1815 618 1857 ἐστὶ
638 1813 690 1856 τὰ
712 1818 794 1857 τῶν
817 1811 1027 1870 ἀρχόντων
1053 1818 1137 1856 τῶν
1170 1815 1373 1870 ἐπαρχιῶν
1406 1812 1595 1869 ὀχήματα

217 1913 273 1947 11.
299 1907 468 1957 ἠξιώθην
490 1911 560 1946 Ox.
631 1914 686 1949 16.
709 1909 904 1957 λινόχρυσα
923 1911 1003 1953 Ch.,
1029 1911 1261 1957 Theophanes
1286 1921 1319 1956 p.
1340 1911 1420 1946 207.
1444 1910 1488 1952 A,
1511 1907 1597 1946 λινοὶ

214 1960 331 2003 χρυσᾶ
356 1958 425 1992 Ox·
496 1959 552 1994 17.
577 1958 766 2004 σχιαστᾶς]
791 1957 919 2003 σχιστοὶ
941 1958 1185 2004 Theophanes.
1263 1957 1346 1991 ibid.
1369 1957 1502 1992 κλανία
1527 1957 1595 1991 Ox.

215 2004 349 2052 Scripsi
370 2005 514 2052 κλαβία,
532 2006 624 2050 quod
641 2010 756 2052 potest
777 2006 879 2040 etiam
902 2005 1035 2041 κλαυία
1061 2003 1176 2038 scribi.
1211 2003 1255 2038 V.
1274 2003 1505 2050 Theophanes
1521 2003 1544 2038 l.
1562 2015 1594 2038 c.

124 2083 255 2121 certior
277 2095 299 2120 a
321 2084 447 2119 Rufino
469 2084 622 2120 Patricio
650 2085 784 2128 factus3
822 2084 1079 2121 Auxumitarum
1112 2095 1229 2129 regem
1251 2095 1356 2130 super
1378 2082 1430 2117 his
1454 2095 1518 2130 per
1540 2095 1594 2118 sa-

125 2142 202 2166 cras
229 2131 475 2177 interpellavit.
534 2131 663 2176 Regem
695 2132 752 2166 hic
785 2132 1037 2167 Homeritarum
1066 2131 1246 2172 Indorum,
1289 2129 1419 2175 praelio
1451 2141 1527 2163 cum
1551 2141 1593 2164 eo

71 2200 74 2203 -
125 2177 318 2220 commisso,
344 2178 477 2223 penitus
499 2177 753 2220 debellaverat3
798 2183 835 2213 et
857 2190 965 2223 regno
989 2179 1063 2222 ejus
1084 2178 1294 2222 regioneque
1317 2175 1516 2220 occupatis,
1541 2187 1597 2209 re·

123 2235 203 2269 gem
225 2222 294 2266 ibi,
331 2235 374 2258 ex
404 2235 532 2269 genere
563 2236 622 2258 suo
656 2230 830 2268 Anganem
863 2223 1108 2265 constituerat3
1148 2235 1187 2258 eo
1221 2222 1314 2268 quod
1346 2221 1598 2256 Homeritarum

123 2270 285 2305 Indorum
316 2270 420 2304 etiam
453 2282 594 2315 regnum
613 2271 685 2314 jam
715 2270 781 2305 sibi
813 2271 1002 2315 subjectum
1023 2270 1182 2306 haberet.
1238 2268 1421 2303 Caeterum
1444 2266 1595 2311 Legatus

124 2315 360 2359 Romanorum,
384 2327 472 2351 nave
495 2328 695 2357 conscensa3
729 2316 966 2351 Alexandriam
988 2327 1103 2350 versus
1129 2327 1258 2350 cursum
1283 2313 1418 2358 dirigit:
1443 2313 1596 2358 Niloque

124 2361 262 2397 flumine
279 2366 316 2396 et
331 2362 423 2397 Mari
443 2362 562 2397 Indico
586 2362 762 2406 trajectis,
795 2363 954 2398 Indorum
971 2362 1016 2397 ad
1035 2362 1190 2407 regiones
1208 2359 1377 2407 pervenit.
1419 2358 1526 2403 Cujus
1551 2358 1596 2392 ad

124 2407 323 2452 ingressum,
347 2409 423 2443 Rex
435 2408 609 2450 Indorum,
634 2420 759 2444 summo
772 2421 815 2443 ex
832 2409 972 2464 gaudio,
990 2408 1186 2453 obstupuit:
1212 2406 1304 2448 „Diu
1323 2404 1516 2450 (inquiens)
1529 2408 1594 2446 est,

126 2453 218 2497 quod
234 2454 432 2489 societatem
448 2465 522 2488 cum
532 2454 693 2488 Romanis
709 2455 847 2490 ineundi
859 2467 912 2490 me
928 2454 1039 2489 tenuit
1056 2453 1298 2488 desiderium.“
1322 2451 1467 2485 Habitus
1483 2455 1594 2485 autem

126 2498 232 2545 Regis
254 2499 375 2542 Indici,
400 2511 591 2546 pompaque
614 2500 772 2543 solennis,
795 2501 915 2547 quibus
931 2500 1096 2545 Legatum
1120 2500 1306 2533 Romanum
1329 2497 1402 2541 (uti
1425 2509 1465 2530 ex
1488 2497 1595 2541 ipsius

125 2555 186 2580 ore
203 2545 414 2588 didicimus„
433 2547 569 2592 excepit
586 2551 685 2581 erant
698 2547 898 2592 huJusmodi.
925 2547 1049 2581 Nudus
1060 2549 1156 2587 erat3
1172 2544 1300 2578 aZona
1311 2554 1394 2576 vero
1406 2543 1499 2576 circa
1510 2541 1597 2576 lum—

128 2592 188 2625 bos
210 2591 314 2626 vestis
335 2593 424 2626 linea
447 2604 531 2627 auro
554 2591 744 2627 intertexta
766 2593 1027 2634 demittebatur3
1064 2592 1107 2626 ab
1130 2590 1277 2624 humeris
1307 2595 1419 2623 autem
1444 2588 1488 2622 ad
1512 2599 1597 2622 ven-

127 2642 214 2671 trem
239 2637 411 2681 pendebat
430 2637 545 2673 tunica
567 2639 688 2681 soluta,
711 2639 903 2684 margaritis
924 2643 961 2674 et
983 2637 1121 2678 claneis,
1145 2647 1209 2682 per
1233 2633 1409 2680 quiniones
1433 2633 1597 2669 distribu-

127 2682 171 2717 tis
192 2682 371 2727 insignita
410 2683 628 2730 manibusque
651 2685 801 2720 armillas
823 2697 945 2720 aureas
967 2684 1137 2729 gestabat.
1200 2681 1317 2735 Caput
1339 2681 1412 2725 ejus
1436 2679 1525 2726 pileo
1549 2680 1592 2714 li-

126 2741 203 2770 neo,
227 2740 310 2763 auro
334 2728 519 2764 intertexto
543 2735 580 2764 et
601 2731 901 2777 contortuplicato,
925 2742 971 2765 ιν.
999 2729 1173 2763 catenulas
1193 2731 1355 2771 utrmque
1378 2725 1591 2768 demittente,

126 2774 249 2810 collum
272 2785 353 2808 vero
378 2774 492 2809 monili
513 2787 616 2811 aureo
640 2778 861 2811 ornabantur.
916 2774 1043 2810 Currui
1065 2785 1147 2808 vero
1169 2772 1350 2808 insedebat
1372 2773 1465 2815 alto,
1504 2784 1591 2818 qua-

127 2827 207 2855 tuor
231 2819 317 2855 rotis
349 2819 513 2863 suffulto,
538 2826 753 2868 quatuorque
777 2821 981 2867 Elephantis
1015 2825 1151 2861 tracto,
1195 2819 1255 2864 qui
1287 2818 1410 2865 petalis
1439 2825 1590 2864 quatuor

125 2866 258 2910 aureis,
298 2865 479 2913 (qualibus
523 2868 696 2913 argenteis
734 2869 991 2904 Provinciarum
1024 2865 1200 2902 Praefecti
1237 2865 1405 2910 utuntur)
1444 2864 1589 2900 eircum-

1620 1486 1654 1521 Ο
1683 1485 1747 1520 195
