1838 3230
388 143 1008 191 CHRONOGRAPHIA.
1062 143 1112 188 1..
1141 143 1298 191 XVIII.
1477 150 1576 198 429

110 270 320 319 δικτιῶνος
365 265 436 324 ἵτη
465 263 578 325 ρ’·ιθ’.
649 270 732 308 τῶν
763 264 944 322 ἀρχαίων
979 266 1024 308 δὲ
1041 265 1244 320 βασιλέων
1275 264 1372 315 τοίς
1396 262 1576 322 χρόνους

110 337 159 382 οὖ
179 338 446 394 δεΐψηφίζειν
491 334 596 379 κατὰ
617 333 690 377 τὸν
724 335 1015 391 προειρημένον
1047 334 1229 391 ἀριθμὸν
1261 339 1335 390 τῆς
1361 336 1574 388 βασιλείας

109 406 248 450 αὐτῶν
279 405 348 449 διὰ
373 405 422 448 τὸ
448 406 515 448 καὶ
545 401 620 447 δύο
654 402 741 458 ἅμα
780 408 1034 458 βασιλεῦσαι.
1115 401 1312 454 ὡσαύτως
1340 404 1385 446 δὲ
1418 405 1486 446 καὶ
1522 404 1575 446 τὰ

107 475 229 519 τέκνα
245 473 381 519 αὐτῶν
399 471 664 517 ἔκπαιδόθεν
685 471 855 530 ἔστεφον
871 473 909 515 οἶ
930 472 1100 529 πατέρες
1121 474 1187 515 καὶ
1205 472 1292 526 μετ’
1313 472 1450 515 αὐτῶν
1473 474 1574 527 ἔβα-

73 553 97 588 5
107 545 280 588 σιλευον.
339 540 385 586 ὁ
413 537 487 585 οὖν
521 539 805 598 χρονογράφος
831 539 1009 597 ἀνάγκην
1042 541 1119 596 ἔχει
1144 539 1315 598 γράφειν
1350 541 1447 591 τούς
1470 540 1573 598 χρό-

104 629 202 663 νους
225 611 349 662 ὅσους
365 611 624 665 ἐβασίλευσεν
646 610 817 661 ἕκαστος
850 608 1055 664 βασιλεύς.
1129 613 1193 653 ὸεῖ
1216 606 1289 653 οὖν
1308 610 1407 660 τοὺς
1430 610 1572 667 ἀναγι-

101 680 336 730 νώσκοντας
346 679 517 736 χρονικὰ
537 677 838 740 συγγράμματα
857 683 909 737 τῇ
930 677 1126 734 ποσότητι
1146 679 1353 736 προσέχειν
1373 683 1456 722 τῶν
1477 682 1568 722 δια·
1591 689 1623 723 V
1645 689 1691 725 55

102 747 344 808 δραμόντων
362 746 522 805 χρόνων
540 750 608 791 καὶ
639 746 768 802 μόνον
790 749 852 791 ἐπὶ
872 752 947 804 τῆς
973 753 1056 792 τῶν
1077 748 1444 807 προγεγραμμένων
1464 747 1569 792 πάν-

100 835 185 863 των
201 819 424 873 βασιλείας.

42 920 91 955 10
199 909 266 953 Ἐν
287 910 332 952 δὲ
349 915 436 959 τοῖς
449 905 615 966 χρόνοις
633 905 807 961 τούτοις,
828 906 884 959 ὥς
903 915 1109 966 προεῖπον,
1131 909 1390 964 ἐβασίλευσεν
1409 906 1430 952 ὖ
1453 907 1565 952 ‚9⁶16-
1594 914 1627 950 0
1653 916 1721 952 157

98 995 224 1030 τατος
249 977 557 1030 Ἰουστινιανός,
592 982 675 1020 τῶν
705 979 751 1021 δὲ
780 982 957 1035 Περσῶν
983 979 1177 1031 βασιλεὺς
1208 975 1391 1032 Κωάδης
1423 975 1444 1023 ὅ
1473 980 1568 1021 Δα-

99 1046 318 1103 ροῖσθενος,
358 1045 380 1090 ὃ
399 1047 490 1097 υἱὸς
506 1045 707 1103 Περόζου,
745 1047 787 1089 ἐν
806 1048 850 1089 δὲ
873 1045 1010 1105 Ῥώμῃ
1032 1045 1283 1104 Ἀλλάριχος,
1310 1045 1473 1102 ἔκγονος
1492 1052 1567 1090 τοῢ

102 1117 455 1172 Οὐαλεμεριακοῦ,
502 1120 578 1171 τῆς
606 1117 651 1158 δὲ
670 1115 866 1173 Ἀφρικῆς
883 1115 960 1173 ῥὴξ
979 1119 1020 1159 Γ
1016 1116 1168 1174 ιλδέριχ
1202 1114 1223 1159 ὅ
1250 1115 1411 1171 ἔκγονος
1431 1118 1472 1159 Γ
1468 1118 1566 1169 ινξι-

97 1187 227 1242 ρίχου,
265 1189 348 1228 τῶν
379 1185 424 1228 δὲ
447 1184 587 1228 Ἰνδῶν
604 1184 878 1239 Αὖξουμιτῶν
898 1186 1156 1238 ἐβασίλευσεν
1172 1183 1324 1234 ’Άνὸας
1355 1182 1375 1227 ὅ
1393 1185 1566 1241 γεγονὼς

41 1251 351 1312 15χριστιανός,
393 1257 478 1297 τῶν
507 1254 553 1296 δὲ
578 1251 749 1310 Ἰβήρων
793 1251 1051 1308 Σαμαναζός.

191 1345 260 1388 Ἐν
289 1346 335 1388 δὲ
359 1349 419 1404 τῷ
446 1343 788 1404 προγεγραμμένῳ
821 1343 897 1388 ἔτει
929 1348 1002 1400 τῆς
1028 1344 1240 1398 βασιλείας
1273 1343 1563 1390 Ἰουστινιανοῦ

91 1413 365 1471 κατεπέμφθη
393 1412 679 1471 στρατηλάτης
700 1412 914 1471 Ἀρμενίας
958 1411 1126 1468 ὀνόματι
1156 1414 1348 1464 Ζτίττας,
1421 1416 1463 1458 ἔν
1483 1416 1562 1472 γὰρ

90 1490 178 1534 τοῖς
196 1486 451 1540 προλαβοῦσι
467 1481 633 1539 χρόνοις
655 1481 729 1525 οὐκ
748 1481 849 1538 εἶχεν
869 1481 896 1539 ἢ
923 1481 1028 1538 αὐτὴ
1043 1482 1230 1540 Ἀρμενία
1252 1482 1554 1540 στρατηλάτην,
1584 1491 1614 1524 Β

91 1551 199 1596 ἀλλὰ
228 1553 379 1601 δοῦκας
405 1553 472 1594 καὶ
501 1550 704 1608 ἄρχοντας
737 1554 804 1594 καὶ
840 1550 1035 1607 κόμητας.
1118 1551 1269 1594 δέδωκε
1301 1553 1347 1594 δὲ
1380 1551 1400 1595 ὃ
1440 1553 1564 1603 αὐτὸς

34 1619 285 1676 ωβασιλεῦς
313 1623 373 1678 τῷ
410 1619 524 1679 αὐτῷ
552 1618 815 1678 στρατηλάτῃ
852 1619 1060 1677 ἀριθμοὺς
1091 1625 1355 1677 στρατιωτῶν
1400 1622 1444 1664 ἐκ
1479 1626 1563 1665 τῶν

90 1687 165 1733 δύο
195 1688 449 1748 πραισέντων
472 1690 540 1731 καὶ
569 1688 784 1743 ἀνατολῆς.
854 1690 921 1732 καὶ
938 1686 1195 1746 στρατεύσας
1215 1689 1428 1740 ἔντοπιόυς
1447 1707 1562 1749 σκρι-

179 1835 236 1870 12.
256 1830 473 1879 Ἆλλᾶριχος]
496 1829 728 1878 Ἀτοιλοξριχος
750 1832 817 1867 Ch.
841 1831 884 1868 V.
907 1832 952 1868 ad
979 1845 1015 1881 p.
1026 1833 1082 1870 35.
1097 1833 1137 1867 A.
1209 1831 1263 1868 14.
1280 1828 1431 1877 ’'Avsag]
1456 1833 1499 1868 V.
1523 1845 1559 1879 p.

177 1881 234 1916 57.
259 1880 301 1914 Β.
335 1876 443 1916 ’Aonio
475 1884 527 1914 est
551 1880 708 1915 Cedreno
732 1891 765 1926 p.
790 1879 870 1917 374.
893 1879 934 1914 B.
1008 1881 1063 1917 16.
1087 1876 1338 1924 Σαμαναζός]
1367 1881 1559 1926 Ζαβαναρ-

177 1924 239 1970 ζός
261 1925 435 1962 cedrenus
458 1938 492 1973 p.
516 1927 598 1963 371.
623 1927 665 1962 Β.

85 2052 244 2089 dictionis
266 2064 330 2088 vn.
354 2053 502 2097 exitum,
533 2056 772 2088 enumerantur
796 2052 876 2087 anni
899 2064 1014 2088 cchx.
1059 2053 1303 2100 Imperatorum
1325 2065 1431 2100 porro
1456 2057 1555 2089 ante-

84 2100 276 2135 cedentium
299 2105 454 2146 tempora
476 2112 544 2136 non
568 2106 621 2135 est
644 2107 684 2135 ut
708 2099 868 2134 conficias
890 2099 954 2134 tibi
977 2112 1021 2134 ex
1045 2100 1244 2143 antedictis,
1285 2112 1349 2146 per
1371 2111 1460 2146 quae
1483 2100 1555 2134 sin-

83 2145 156 2192 guli
187 2151 376 2191 regnarunt
398 2146 605 2188 intervallis,
644 2158 686 2180 ex
710 2158 751 2180 eo
775 2146 865 2190 quod
894 2145 1044 2181 nonnulli
1066 2152 1240 2192 sceptrum
1272 2146 1344 2181 bini
1364 2145 1551 2188 tenuerint,

83 2191 258 2237 filiosque,
299 2194 343 2227 ab
365 2191 510 2228 infantia
537 2193 645 2239 prima
676 2192 869 2226 diademate
890 2191 1090 2238 insignitos,
1127 2193 1164 2227 in
1195 2192 1330 2239 imperii
1352 2193 1551 2226 societatem

84 2242 243 2284 parentes
266 2238 458 2273 asciverint.
505 2239 555 2274 Et
578 2239 714 2284 quidem
738 2239 1041 2283 Chronographum
1076 2238 1179 2274 decet
1215 2244 1300 2284 quot
1323 2238 1464 2283 quisque
1487 2237 1552 2271 im-

84 2289 224 2330 perator
253 2296 357 2319 annos
387 2285 587 2330 regnaverit
618 2295 799 2331 exponere.
856 2286 902 2318 At
934 2284 1069 2319 interim
1093 2285 1264 2319 Chronica
1287 2283 1476 2328 hujusmodi
1499 2283 1552 2317 le·-

137 2334 141 2337 ’
213 2355 224 2373 ,
247 2329 325 2366 solis
347 2330 601 2366 decurrentium
626 2342 787 2366 annorum
808 2329 1015 2373 intervallis,
1038 2342 1101 2377 per
1122 2331 1255 2376 singula
1277 2329 1550 2364 antecedentium

83 2381 321 2420 mperatomm
341 2388 451 2422 regna
474 2378 653 2412 attendere
675 2381 824 2422 oportet.

174 2421 255 2463 Quo
278 2426 390 2457 autem
413 2428 567 2468 tempore
590 2422 830 2458 sacratissimus
846 2422 1054 2457 Iustinianus
1076 2422 1253 2469 imperium
1275 2420 1399 2463 tenuit,
1422 2420 1551 2456 Persa·-

82 2477 156 2501 rum
181 2467 256 2502 Rex
278 2468 345 2503 fuit
368 2469 503 2504 Coades
525 2469 780 2510 Darasthenus‚
811 2468 934 2503 Perozi
957 2469 1055 2503 fixius.

173 2511 358 2549 Romnum
380 2526 464 2550 vero
486 2527 627 2560 regnum
652 2515 774 2550 habuit
793 2514 985 2557 Alarichus,
1008 2513 1218 2555 Africanum,
1241 2511 1482 2554 Gilderichus;
1505 2512 1550 2547 il-

82 2557 115 2592 le
138 2557 371 2602 Valemeriaci‚
395 2561 451 2596 hic
475 2561 647 2596 Gensirici
670 2573 713 2596 ne
740 2572 787 2596 os.
836 2560 927 2595 Indis
950 2565 1062 2596 autem
1085 2558 1275 2595 Auxumitis
1297 2558 1458 2604 regnavit
1477 2559 1549 2594 An-

81 2603 155 2645 ἅδε,
180 2603 238 2649 qui
261 2605 474 2642 Christianus
496 2608 606 2642 sactus
631 2612 695 2650 est,
715 2573 829 2642 {beris
850 2619 934 2642 vero
957 2606 1179 2641 Zamanazus.

171 2649 382 2695 Supradicto
413 2659 525 2687 autem
550 2665 637 2687 anno
660 2653 795 2700 imperii
816 2652 1000 2688 Justiniani
1024 2652 1173 2693 Ztittas‚
1212 2650 1250 2684 in
1273 2650 1429 2685 Armenia
1452 2650 1547 2686 Mili-

80 2698 149 2730 tum
173 2695 341 2741 Magister
371 2698 571 2734 constitutus
604 2703 678 2742 est3
714 2698 797 2745 quip
823 2711 843 2733 e
865 2710 955 2744 quae
985 2698 1128 2733 antehac
1152 2698 1321 2738 Ducibus,
1354 2696 1546 2732 Praefectis

80 2745 117 2776 et
140 2740 328 2776 comitibus
350 2743 483 2788 paruit3
522 2744 669 2780 Militum
693 2756 776 2779 vero
798 2710 1001 2789 thistrum
1024 2755 1090 2778 non
1115 2743 1246 2780 babuit.
1293 2742 1489 2784 Quinetiam
1514 2743 1546 2777 ei

79 2786 176 2822 dedit
208 2787 399 2833 Imperator
442 2789 588 2825 Militum
623 2792 810 2834 Numeros,
858 2802 941 2836 quos
975 2790 1103 2823 duobus
1135 2788 1376 2824 Praesentibus
1408 2789 1544 2823 Militiis

79 2833 320 2881 Orientalique
343 2834 525 2874 subtraxit.
570 2836 709 2873 Tzittas
732 2842 861 2880 autem,
894 2835 1103 2881 Magistrum
1126 2839 1307 2883 suscepto,
1338 2834 1546 2871 Scriniarios
