1838 3230
243 170 340 218 134
635 165 928 211 IOANNIS
956 167 1297 212 MALALAE

240 283 262 328 ὃ
281 281 488 343 Στρόφιος
511 286 567 336 εἷς
585 285 659 341 τὴν
683 282 898 341 Μυκήνην,
930 286 973 328 ἐκ
987 285 1127 342 γένους
1145 284 1341 344 ὑπάρχων
1358 291 1432 331 τοῦ
1447 285 1698 344 Ἀγαμέμνο·

237 370 322 407 νος,
359 352 447 409 ἅμα
465 358 525 414 τῷ
543 354 619 413 υἱῷ
642 353 768 396 αὗτοῦ
789 351 965 412 Πυλάδῃ
985 359 1042 414 τῷ
1062 354 1388 412 συνανεγνωκότι.
1458 357 1527 398 καὶ
1544 355 1700 411 μαθὼν

239 420 262 465 ὅ
294 420 500 480 Στρόφιος
538 422 590 465 τὰ
623 419 838 476 συμβάντα
873 426 931 480 τῷ
960 421 1223 478 Ἀγαμέμνονι
1233 457 1246 477 ,
1296 422 1607 480 συνεβουλεύετο
1639 427 1698 484 τῷ

187 500 220 535 G
238 489 410 549 Ὀρέστῃ
443 488 619 545 πόλεμον
646 494 812 544 ποιῆσαι
837 490 938 546 πρὸς
956 490 1026 534 τὸν
1046 492 1267 548 Αἴγισθον,
1337 495 1404 536 καὶ
1424 492 1565 548 λαβὼν
1581 492 1699 550 Ὀρέ-

240 575 342 614 στην
377 559 534 616 ἔρχεται
561 559 616 608 εἷς
643 558 690 600 τὸ
709 556 965 609 Ἀπόλλωνος
989 567 1178 613 μαντεῖον
1211 565 1363 615 μαθεῖν
1385 563 1475 619 περὶ
1493 565 1566 604 τοῦ
1581 560 1734 619 Ὀρέ-5

240 643 354 671 στου.
425 628 492 668 καὶ
522 624 721 680 λαμβάνει
745 627 933 683 χρησμὸν
969 626 1032 670 ὅτι
1065 630 1130 671 δεῖ
1152 628 1223 672 τὸν
1245 630 1439 686 Ὀρέστην
1458 636 1607 672 κτεῖναι
1625 628 1700 686 τὴν

239 695 398 752 μητέρα
433 695 500 737 καὶ
531 694 604 737 τὸν
634 695 855 751 Αἴγισθον.
927 693 1014 738 εἶτα
1044 695 1129 753 ᾔτει
1154 702 1305 752 μαθεῖν
1338 700 1405 741 καὶ
1440 698 1634 754 Ὀρέστης
1666 698 1710 750 εἲΙ

241 760 501 820 περισώζεται
520 763 676 813 κτείνας
694 761 863 813 αὐτούς·
899 765 966 807 καὶ
989 763 1146 822 ε’ῤῥήθη
1165 766 1277 827 αὐτῷ
1305 764 1366 810 ’ότι
1400 763 1591 824 κρατήσει
1616 769 1702 810 τῶν

241 829 444 890 πατρῴων
464 832 533 874 καὶ
553 836 626 886 τῆς
645 829 962 887 Πελοποννήσου
983 830 1130 888 πάσης.

343 901 431 943 Καὶ
458 898 704 957 παρεκάλεσε
735 900 807 944 τὸν
832 898 1038 958 Στρόφιον
1054 899 1313 959 ὑποστρέψαι
1335 903 1391 953 εἷς
1410 901 1483 957 τὴν
1499 901 1608 946 ἰδίαν
1624 899 1702 945 αὖ·
1713 910 1759 948 10

102 974 136 1008 Ο
161 974 228 1011 170
249 971 325 1012 τοῦ
351 968 554 1025 πατρίδα,
591 966 770 1012 ἐάσαντα
789 968 900 1028 αὐτῷ
921 969 993 1012 τὸν
1013 969 1101 1012 υἱὸν
1123 970 1250 1014 αὐτοῦ
1271 970 1343 1013 τὸν
1368 968 1570 1026 Πυλάδην
1585 983 1596 995 ·
1636 971 1705 1013 καὶ

244 1038 427 1086 πεισθεὶς
452 1034 474 1078 ὃ
497 1034 703 1094 Στρόφιος
738 1038 922 1093 ἐποίησεν
949 1036 1091 1088 οὕτως.
1163 1041 1229 1082 καὶ
1249 1038 1389 1082 λοιπὸν
1406 1034 1540 1094 ἦλθον
1559 1039 1616 1088 εἷς
1632 1038 1706 1093 τὴν

245 1105 502 1160 Μυκηναίων
519 1103 634 1148 πόλιν
652 1103 673 1150 ὅ
691 1098 886 1162 Ὀρέστης
906 1107 972 1148 καὶ
991 1104 1011 1148 ὃ
1032 1104 1233 1162 Πυλάδης
1266 1107 1370 1150 κατὰ
1402 1106 1473 1150 τὸν
1496 1103 1704 1164 χρησμόν·

247 1173 315 1215 καὶ
333 1170 474 1232 λάθρᾳ
493 1174 658 1228 εἰσῆλθε
678 1174 780 1230 πρὸς
798 1174 1123 1231 τὴνἨλέκτραν,
1160 1175 1340 1232 ἀδελφὴν
1359 1174 1500 1229 αὐτοῦ,
1537 1176 1604 1217 καὶ
1623 1192 1707 1217 πα-

192 1245 226 1282 D
251 1244 422 1297 ρακαλεῖ
445 1240 572 1296 αὐτὴν
590 1248 724 1284 πεῖσαι
754 1242 827 1297 τὴν
847 1243 1005 1299 μητέρα
1028 1243 1155 1286 αὐτοῦ
1180 1241 1551 1300 Κλυταιμνήστραν
1585 1243 1702 1294 δέξα-
1715 1250 1759 1286 15

247 1313 353 1351 σθαι
373 1307 497 1351 αὐτόν
510 1322 519 1333 ·
555 1309 645 1365 ἥτις
660 1310 859 1366 Ἠλέκτρα
877 1310 1004 1354 ἔπεισε
1025 1311 1099 1366 τὴν
1117 1313 1224 1354 ῗδιάν
1239 1312 1395 1368 μητέρα
1405 1344 1419 1365 ,
1457 1314 1525 1354 καὶ
1541 1310 1704 1361 ἐδέξατο

247 1377 320 1419 τὸν
334 1377 543 1433 Ὀρέστην.
612 1380 679 1421 καὶ
701 1382 1013 1434 παρακληθεῖσα
1034 1377 1060 1434 ἦ
1085 1378 1436 1436 Κλυταιμνήστρα
1469 1377 1705 1434 ἕδυσώπησε

248 1445 321 1487 τὸν
339 1445 547 1500 Αἴγισθον
561 1459 571 1470 ·
607 1448 673 1488 καὶ
693 1448 854 1501 δεχθεὶς
874 1446 986 1503 παρὰ
1008 1451 1081 1490 τοῦ
1101 1449 1311 1504 Αἷγίσθου
1337 1446 1358 1490 ὃ
1382 1447 1575 1504 Ὀρέστης
1606 1465 1706 1500 μαι-

249 1509 418 1567 νόμενος
448 1513 671 1570 ἐκαρτέρει,
714 1513 963 1568 βουλόμενος
994 1517 1199 1571 ἐκδικῆσαι
1223 1520 1298 1559 τοῦ
1334 1516 1439 1558 ι’διόυ
1472 1514 1627 1571 πατρὸς
1656 1515 1704 1558 τὸ

251 1578 377 1634 αἴτια,
410 1580 535 1636 λέγων
564 1586 687 1625 πᾶσιν
723 1582 784 1626 ὅτι
814 1581 936 1638 Ἐμόν
963 1584 1047 1626 ἐστι
1075 1583 1123 1626 τὸ
1149 1585 1366 1638 βασίλειον.
1438 1587 1506 1626 καὶ
1528 1581 1762 1640 εὑρηκώς-20

250 1647 394 1705 καιρὸν
427 1647 576 1706 ἔσφαξε
615 1650 692 1706 τὴν
726 1652 833 1695 ῗδίαν
867 1651 1025 1708 μητέρα
1059 1653 1127 1694 καὶ
1163 1651 1235 1695 τὸν
1272 1653 1481 1708 Αἴγισθον
1519 1652 1704 1706 βασιλέα,

251 1715 325 1760 τὸν
347 1715 476 1759 αὐτοῦ
494 1717 699 1776 πατρωόν.
769 1720 836 1763 καὶ
856 1722 912 1771 εἷς
929 1720 1090 1776 ἔξηχίαν
1108 1715 1236 1776 ἦλθεν
1256 1720 1336 1764 ἀπὸ
1356 1724 1430 1776 τῆς
1445 1720 1594 1775 μανίας
1609 1719 1704 1777 παρ’

345 1847 401 1884 13.
420 1846 539 1894 κατὰ]
564 1847 658 1894 μετὰ
679 1850 749 1886 Ox.
839 1852 895 1888 22.
918 1850 1064 1898 ἐξηχίαν
1086 1851 1174 1894 Ch.,
1197 1849 1332 1897 ἕξιχίαν
1355 1851 1423 1886 Ox.

253 1962 395 1995 caveret
417 1960 504 2004 sibi,
537 1961 722 1998 intervenit
744 1964 945 2010 Strophius,
978 1964 1220 2010 Agamemnoni
1242 1967 1427 2010 cognatus;
1467 1963 1526 2019 qui
1546 1964 1709 2010 Mycenas

254 2006 443 2040 advenerat
466 2019 540 2041 cum
561 2008 713 2053 Pylade,
746 2009 817 2044 filio
840 2022 920 2053 suo,
945 2011 1004 2056 qui
1027 2023 1101 2046 cum
1129 2011 1253 2045 Oreste
1275 2010 1442 2045 enutritus
1464 2010 1560 2044 simul
1582 2010 1709 2045 literis-

254 2062 324 2096 que
350 2051 496 2086 imbutus
528 2054 651 2088 fuerat.
697 2055 879 2100 Strophius
911 2060 1023 2092 autem
1053 2056 1178 2092 certior
1208 2057 1320 2090 factus
1350 2056 1395 2090 de
1425 2055 1473 2090 eis
1503 2068 1593 2101 quae
1615 2058 1711 2101 Aga-

254 2097 421 2132 memnoni
452 2097 671 2142 acciderant3
712 2101 881 2135 consilium
914 2114 987 2136 cum
1012 2103 1137 2138 Oreste
1166 2101 1303 2143 habuit,
1340 2101 1384 2136 de
1416 2101 1515 2136 armis
1549 2102 1710 2137 adversus

255 2142 450 2186 Aegisthum
473 2144 649 2178 sumendis.
710 2145 789 2180 Una
811 2146 916 2191 igitur
938 2147 1103 2194 Apollinis
1134 2147 1307 2182 oraculum
1340 2147 1524 2190 adeuntes,
1562 2147 1646 2193 quid
1667 2148 1712 2182 de

257 2188 384 2222 Oreste
406 2188 553 2223 futurum
576 2194 681 2232 esset,
717 2191 941 2227 sciscitantur.
997 2194 1102 2229 Vates
1125 2192 1318 2239 respondit=
1355 2193 1529 2238 Oportere
1552 2194 1710 2228 Orestem

256 2237 399 2268 matrem
430 2245 522 2269 suam
556 2239 592 2269 et
623 2235 818 2280 Aegisthum
849 2237 892 2271 de
923 2239 1034 2274 medio
1065 2239 1196 2274 tollere.
1258 2239 1446 2273 Praeterea
1475 2239 1711 2283 interrogante

257 2280 403 2320 Oreste,
428 2291 471 2313 an
495 2280 689 2315 Parricidiis
711 2282 778 2316 suis
804 2284 1055 2327 supervicturus
1078 2284 1193 2319 esset'}
1238 2284 1353 2326 Immo,
1374 2285 1552 2330 respondit
1574 2285 1710 2318 Oracu-

259 2323 347 2366 lum3
379 2325 543 2360 Paternus
575 2326 676 2361 etiam
709 2327 852 2362 ditiones
873 2329 1207 2374 Peloponnesumque
1227 2333 1334 2364 totam
1357 2329 1538 2375 occupabit
1561 2330 1710 2364 Orestes.

353 2369 551 2416 Strophium
575 2372 692 2418 itaque
712 2373 866 2418 rogavit,
891 2374 942 2408 uti
965 2375 1094 2420 Pylade
1117 2376 1188 2410 filio
1211 2387 1321 2409 secum
1341 2375 1480 2416 relicto,
1502 2375 1575 2421 ipse
1591 2375 1627 2408 in
1646 2386 1710 2419 pa-

260 2414 360 2450 triam
390 2428 482 2451 suam
513 2417 652 2452 rediret.
707 2420 886 2453 Annuente
907 2431 988 2454 vero
1012 2421 1201 2466 Strophio,
1234 2422 1392 2462 Orestes,
1450 2424 1503 2454 ost
1526 2420 1711 2455 Oraculum

260 2465 458 2506 acceptum,
496 2474 562 2498 una
594 2475 666 2498 cum
697 2464 847 2510 Pylade,
883 2464 1046 2510 Mycenas
1078 2477 1231 2500 reversus
1266 2470 1327 2500 est.
1381 2432 1449 2499 Adp
1458 2477 1604 2500 sororem
1625 2477 1711 2501 vero

257 2506 431 2541 Electram
455 2508 540 2543 clam
561 2508 748 2554 ingressus,
779 2511 822 2544 ab
845 2521 886 2545 ea
917 2511 1064 2556 petivit,
1099 2511 1151 2544 uti
1183 2511 1488 2555 Clytaemnestram
1511 2515 1652 2545 matrem
1674 2512 1711 2545 in

259 2551 403 2594 gratiam
435 2565 545 2588 secum
573 2555 688 2590 redire
716 2555 883 2590 suaderet.
930 2556 1006 2590 Hoc
1036 2556 1067 2590 ei
1098 2556 1255 2590 effectum
1285 2555 1381 2590 dedit
1403 2567 1516 2590 soror:
1559 2557 1642 2602 quin
1675 2560 1712 2591 et

260 2596 550 2640 Clytaemnestra,
582 2601 738 2646 precibus
761 2602 831 2645 ejus
855 2600 900 2635 ad
925 2601 960 2635 id
985 2601 1151 2642 adducta,
1188 2600 1380 2644 Aegisthum
1402 2602 1525 2644 etiam,
1555 2607 1596 2637 ut
1619 2603 1711 2637 Ore-

262 2643 345 2675 stem
375 2643 569 2688 exciperet,
606 2647 729 2681 obnixe
750 2646 898 2692 rogavit.
943 2647 996 2680 Ab
1029 2646 1191 2691 Aegistho
1221 2648 1332 2681 autem
1365 2652 1524 2693 receptus
1557 2649 1710 2689 Orestes,

263 2685 381 2721 furore
410 2693 521 2724 tamen
544 2697 719 2737 correptus
751 2696 819 2735 est,
857 2691 996 2726 Paterni
1026 2691 1194 2736 sanguinis
1225 2692 1408 2727 vindictam
1430 2697 1523 2728 totus
1556 2693 1709 2738 agitans3

262 2741 472 2779 regnumque
491 2735 575 2770 illud
596 2749 688 2772 suum
711 2750 802 2781 esse,
831 2737 980 2772 omnibus
1004 2741 1183 2773 ostentans.
1228 2737 1379 2782 Tempus
1402 2750 1483 2773 vero
1506 2743 1623 2773 nactus
1645 2750 1707 2792 op-

262 2784 466 2822 permirum,
499 2787 639 2817 matrem
661 2796 751 2818 suam
775 2783 1035 2828 Aegisthumque
1057 2784 1100 2817 de
1123 2783 1232 2817 medio
1255 2783 1408 2818 sustulit:
1445 2796 1513 2830 quo
1536 2785 1649 2825 facto,
1671 2795 1706 2817 m

261 2824 418 2859 insaniam
439 2827 614 2873 prolapsus
637 2834 700 2865 est.
748 2829 928 2865 Caeterum
962 2841 1034 2865 cum
1067 2830 1162 2864 furor
1186 2829 1258 2875 ejus
1281 2829 1484 2877 quandoque
1504 2830 1706 2871 remitteret,
