1838 3230
450 183 1065 232 CHRONOGRAPHIA.
1121 183 1170 229 L.
1199 185 1272 231 VI.
1496 191 1592 241 163

127 302 248 352 Διδῶ
265 301 435 362 δνὸματι
453 305 732 364 Πυγμαλίων,
769 302 1123 362 διαφθονούμενος
1146 303 1281 365 αὐτῷ,
1318 303 1375 356 ὥς
1395 306 1500 349 πολὺ
1525 307 1593 350 εὖ-

127 373 245 435 πόρῳ
280 376 348 420 καὶ
382 372 583 419 κελεύοντι
612 371 726 432 πάσῃ
757 377 808 432 τῇ
838 371 956 434 χώρα
987 373 1129 432 ἐκείνῃ.
1196 368 1305 429 ἦσαν
1334 373 1413 430 γὰρ
1445 375 1485 418 οἱ
1516 374 1592 419 δύο

127 442 295 501 ἔφιπποι
327 441 648 495 καταδιώκοντες
679 440 860 498 σύαγρον
894 442 962 485 καὶ
989 439 1262 497 βαστάζοντες
1287 440 1504 499 βήναβλα·
1543 446 1590 488 ἐκ
1612 459 1644 494 Ε

125 516 211 556 τῶν
229 511 432 556 ὀπισθίων
460 508 533 556 οὗν
552 512 688 556 ἐλθὼν
709 508 730 554 ὅ
756 511 1013 567 Πυγμαλίων
1046 508 1195 555 δέδωκε
1218 515 1276 570 τῷ
1300 513 1466 572 Συχαίῳ
1486 515 1592 557 κατὰ
1617 522 1649 556 Ο
1672 525 1741 561 207

93 584 203 624 ὄτοῦ
228 578 362 624 νώτου
395 579 523 624 αὐτοῦ
553 584 605 639 τῇ
634 576 783 638 λόγχῃ,
821 580 888 623 καὶ
908 578 1123 637 ἐφόνευσεν
1146 578 1272 624 αὗτόν
1287 592 1298 604 ·
1334 576 1385 636 ἦν
1406 582 1482 639 γὰρ
1501 599 1593 639 γεν-

125 655 266 700 ναῖος·
301 650 369 692 καὶ
388 648 528 704 λαβὼν
545 649 593 693 τὸ
614 651 810 705 λείψανον
839 648 968 691 αὐτοῦ
1003 646 1169 707 ἕῤῥιψεν
1195 650 1250 699 εἷς
1268 647 1460 705 κρημνόν.
1525 653 1594 694 καὶ

125 715 393 774 ὖποστρέψας
412 716 493 761 εἶπε
518 722 605 769 τοῖς
626 717 891 775 διαφέρουσιν
913 717 1025 776 αὐτῷ
1046 719 1112 760 καὶ
1133 722 1186 775 τῇ
1205 721 1360 775 γαμετῇ
1380 718 1508 762 αὐτοῦ
1529 718 1593 763 ὅτι

126 783 184 836 ὥς
202 787 416 829 κατεδίωκε
435 785 508 830 τὸν
526 784 704 844 σύαγρον
725 787 1072 843 κατεκρημνίσθη.
1141 784 1341 842 ἠβούλετο
1364 787 1410 829 δὲ
1429 785 1450 830 ὅ
1469 787 1594 840 αὐτὸς

124 854 382 910 Πυγμαλίων
409 856 478 898 καὶ
504 852 579 910 τὴν
609 853 736 898 αὗτοῢ
759 852 941 912 ἀδελφὴν
959 858 1156 912 φονεῦσαι
1173 856 1240 897 καὶ
1257 858 1396 907 λαβεῖν
1416 855 1470 898 τὰ
1484 853 1593 912 χρή-

70 929 116 965 10
124 938 240 978 ματα
273 920 421 967 πάντα.
490 920 597 979 ἣτινι
626 922 746 968 Διδὼ
771 921 901 981 ἐφάνη
923 921 965 966 ἔν
988 920 1165 980 ὁράματι
1185 921 1206 966 ὃ
1227 922 1355 978 αὐτῆς
1381 922 1485 980 ἀνὴρ
1507 926 1593 968 Συ-

120 996 242 1047 χαΐος
258 992 327 1034 καὶ
347 989 452 1034 εἶπεν
469 991 575 1049 αὐτῇ
588 1022 601 1045 ,
636 987 746 1049 Φύγε
755 1021 769 1045 ,
806 989 864 1047 μή
889 1007 933 1035 σε
955 987 1133 1049 φονεύσῃ
1153 993 1421 1047 Πυγμαλίων,
1461 994 1596 1044 δείξας

126 1059 233 1117 αῧτῇ
257 1061 328 1102 ’καὶ
355 1057 428 1103 τὸν
454 1057 582 1103 τόπον
610 1064 685 1116 τῆς
709 1064 876 1116 πληγῆς,
946 1062 1013 1103 καὶ
1038 1059 1181 1103 λοιπόν
1201 1056 1229 1116 ἦ
1250 1058 1355 1115 αὐτὴ
1372 1058 1492 1103 Aaou>
1511 1063 1590 1104 202-
1613 1067 1646 1103 V
1668 1071 1714 1106 69

123 1132 266 1172 θοῦσα
290 1127 363 1171 τὸν
393 1126 543 1184 ἑαυτῆς
569 1127 748 1186 ἀδελφὸν
772 1128 1060 1184 ,Πυγμαλίωνα
1069 1159 1085 1182 ,
1122 1130 1190 1171 καὶ
1223 1122 1402 1184 εὖροῧσα
1433 1128 1591 1187 καιρόν,

125 1194 246 1249 ἔλαβε
280 1193 416 1240 πάντα
448 1193 502 1240 τὰ
527 1194 725 1253 χρήματα
760 1197 813 1240 τοὶ
850 1195 996 1252 ἑαυτῆς
1003 1226 1018 1251 ,
1063 1195 1132 1239 καὶ
1165 1200 1356 1252 βαλοῦσα
1384 1196 1441 1248 εἷς
1469 1202 1594 1242 πλοῖα

71 1270 116 1308 15
125 1263 231 1321 μετὰ
263 1269 348 1309 τῶν
386 1264 500 1308 ἰδίων
528 1263 763 1322 ἀνθρώπων
789 1261 918 1320 αὐτῆς
943 1268 1132 1322 φυγοῦσα
1166 1263 1413 1309 ἀπέπλευσεν
1444 1268 1489 1310 ἐκ
1514 1271 1594 1322 τῆς

129 1332 336 1389 Φοινίκης,
372 1335 439 1376 καὶ
455 1329 587 1389 ἦλθεν
604 1334 660 1385 ε’ῗς
679 1333 754 1390 τὴν
772 1331 959 1389 Λιβύην,
991 1331 1136 1390 χώραν
1159 1337 1234 1390 τῆς
1245 1333 1453 1390 Ἀφρικῆς.
1524 1338 1591 1378 καὶ

125 1402 246 1455 κτίζει
286 1402 371 1445 ἐκεῖ·
402 1400 520 1445 πόλιν
548 1400 730 1460 μεγάλην
753 1400 883 1456 πάνυ,
920 1400 972 1458 ἣν
1002 1399 1165 1445 ἐκάλεσε
1195 1399 1488 1459 Καρτάγεναν·
1523 1405 1591 1447 καὶ

123 1471 381 1526 ἐβασίλευσεν
399 1471 442 1514 ἐν
462 1470 591 1530 αὐτῇ,
627 1473 695 1514 καὶ
713 1471 796 1514 ἕκεῒ
809 1470 974 1530 τελευτᾷ
999 1468 1225 1528 σωφρόνως
1246 1469 1417 1525 ζήσασα.

222 1537 272 1583 ‘0
303 1540 348 1582 δὲ
372 1541 543 1590 Αἰνείας
556 1539 745 1596 χρησμὸν
771 1539 913 1594 λαβὼν
948 1539 1194 1582 ἀπέπλευσεν
1211 1538 1293 1581 ἀπὸ
1311 1543 1386 1594 τῆς
1404 1535 1589 1596 Λιβύης,

69 1613 117 1648 20
125 1605 375 1663 βουλόμενος
397 1608 461 1651 ἐπὶ
481 1608 556 1664 τὴν
577 1608 754 1652 Ἰταλίαν
771 1607 919 1652 ἐλθεῖν.
991 1607 1141 1662 ἀνέμου
1163 1608 1208 1650 δὲ
1227 1607 1411 1650 ἐναντίου
1427 1607 1591 1663 γενομέ-

123 1694 220 1730 νου,
258 1676 446 1734 ἔξεῤῥίφη
465 1676 570 1732 μετὰ
587 1681 670 1720 τῶν
693 1676 816 1733 ΐδίωνζ
836 1677 988 1719 πλοίων
1020 1676 1193 1731 πλησίον
1219 1676 1295 1730 τῆς
1320 1675 1506 1726 Σικελίας
1536 1679 1593 1726 εἷς

125 1745 202 1800 τὴν
236 1745 483 1801 Καλαβρίαν
516 1743 558 1788 ἓν
598 1741 711 1788 πόλει
746 1745 938 1802 λεγομένῃ
972 1743 1247 1801 Ἀργυρίππῃ,
1294 1747 1346 1800 τῇ
1376 1745 1590 1802 κτισθείσῃ

125 1811 207 1857 ὕπὸ
235 1811 475 1869 Διομήδους
504 1817 579 1856 τοῦ
610 1812 788 1863 Τυδέως.
860 1811 970 1863 ὅστις
990 1810 1169 1870 ὖπῆρχεν
1186 1811 1379 1862 Λῖτωλός
1397 1817 1455 1872 τῷ
1472 1813 1585 1870 γένει,
1611 1820 1640 1859 Β

219 1934 277 1972 17.
300 1928 562 1980 Καρτᾶγεναν]
585 1931 847 1979 Χαρταγαίναν
867 1930 936 1968 Ox.
984 1927 1084 1970 conf.
1106 1932 1178 1969 vol.
1201 1928 1247 1969 Π.
1271 1942 1307 1980 p.
1329 1934 1384 1970 68.
1408 1930 1451 1970 B.

126 2036 183 2072 eui
199 2035 344 2072 Didonis
365 2037 490 2079 frater,
514 2031 732 2081 Pygmalion,
755 2032 928 2078 invidens,
953 2035 1050 2081 (tum
1073 2032 1163 2083 quod
1185 2032 1364 2073 ditissimus
1388 2042 1496 2082 esset,
1517 2042 1588 2075 tum

126 2082 230 2118 etiam
263 2082 354 2128 quod
378 2094 506 2117 omnem
538 2083 574 2116 in
597 2082 749 2117 exercitu
771 2082 947 2127 regionem
967 2082 1032 2117 sibi
1060 2083 1248 2126 subjectam
1279 2085 1460 2130 teneret:)
1500 2097 1586 2128 eum,

124 2129 218 2164 inter
249 2128 458 2171 venandum,
493 2128 693 2163 trucidavitd
762 2128 846 2162 Cum
881 2127 967 2163 enim
999 2128 1066 2163 duo
1098 2124 1175 2171 isti,
1210 2130 1385 2165 venabulis
1416 2130 1586 2174 instructi,

124 2175 256 2220 equites
297 2183 415 2220 aprum
453 2179 756 2221 persequerentur3
799 2173 1015 2220 Pygmalion,
1053 2178 1152 2220 tergo
1193 2175 1351 2218 veniens,
1392 2176 1584 2219 sichaeum,

124 2221 218 2266 (qui
247 2219 302 2255 vir
332 2226 408 2255 erat
436 2221 638 2265 strenuus‚)
681 2221 781 2255 dorso
814 2220 911 2254 hasta
940 2220 1124 2262 transfixo,
1159 2220 1355 2263 interfecit3
1394 2233 1586 2267 corpusque

125 2266 199 2311 ejus
231 2270 444 2312 correptum,
476 2266 511 2301 in
544 2278 711 2312 praeceps
742 2265 847 2300 dedit.
893 2264 1064 2301 Reversus
1094 2269 1207 2301 autem
1237 2278 1258 2301 a
1288 2266 1487 2309 venatione,
1523 2279 1585 2301 ne-

126 2312 279 2348 cessariis
313 2317 350 2347 et
379 2308 478 2347 uxori
511 2313 583 2357 ejus
615 2313 750 2347 retulitz
785 2323 876 2353 eum,
910 2312 988 2347 dum
1018 2323 1132 2358 aprum
1162 2313 1414 2358 insequeretur,
1450 2313 1585 2358 praeci-

123 2357 233 2404 pitem
257 2361 367 2392 actum
390 2358 541 2404 periisse.
587 2358 723 2394 Habuit
742 2357 844 2392 etiam
867 2357 901 2392 in
922 2358 1030 2393 animo
1054 2358 1254 2403 Pygmalion
1278 2368 1424 2392 sororem
1447 2370 1539 2393 suam
1563 2371 1584 2393 e

124 2403 236 2438 medio
258 2403 401 2445 tollere,
440 2403 645 2450 divitiasque
668 2402 739 2448 ejus
773 2415 884 2439 omnes
906 2412 1085 2450 occupare.
1132 2405 1204 2439 Sed
1227 2404 1388 2450 apparuit
1412 2415 1474 2448 per
1494 2404 1584 2438 inso—

125 2448 246 2484 mnium
269 2448 394 2483 Didoni
417 2449 582 2484 Sicbaeus
605 2450 751 2494 conjux3
788 2449 848 2494 qui
870 2449 1001 2484 monuit
1023 2461 1116 2492 eam3
1153 2450 1269 2495 Fuge,
1293 2448 1516 2494 (inquiens‚)
1540 2462 1584 2485 ne

126 2498 163 2530 te
185 2493 386 2539 Pygmalion
409 2495 562 2530 occidatz
596 2495 759 2540 simulque
781 2495 813 2529 ei
831 2494 984 2530 ‘vulneris
1004 2496 1115 2530 locum
1138 2495 1294 2530 ostendit.
1339 2494 1429 2528 Dido
1452 2494 1581 2540 itaque,

126 2544 259 2585 tempus
278 2545 379 2575 nacta
401 2546 639 2587 opportunum,
663 2542 749 2576 clam
767 2541 888 2583 fratre,
912 2541 1050 2576 divitias
1071 2553 1146 2576 suas
1170 2553 1281 2576 omnes
1305 2540 1482 2584 congerite
1507 2542 1584 2586 qui-

126 2586 191 2620 bus
213 2583 247 2619 in
270 2596 372 2620 naves
396 2587 578 2631 conjectis,
611 2587 707 2622 simul
730 2598 802 2621 cum
825 2587 892 2622 suis
915 2599 958 2622 ex
981 2587 1168 2622 Phoenicia
1190 2587 1341 2631 fugiens,
1366 2586 1400 2619 in
1425 2583 1580 2632 Libyam,

126 2629 266 2665 Africae
288 2631 479 2676 regionem,
501 2633 677 2678 pervenit:
700 2632 758 2667 ubi
781 2634 866 2667 urbe
888 2629 1031 2668 maxima
1050 2636 1228 2674 extructa,
1253 2630 1493 2675 Carthaginem
1515 2644 1579 2679 ap-

126 2675 289 2723 pellavitz
311 2676 426 2722 ibique
447 2678 560 2713 sedem
582 2678 680 2724 regni
703 2678 928 2720 constituens,
952 2678 1055 2713 vitam
1079 2676 1202 2723 pudice
1226 2682 1337 2711 actam
1361 2677 1514 2711 absolvit.

214 2723 346 2756 Aeneas
368 2727 477 2758 autem
501 2724 651 2759 Oraculo
682 2724 826 2759 monitus
850 2736 870 2758 a
893 2724 1002 2769 Libya
1025 2724 1143 2764 solvit,
1180 2723 1215 2756 in
1239 2722 1372 2757 Italiam
1395 2722 1580 2768 navigatu-

124 2779 199 2803 rus:
231 2767 291 2802 sed
314 2767 463 2803 adversis
477 2769 626 2813 jactatus
648 2770 774 2812 ventis,
809 2770 939 2805 delatus
963 2773 1014 2803 est
1037 2781 1110 2803 cum
1134 2768 1238 2803 classe
1260 2779 1322 2802 sua
1344 2768 1395 2802 ad*
1411 2769 1579 2815 Argyrip-

125 2824 225 2860 pam,
259 2813 442 2848 Calabriae
465 2815 600 2856 urbem,
637 2827 705 2851 non
727 2816 847 2870 procul
871 2828 892 2850 a
913 2814 1032 2849 Sicilia
1059 2814 1169 2848 sitam.
1217 2813 1434 2849 Conditorem
1458 2815 1579 2849 habuit

125 2860 207 2894 urbs
228 2859 296 2894 ista
317 2858 536 2904 Diomedem,
558 2860 674 2906 Tydei
694 2861 821 2896 filium:
855 2860 995 2907 Tydeus
1019 2863 1150 2902 autem,
1174 2859 1306 2895 Aetolia
1331 2858 1510 2903 oriundus,
1534 2861 1579 2896 ab
