1838 3230
580 152 1048 200 ANNOTATIONES.
1444 156 1541 208 561

0 261 5 266 ⁵
69 271 170 312 ᾤου
185 270 374 312 Mazacae
394 269 487 311 urbi
507 283 529 309 a
545 269 703 310 Tiberio
722 270 824 323 Imp.
843 277 936 323 post
966 269 1160 323 temporis⁴
1177 269 1409 322 impositum*
1425 270 1547 310 fuisse

87 327 366 382 prodiderunt.
421 329 585 379 Eutrop.
614 326 684 366 lib.
705 330 746 370 7.
775 327 825 366 de
842 328 1000 368 Tiberio
1027 327 1126 366 haec
1149 326 1280 365 habet.
1343 325 1547 378 Quosdam

89 399 194 438 reges
207 399 279 437 per
294 382 510 424 blanditias
527 393 728 433 evocatos,
759 399 958 438 nunquam
978 385 1148 434 remisi15
1176 385 1218 422 in
1237 381 1376 437 quibus
1392 383 1546 422 Arche-

88 439 198 480 laum
228 438 510 494 Cappadocem.
571 437 688 492 Cujus
714 441 828 478 etiam
859 455 1014 493 regnum
1045 441 1087 478 in
1118 438 1348 478 Provinciae
1358 438 1545 493 formam
1596 471 1597 477 ,

89 495 257 550 redegit,
295 505 332 535 et
359 497 581 536 maximam
604 497 798 534 civitatem
820 495 1013 550 appellari
1031 496 1184 535 nomine
1202 509 1272 535 suo
1284 497 1417 548 jussit,
1446 510 1546 549 quae

67 582 70 583 γ
87 567 194 593 nunc
217 553 408 592 Caesarea
426 550 583 600 dicitur,
614 567 700 590 cum
719 551 899 592 Mazaca
919 562 1033 590 antea
1058 548 1272 593 vocaretur.
1330 551 1432 590 Urbs
1449 551 1547 591 haec

87 615 203 648 etlam
225 608 420 648 Eusebeia
442 614 554 647 antea
574 607 682 646 dicta
705 608 857 657 suerat,
895 614 996 647 teste
1026 609 1219 647 Strabone
1244 607 1354 660 apud
1374 608 1549 660 Stepha-

85 677 207 705 num:
236 661 469 716 Καισάρεια,
491 661 734 718 μητρόπολις
751 668 824 716 τῆς
844 665 1146 715 Καππαδοκίας,
1174 663 1204 717 ἦ
1219 664 1317 718 πρὶν
1335 661 1546 718 Εὗσέβεια,

85 721 156 762 καὶ
174 718 322 772 Moira,
353 720 408 770 οἷς
434 717 642 774 Στράβων.
700 721 987 770 Scribendum‚
1019 718 1212 771 Μάζακα,
1241 721 1301 760 uti
1319 729 1460 773 postea
1478 728 1547 762 et·-

83 777 163 846 iam
181 777 304 818 habet
319 777 559 831 Stephanus:
602 774 792 829 Μάζακα,
822 775 938 827 πόλις
959 778 1272 829 Καππαδοκίας,
1303 776 1334 831 ἦ
1350 781 1429 820 νῦν
1445 782 1546 820 Και-

85 846 136 876 σα
164 849 236 876 εια.

138 850 160 889 ρ
199 894 293 944 Pag.
323 894 418 936 224.
449 890 489 934 4.
533 884 588 944 ἦν
614 888 688 945 γοῖρ
717 890 875 946 Καίσαρ
899 894 1015 939 θεῖος
1043 894 1116 931 τοῦ
1136 886 1263 931 αὐτοῦ
1285 887 1544 944 Αὐγούστου]

83 946 254 999 Augusti
272 949 492 988 avunculus
512 947 639 999 major
659 955 744 987 erat
762 948 792 987 J.
815 949 968 987 Caesar.
992 950 1152 988 Sueten.
1173 950 1308 987 Postea
1334 947 1376 988 C.
1404 947 1546 987 Caesa-

85 1004 161 1054 ris,
190 1014 226 1043 et
246 1002 384 1044 deinde
403 1004 580 1059 Augusti
598 1019 809 1057 cognomen
828 1005 1061 1057 assumpsit.-
1101 1002 1264 1043 alterum
1276 1032 1288 1051 ‚
1317 1014 1544 1044 testamento

83 1061 246 1114 majoris
264 1059 472 1101 avunculi.-
508 1071 579 1100 etc.
636 1062 820 1100 Parentes
837 1062 940 1100 enim
963 1060 1104 1100 habuit
1126 1060 1332 1099 Octaviam
1349 1067 1387 1099 et
1403 1061 1545 1110 Atiam,

83 1115 137 1155 Μ.
154 1116 246 1156 Atio
265 1117 390 1157 Balbo
411 1124 451 1158 et
467 1117 589 1168 Julia,
618 1131 753 1157 sorore
772 1117 813 1161 C.
833 1117 1031 1168 Caesaris,
1060 1117 1248 1169 genitam:
1292 1117 1431 1157 eodem
1448 1119 1544 1157 Sue-

82 1173 196 1212 tonio
213 1179 324 1214 teste.
693 1188 695 1190 ·

199 1233 295 1284 Pag-
322 1229 420 1274 224.
459 1235 524 1273 12.
569 1227 732 1283 ὀνόματι
760 1227 991 1285 Κορνήλιον
1029 1228 1206 1282 Γάλλον]
1254 1231 1472 1281 Eutropius
1502 1229 1545 1269 in

81 1284 275 1338 Augusto.
331 1287 536 1342 Aegyptus
553 1303 623 1340 per
645 1286 904 1327 Octavianum
923 1286 1149 1340 Augustum
1171 1286 1338 1339 Imperio
1361 1286 1439 1326 Ro.
1469 1285 1547 1325 acl-

77 1343 184 1395 y‘ecia
216 1352 294 1394 est,
331 1344 648 1397 praepositusque
682 1341 755 1383 Cn.
782 1341 982 1383 Cornelius
1015 1342 1167 1384 Gallus.
1226 1342 1350 1383 Hunc
1373 1344 1545 1395 primum

80 1397 286 1452 Aegyptus
312 1398 538 1438 Romanum
566 1398 745 1438 Iudicem
770 1398 920 1440 habuit.
976 1396 1276 1455 Α’ὗγουστᾶλιος
1304 1406 1437 1439 autem
1464 1399 1543 1439 Ae-

78 1457 197 1508 pypti
222 1456 446 1496 Praefectus
467 1456 722 1508 peculiariter
737 1457 971 1509 appellatur.
1421 1468 1425 1471 ·

192 1521 291 1576 Pog·
323 1523 418 1567 224.
447 1526 514 1566 20.
544 1522 609 1564 ἐπὶ
627 1526 699 1575 τῆς
714 1522 904 1572 ὑπατείας
922 1524 1201 1576 Καλβισιανοῦ
1219 1522 1288 1564 καὶ
1298 1521 1542 1573 Πολλίωνος]

81 1578 272 1619 Consules
294 1579 339 1618 hi
368 1592 563 1631 nusquam
594 1586 807 1631 apparent,
836 1594 908 1634 per
937 1586 1067 1620 totum
1088 1581 1188 1632 Aug.
1206 1579 1438 1633 imperium,
1468 1592 1543 1618 nec

81 1635 191 1688 apud
207 1636 435 1686 Eusebium,
464 1649 537 1675 nec
554 1635 677 1674 fastos
695 1636 863 1675 Siculos.

199 1705 292 1756 Pag.
323 1702 418 1747 224.
448 1701 516 1745 25.
559 1705 632 1743 τοῦ
649 1699 958 1757 ὕπερβερεταίοὺ
993 1702 1143 1756 μηνὸς]
1174 1703 1238 1743 Ad
1254 1709 1435 1742 nostrum
1456 1716 1545 1742 cor-

81 1758 288 1809 rigendum
318 1765 378 1798 est
399 1757 489 1797 Chr.
517 1758 627 1799 Alex.
650 1760 719 1797 ubi
751 1774 824 1811 pro
845 1759 1172 1812 ὖπερβερεταίου,
1213 1760 1390 1814 περιτίου
1419 1758 1543 1798 habe-

83 1828 183 1855 mus.
237 1815 359 1855 Vides
390 1821 520 1854 autem
546 1829 652 1853 nunc
671 1817 835 1866 Lector,
864 1816 971 1855 unde
991 1816 1136 1855 Chron.
1156 1816 1263 1855 illius
1289 1815 1540 1867 compilator,

81 1871 268 1911 Auctoris
283 1871 344 1910 sui
362 1885 505 1910 nomen
532 1872 627 1910 licet
648 1872 794 1923 ubique
812 1873 1056 1925 supprimat,
1083 1873 1346 1913 narrationem
1363 1872 1468 1911 hanc
1490 1873 1541 1912 de

79 1928 248 1978 Sosibio,
281 1929 342 1967 uti
359 1934 396 1968 et
412 1929 583 1981 plurima
601 1928 688 1979 alia,
716 1929 992 1981 desumpserit.

194 1999 289 2050 Pag·
318 1995 414 2040 225.
440 1996 477 2038 5.
509 1996 553 2037 ἐκ
571 1999 652 2036 τῶν
672 1992 815 2050 πρώην
833 1993 988 2050 φόβων]
1020 1993 1156 2050 φόβος,
1175 2009 1249 2048 pro
1269 2002 1396 2035 terrae
1415 2002 1539 2047 motu,

79 2052 350 2093 calamitateve
368 2053 444 2091 alia
463 2053 555 2102 tali,
584 2053 809 2104 frequenter
827 2052 935 2106 apud
959 2061 1137 2093 nostrum
1156 2053 1336 2091 sumitur.-

192 2107 288 2162 Pag.
320 2110 417 2154 225.
449 2113 514 2153 16.
543 2107 697 2161 ’ὑπῆρχε
715 2107 969 2163 κονὸοειδής]
999 2111 1056 2150 De
1076 2110 1244 2162 AQusti
1261 2115 1428 2159 statura,
1446 2107 1539 2147 vide

79 2165 240 2207 Sueton.
261 2166 304 2205 in
324 2166 492 2205 Octavio
510 2167 584 2205 Tit.
607 2170 673 2208 79.

194 2224 290 2276 Peg.
314 2227 410 2267 226.
443 2226 482 2264 1.
511 2225 568 2277 τῷ
586 2220 629 2262 δὲ
647 2217 722 2262 λθ’.
744 2221 838 2275 ἔτει]
869 2217 1096 2276 Απογραφῆ
1115 2221 1214 2261 haec
1236 2223 1339 2261 facta
1359 2227 1418 2259 est
1434 2233 1537 2259 xmr.

79 2275 247 2330 Augusti
268 2280 367 2332 Imp.
394 2293 518 2326 anno,
552 2279 727 2330 Augusto
748 2293 836 2317 xm.
857 2285 896 2318 et
921 2280 974 2319 M.
995 2279 1148 2318 Plautio
1172 2280 1280 2317 Coss.
1304 2284 1397 2315 teste
1417 2278 1537 2316 Euse-

78 2331 158 2375 bio.
229 2335 340 2383 Quos
371 2349 466 2377 vero
500 2334 568 2375 hic
597 2336 751 2375 Auctor
784 2336 972 2376 Consules
990 2335 1190 2385 nominat,
1235 2347 1428 2386 nusquam
1460 2347 1539 2386 ap·-

78 2396 205 2442 paret.

137 2454 170 2492 &¹⁸2
195 2448 289 2501 Pag.
316 2451 412 2492 226.
441 2452 506 2493 11.
551 2447 595 2491 ἐν
625 2447 794 2505 ὕπατείᾳ
823 2447 1020 2491 Κουῖνίου
1046 2447 1114 2490 καὶ
1135 2445 1361 2502 Λογγίνου]
1398 2444 1539 2486 Novos

79 2513 206 2554 usque
226 2510 265 2542 et
282 2505 482 2545 inauditos
507 2506 694 2546 Consules
712 2506 826 2546 nobis
852 2505 1013 2546 exhibet
1031 2506 1196 2545 Auctor.

192 2570 289 2624 Pug-
318 2576 413 2616 227.
442 2573 480 2616 5.
508 2575 679 2626 πλησίον
699 2567 825 2615 οὖσαν
843 2577 916 2628 τῆς
938 2568 1204 2628 Ιερουσαλήμ]
1234 2573 1317 2612 Ser.
1347 2568 1466 2626 οὔσῃ.

191 2635 295 2678 Ibid.
352 2639 463 2690 ἔτους
499 2639 599 2682 κατὰ
627 2638 864 2695 Αντιόχειαν
903 2640 977 2694 τήν
1011 2656 1093 2694 μεγ.
1118 2638 1421 2693 χρηματίζοντος
1451 2636 1535 2691 μβ’]

77 2691 215 2732 Annus
246 2694 414 2746 Augusti
437 2711 525 2738 xxau
548 2698 688 2739 incidit
706 2699 747 2738 in
779 2699 902 2739 Aerae
931 2696 1196 2736 Antiochenae
1222 2708 1368 2734 annum
1398 2709 1532 2734 van:

77 2750 126 2788 ab
156 2763 258 2789 anno
287 2752 389 2791 enim
419 2755 548 2805 primo
579 2756 611 2794 J.
635 2755 831 2805 Caesaris,
862 2755 930 2807 qui
950 2767 989 2792 v.
1021 2767 1144 2793 annos
1163 2752 1363 2804 regnavit,
1395 2753 1538 2806 incipit

75 2805 176 2846 Aera
195 2805 306 2858 haec;
347 2809 405 2847 uti
427 2811 542 2850 etiam
560 2811 715 2852 Auctor
730 2818 867 2851 noster
879 2823 1021 2863 supra.

130 2868 277 2905 loannes
312 2869 478 2907 Matazao.
1207 2868 1262 2909 36
