1838 3230
315 175 415 223 570
809 171 1271 217 ANNOTATIONES.

309 287 429 340 perii,
458 302 576 341 neque
595 284 790 325 voluntate
808 284 913 334 ulla,
942 301 1061 341 neque
1080 304 1146 341 spe
1162 299 1288 328 motus
1310 304 1499 345 unquam,
1527 301 1598 332 etc.
1633 294 1753 334 Ponti

312 341 429 381 modo
449 358 605 396 regnum
622 340 848 381 concedente
865 339 1089 394 Polemone,
1118 346 1206 384 item
1224 343 1415 397 Alpium,
1446 345 1629 402 dq‘imoto
1652 347 1753 389 Cot·-

313 399 381 447 tio‚
411 400 452 437 in
469 398 692 451 provinciae
699 396 884 450 formam
904 397 1057 451 redegit.
1113 397 1247 454 χώραν
1265 414 1362 440 vero
1383 400 1505 454 ὄὶλλην
1525 404 1662 444 forsan
1678 418 1751 445 vo-

313 461 400 503 cat,
429 461 610 504 respectu
631 452 765 490 habito
792 453 842 491 ad
867 453 1050 493 Judaeum
1063 483 1078 506 ,.
1103 469 1203 507 quae
1234 457 1348 496 etiam
1378 473 1400 496 a
1422 457 1682 513 Vespasiano,
1708 462 1752 501 in

310 510 420 549 illam
439 526 460 548 a
479 511 631 548 Nerone
650 509 793 558 misso,
823 509 977 548 tandem
996 511 1152 562 penitus
1174 514 1334 552 subacta
1354 519 1424 554 est.

427 569 518 617 Pag.
547 568 641 608 257.
674 569 740 607 20.
779 563 935 606 Πόντον
965 567 1287 621 Πολεμονιακὸν]
1318 572 1401 612 Scr.
1427 570 1750 624 Πολεμωνιακόν.

311 621 550 674 Stephunus,
580 622 621 659 in
646 617 820 670 Πόντος,
851 620 930 662 ἔστι
949 622 1016 662 καὶ
1039 620 1196 672 Πόντος
1217 625 1521 677 Πολεμωνιακός
1545 628 1721 682 ἐπαρχία.

422 677 520 729 Peg.
550 678 643 720 257.
674 682 740 720 21.
773 677 898 730 ἔχαιρε
916 681 972 729 τῷ
990 679 1140 736 Βενέτφ
1157 680 1285 734 μέρει]
1320 683 1568 724 Contrarium
1585 699 1635 724 ex
1652 688 1748 726 Sue-

309 734 421 773 tonio
444 733 577 782 colligi
600 747 712 783 posse
731 733 910 780 videtur,
938 735 1014 774 Tit.
1039 739 1106 778 22.

420 792 522 841 Pag.
544 790 637 831 258.
659 794 699 832 2.
730 793 808 829 τῶν
828 788 964 842 ἱερέων
980 794 1058 830 τῶν
1075 790 1269 845 Ελλήνων
1288 793 1660 838 κατασκευασάντων
1678 793 1748 838 αὗ·-

308 849 367 902 τῷ
377 846 392 898 ]
422 846 504 884 Imo
526 845 625 883 nihil
640 846 788 884 minus:
820 846 912 884 vide
929 847 1168 886 Suetonium.

424 906 518 954 Pag.
548 903 644 944 258.
676 907 714 944 7.
744 898 801 942 ὢν
819 901 1007 943 ἐνιαυτῶν
1027 901 1131 956 gest]
1159 905 1216 943 Ita
1236 906 1351 944 etiam
1372 905 1461 946 Chr.
1478 907 1590 948 Alex.
1610 921 1749 948 verum

309 971 497 997 numerus
514 959 555 995 in
585 964 751 1008 utroque
770 958 998 998 mendosus:
1029 960 1142 1000 Anno
1175 961 1277 1000 enim
1306 962 1443 1001 aetatis
1468 976 1561 1002 suae
1579 977 1750 1004 mine

309 1013 412 1054 vivis
433 1016 601 1052 excessit
618 1015 744 1064 Nero,
771 1021 870 1053 teste
889 1016 1085 1058 Suetonio.

419 1069 515 1122 Pag.
545 1072 637 1112 258.
671 1074 734 1111 10.
772 1067 1061 1124 γρυπόρυγχος]
1090 1072 1325 1112 vocabulum
1351 1076 1519 1113 novum!
1548 1075 1651 1115 sorte
1677 1090 1747 1115 au-

308 1132 398 1164 ctor
417 1126 638 1177 scripserit,
665 1123 943 1178 γρυπώνυχοςς
972 1127 1106 1179 itaque
1127 1129 1304 1179 reddidi,
1337 1145 1479 1183 ungues
1507 1129 1648 1170 habens
1669 1131 1749 1170 ad-

307 1196 448 1221 uncos:
477 1182 512 1220 si
539 1182 626 1233 quis
651 1187 777 1220 tamen
805 1178 1066 1235 γρυπόρῤινος
1088 1185 1216 1235 legere
1247 1186 1374 1235 malit,
1413 1187 1642 1226 Suetonium
1673 1188 1749 1226 sibi

307 1237 470 1276 habebit
493 1238 787 1289 astipulantem,
819 1240 885 1289 qui
906 1252 991 1276 eum
1012 1239 1165 1280 adunco
1186 1255 1280 1280 naso
1301 1242 1433 1296 fuisse
1460 1243 1610 1282 scribit.
1640 1243 1747 1282 Alias

307 1294 423 1332 etiam
441 1294 542 1332 idem
565 1307 651 1331 eum
671 1309 795 1332 acrem
809 1323 819 1343 ,
849 1294 1117 1344 vehementem,
1148 1306 1183 1334 et
1213 1298 1252 1335 in
1274 1296 1491 1337 coercendis
1519 1297 1669 1338 delictis
1688 1299 1750 1338 vel

306 1349 578 1399 immodicum,
608 1350 728 1388 fuisse
756 1350 859 1388 idem
883 1349 1086 1402 perhibet:
1126 1358 1242 1403 atque
1272 1353 1321 1392 ob
1348 1353 1427 1391 hoc
1454 1354 1586 1393 forsan
1613 1362 1747 1395 noster

305 1419 394 1444 eum
417 1403 587 1458 μανικόν
603 1413 734 1444 vocat.

417 1465 522 1514 Pag.
553 1462 648 1505 258.
684 1465 748 1504 11.
787 1464 897 1517 ταφῇ
923 1458 1206 1514 παρεδόθησαν
1233 1460 1281 1503 τὰ
1307 1459 1467 1517 σώματα
1486 1466 1590 1518 etc.]
1620 1465 1705 1504 Hoc
1722 1481 1744 1505 a

308 1516 544 1570 Vespasiano
565 1518 660 1568 lmp.
678 1518 825 1555 factum
848 1518 934 1556 vult
957 1518 1045 1556 Chr.
1063 1519 1174 1557 Alex.
1197 1525 1347 1558 auctor.

421 1578 515 1626 Pag.
544 1576 639 1616 258.
673 1575 736 1615 14.
767 1574 854 1627 ἰδίῳ
875 1571 1039 1627 θανάτῳ
1059 1575 1247 1626 ἐξαίφνης
1266 1575 1600 1628 φλεβοτομηθεὶς]
1631 1578 1744 1616 Prae-

304 1630 386 1667 ciso
408 1631 556 1668 scilicet
578 1645 600 1668 a
624 1630 810 1667 militibus
827 1629 986 1681 jugulo:
1017 1630 1108 1668 audi
1130 1632 1357 1670 Suetonium
1380 1633 1419 1669 in
1441 1633 1562 1670 Galba
1579 1633 1654 1672 Tit.
1675 1637 1743 1676 20.

307 1685 440 1725 Plures
458 1696 580 1725 autem
602 1684 869 1738 prodiderunt,
905 1684 1085 1725 obtulisse
1104 1685 1206 1726 ultro
1222 1687 1415 1739 jugulum,
1443 1698 1479 1727 et
1498 1698 1539 1727 ut
1554 1688 1629 1728 hoc
1649 1703 1744 1741 age·-

305 1752 408 1791 rent,
435 1757 486 1790 vac
491 1741 684 1795 ferirent,
715 1740 872 1795 quando
894 1743 952 1780 ita
971 1740 1179 1791 videretur,
1208 1743 1416 1783 hortatum.

416 1796 520 1836 Ibid.
578 1795 633 1837 ὢν
655 1798 845 1838 ἐνιαυτῶν
867 1793 972 1849 μθ’.]
1002 1812 1185 1836 numerus
1215 1799 1441 1839 mendosus:
1472 1800 1597 1839 Galba
1625 1800 1745 1852 periit

304 1853 421 1891 tertio
444 1860 483 1892 et
501 1856 783 1906 septuagesimo
801 1867 922 1892 anno:
953 1860 1052 1892 teste
1072 1855 1268 1895 Suetonio.

418 1912 510 1961 Pag-
539 1912 634 1952 258.
664 1914 729 1953 20.
762 1906 885 1950 ἀνιών
910 1910 975 1950 ἐπὶ
1004 1907 1183 1962 Ρώμην.]
1225 1912 1351 1949 Locus
1378 1911 1474 1959 iste,
1514 1924 1627 1962 quem
1653 1909 1743 1951 Chr.

307 1963 418 2001 Alex.
439 1973 576 2004 auctor
596 1980 644 2004 ex
664 1972 801 2004 nostro
822 1966 1030 2018 descripsit
1043 1996 1053 2016 ‚
1083 1967 1225 2005 vitiosa
1244 1967 1556 2018 interpunctione
1572 1967 1611 2004 in
1632 1967 1743 2003 Lati-

307 2020 367 2057 nis
386 2020 557 2060 laborat:
587 2022 778 2073 interpres
800 2022 901 2060 enirn
922 2023 1037 2060 verba
1059 2022 1178 2073 haec,
1209 2019 1333 2063 ἀνιών
1360 2023 1425 2063 ἐπὶ
1446 2018 1610 2072 Ρίόμην,
1642 2035 1743 2073 quae

307 2075 359 2113 ad
378 2076 534 2114 Petrum
550 2078 753 2116 referenda
774 2085 883 2128 sunt,
912 2079 1098 2117 Jacobum
1118 2079 1313 2131 respicere
1339 2079 1454 2127 facit3
1481 2078 1580 2116 male
1593 2107 1603 2126 ,
1633 2078 1742 2128 peni-

306 2138 448 2182 iusque
463 2139 596 2170 contra
621 2140 784 2171 mentem
806 2137 989 2175 auctoris.
1044 2135 1211 2173 Jacobus
1238 2148 1332 2173 vero
1361 2135 1456 2184 iste,
1492 2133 1690 2185 lapidibus
1718 2147 1742 2171 a

305 2187 460 2226 Judaeis
486 2190 667 2237 obrutus,
699 2191 864 2239 interiit,
894 2205 994 2228 anno
1015 2192 1179 2229 Neronis
1207 2192 1392 2242 septim05
1421 2196 1566 2243 septem
1591 2189 1740 2228 scilicet

307 2247 416 2282 annis
435 2252 523 2283 ante
543 2245 736 2284 Othonem
754 2247 850 2296 Imp.
880 2247 963 2287 vid.
982 2248 1121 2286 Euseb.
1141 2246 1297 2298 loseph.

418 2303 510 2353 Pag-
539 2301 635 2343 259.
664 2304 702 2344 3.
750 2301 848 2341 ἐτῶν
873 2300 945 2354 vy',
974 2298 1250 2355 ἆῤῥωστήσας]
1283 2301 1388 2340 Otho
1410 2314 1582 2340 xxxvm.
1602 2300 1739 2338 aetatis

305 2369 428 2402 anne,
467 2363 504 2395 et
531 2371 623 2397 xcv.
651 2357 809 2409 Imperii
834 2357 917 2407 die,
951 2366 1114 2398 mortem
1140 2360 1214 2398 sibi
1235 2358 1443 2397 conscivit:
1480 2356 1570 2395 vide
1594 2358 1739 2395 Sueto-

303 2424 424 2450 nium.

413 2466 513 2520 Pag·
544 2469 640 2511 259.
669 2468 708 2509 4.
751 2468 942 2515 Basa-2209
971 2467 1200 2521 Αὔγουστος
1230 2469 1294 2520 ἔτη
1323 2464 1378 2508 θ’.
1407 2466 1475 2508 καὶ
1505 2470 1635 2519 μῆνας
1658 2462 1736 2518 η’.]

300 2523 382 2561 Imo
404 2536 492 2562 v111.
513 2531 661 2563 tantum
683 2525 875 2563 mensibus
899 2525 1102 2576 imperium
1124 2525 1271 2565 tenuit:
1299 2522 1346 2564 τὰ
1365 2522 1428 2576 ἔτη
1449 2521 1503 2573 θ’,
1532 2523 1654 2574 igitur
1670 2535 1738 2560 au·

301 2579 404 2618 ctori
422 2587 558 2618 nostro
584 2582 819 2633 reponimus.

418 2638 508 2687 Pag·
535 2637 629 2679 259.
662 2641 723 2679 13.
757 2633 975 2688 ἐφόνευσαν
996 2639 1247 2688 Κυρηναῖον]
1279 2636 1377 2683 Quis
1398 2633 1738 2686 Cyrenaeusiste'?

297 2690 340 2727 Si
365 2691 594 2742 Cyrenium,
624 2693 706 2732 sive
727 2694 947 2741 Quirinium
967 2693 1077 2731 illum
1098 2692 1301 2742 intelligit,
1332 2692 1398 2742 qui
1424 2691 1474 2730 ad
1499 2689 1738 2740 Descriptio-

298 2759 386 2784 nem
406 2747 622 2787 faciendam
643 2750 682 2786 in
700 2750 882 2788 Judaeam
901 2750 948 2787 ab
967 2750 1141 2799 Augusto
1161 2750 1301 2786 missus
1325 2755 1403 2795 est,
1439 2753 1523 2785 toto
1544 2746 1652 2783 coelo
1675 2757 1739 2782 er-

300 2808 383 2842 rat:
403 2817 571 2855 namque
592 2812 683 2858 post
699 2806 817 2858 hujus
839 2808 998 2845 Romam
1027 2805 1219 2855 reditum,
1250 2811 1338 2843 ante
1369 2804 1462 2843 belli
1490 2801 1640 2840 judaici
1666 2799 1736 2837 ini-
