1838 3230
287 187 352 233 93
682 175 977 224 IoANN1s
1006 177 1341 223 MALALAE

281 297 483 354 Ἀχιλλεὺς
513 295 638 354 μόνος
663 297 766 351 μετὰ
785 299 858 339 τοῦ
888 296 991 339 ῗδίου
1012 300 1190 353 στρατοῦ
1216 297 1279 338 ἐπὶ
1303 296 1351 340 τὸ
1373 295 1496 340 Ἴλιον
1529 300 1610 340 τῶν
1632 295 1730 354 Ἅρ-

287 369 401 423 γείων
423 367 488 409 καὶ
516 370 598 408 τῶν
617 362 910 421 Μυρμιδόνων.
979 364 1280 422 προετρέψαντο
1307 364 1374 417 δέ,
1408 364 1500 420 ἤτοι
1521 362 1732 421 ἓδυσῶπη-

151 449 185 483 0
210 449 275 485 123
298 450 388 486 σαν,
420 435 458 477 οἳ
476 432 591 476 αὐτοὶ
605 433 803 488 Ἀτρεΐδαι
823 435 1002 486 βασιλεῖς
1020 434 1086 474 καὶ
1104 432 1200 482 τοὺς
1220 432 1384 482 λοιποὺς
1404 436 1606 492 βασιλεῖς,
1642 432 1734 488 ἤτοι

289 500 520 559 τοπάρχας,
557 502 622 543 καὶ
649 497 886 556 προμάχους
904 499 998 549 τοὺς
1025 498 1104 542 ἀπὸ
1134 498 1305 555 ἑκάστης
1328 498 1468 557 χώρας
1495 504 1570 556 τῆς
1590 498 1735 557 Εὐρώ-

290 586 392 625 πης,
431 569 599 610 ἕκαστον
628 568 731 622 μετὰ
750 572 822 610 τοῦ
851 569 955 610 ἰδίου
978 572 1154 624 στρατοῦ
1173 570 1238 610 καὶ
1262 572 1343 611 τῶν
1362 573 1482 623 νηῶν.
1551 569 1618 610 καὶ
1635 567 1768 616 εἶπέ-5

294 642 471 680 πλευσαν
492 634 637 685 πάντες
655 635 925 690 συναχθέντες
943 636 984 678 ἐν
997 636 1148 678 Αὐλίδι
1162 634 1280 695 χώρᾳ
1301 635 1408 679 οῧτω
1427 635 1629 693 λεγομένῃ.
1650 652 1735 691 χει-

291 710 427 760 μῶνος
453 704 498 746 δὲ
519 702 730 758 γενομένου
762 705 829 745 καὶ
854 708 928 746 τοῦ
953 701 1135 757 μάντεως
1155 702 1396 758 Κάλχαντος
1429 701 1634 759 εἴρηκότος
1651 708 1737 747 θυ-

294 774 385 815 σιάν
406 771 575 828 ὀφείλειν
593 773 734 813 δοῦναι
754 770 826 814 τὸν
851 771 1125 827 Ἀγαμέμνονα
1146 770 1347 827 Ἀρτέμιδι
1367 775 1418 828 τῇ
1445 775 1526 830 θεᾷ
1551 775 1626 826 τῆς
1650 769 1736 827 χῶ-

295 857 369 898 ρας
392 841 540 894 ἐκείνης
559 838 634 894 τὴν
663 837 810 881 ἑαυτοῦ
834 839 1065 894 θυγατέρα·
1103 837 1124 881 ὅ
1153 840 1196 881 δὲ
1217 839 1436 889 Ὀδυσσεὺς
1456 838 1647 882 ἀπελθών
1669 839 1738 882 διὰ

294 906 417 950 δόλου
438 905 492 957 ὡς
513 906 592 949 ἀπὸ
621 904 870 963 γραμμάτων
890 910 962 949 τοῦ
985 906 1277 963 Ἀγαμέμνονος
1295 909 1350 956 εἷς
1371 906 1417 949 τὸ
1437 906 1581 963 ’.Άργος
1600 906 1736 963 ἤνεγκε
1748 917 1794 969 ζο

243 985 275 1020 D
299 975 373 1030 τὴν
395 974 521 1017 αὐτοῦ
541 975 748 1031 θυγατέρα
762 973 1002 1031 Ἰφιγένειαν.
1073 975 1139 1016 καὶ
1169 972 1357 1030 ἑωρακὼς
1375 974 1502 1030 αὐτὴν
1525 972 1547 1018 ὅ
1569 973 1739 1034 Ἀγαμέ-

294 1060 407 1098 μνων
434 1043 638 1085 ἐλθοῦσαν
670 1042 835 1085 ἴκλαυσε
863 1046 1035 1098 πικρῶς·
1071 1044 1271 1098 φοβηθεὶς
1300 1043 1344 1084 δὲ
1369 1042 1441 1086 τὸν
1468 1042 1644 1100 στρατὸν
1673 1044 1741 1085 καὶ

297 1111 394 1160 τοὺς
416 1107 647 1166 τοπάρχας,
686 1110 872 1161 ἐξέδωκεν
900 1110 1027 1165 αὐτὴν
1055 1110 1116 1151 ε’πὶ
1145 1111 1298 1152 θυσίαν
1324 1109 1536 1167 Ἀρτέμιδι.
1607 1111 1675 1153 καὶ
1698 1110 1740 1152 ἓν

297 1183 356 1237 τῷ
385 1177 543 1220 ἀπιέναι
574 1178 700 1232 αὐτὴν
730 1179 784 1227 εἷς
813 1177 859 1221 τό
883 1177 988 1234 ἱερὸν
1012 1177 1245 1234 Ἀρτέμιδος
1268 1179 1334 1220 καὶ
1360 1182 1565 1235 σφαγῆναι
1590 1176 1740 1235 ἔλαφος

299 1246 420 1299 ἔκοψε
447 1245 521 1300 τὴν
543 1243 638 1287 ὁδὸν
663 1247 949 1302 διαδραμοῦσα
977 1244 1208 1302 ἔμπροσθεν
1234 1247 1274 1289 ἓν
1296 1246 1408 1304 μέσῳ
1440 1250 1522 1289 τῶν
1541 1246 1740 1299 βασιλέων
1753 1255 1796 1292 15

298 1315 364 1356 καὶ
389 1317 462 1356 τοῦ
494 1317 673 1369 στρατοῦ
700 1315 765 1356 καὶ
800 1317 872 1355 τοῦ
903 1313 1036 1369 ἱερέως
1063 1315 1130 1355 καὶ
1159 1318 1232 1369 τῆς
1260 1314 1469 1371 παρθένου
1500 1313 1738 1370 Ἰφιγὲνείης.

298 1383 363 1424 καὶ
398 1379 586 1437 ἑωρακώς
613 1380 740 1436 αὐτὴν
769 1379 789 1423 ὃ
819 1381 944 1438 ἱερεὺς
973 1383 1038 1423 καὶ
1066 1379 1210 1435 μάντις
1242 1381 1328 1436 Τὴν
1358 1381 1508 1439 ἔλαφον
1527 1378 1742 1430 πιάσαντες

298 1448 420 1500 ἄξατε
437 1450 491 1497 εἷς
513 1449 665 1491 θυσίαν
688 1448 776 1492 ἀντὶ
800 1453 872 1504 τῆς
895 1449 1102 1505 παρθένου
1129 1453 1179 1506 τῇ
1198 1449 1410 1506 Ἀρτέμιδι.
1479 1450 1545 1491 καὶ
1567 1453 1742 1505 ληφθεῖ-

301 1531 355 1559 σα
373 1514 399 1570 ἦ
418 1515 567 1572 ἔλαφος
597 1515 752 1573 ἐσφάγη
774 1521 823 1574 τῇ
845 1517 1045 1572 Ἀρτέμιδι
1059 1530 1069 1540 ·
1104 1517 1179 1571 τὴν
1200 1518 1243 1560 δὲ
1267 1517 1494 1574 Ἰφιγένειαν
1512 1516 1742 1560 ἀποδέδωκε

300 1587 360 1641 τῷ
383 1585 472 1642 ῗδίῳ
492 1586 615 1640 πατρὶ
638 1584 918 1640 Ἀγαμέμνονι·
954 1583 1094 1640 ἥντινα
1114 1583 1135 1627 ὅ
1160 1585 1417 1640 Ἀγαμέμνων
1444 1585 1575 1628 εἴασεν
1596 1585 1679 1627 ἐκεῖ
1701 1585 1741 1627 ἔν
1751 1590 1798 1626 20

302 1655 360 1709 τῷ
390 1652 482 1709 ἱερῷ
508 1651 739 1707 Ἀρτέμιδος
771 1653 926 1709 ἱέρειαν.
997 1654 1063 1694 καὶ
1092 1652 1230 1694 λοιπὸν
1270 1649 1526 1709 ἀνηγορεύθη
1553 1651 1744 1706 βασιλεῦς

250 1728 283 1762 Ε
307 1720 388 1761 ἐκεῖ
402 1719 463 1760 ἐπὶ
482 1716 644 1762 πάντων
662 1718 683 1763 ὁ
710 1719 965 1775 Ἀγαμέμνων
984 1721 1026 1762 ἐκ
1046 1724 1118 1763 τοῦ
1142 1721 1344 1770 ἒξπεδίτου
1357 1734 1367 1744 ·
1403 1719 1587 1763 κάκεῖθεν
1611 1717 1742 1778 ὁρμή-

302 1803 444 1836 σαντες
467 1781 600 1842 ἧλθον
622 1788 686 1829 ἐπὶ
702 1787 776 1842 τὴν
798 1789 963 1844 Τροίαν.

394 1929 426 1963 1.
449 1924 516 1972 τὸ]
539 1927 591 1975 τῷ
614 1927 681 1961 Ox·
775 1929 829 1965 17.
851 1926 998 1974 μάντις]
1024 1927 1131 1963 Deest
1153 1925 1263 1964 εἶπεν.
1353 1928 1411 1962 20.
1433 1926 1561 1963 εἴασαν
1583 1926 1651 1961 Ox.

303 2047 516 2093 donibusque
547 2049 612 2083 suis
634 2049 712 2083 solis
734 2049 897 2095 stipatus,
932 2051 1091 2086 adversus
1113 2051 1222 2087 Ilium.
1267 2050 1338 2084 Sed
1360 2052 1396 2084 et
1428 2050 1570 2084 Atridae
1592 2061 1742 2095 quosque

304 2093 404 2128 etiam
427 2093 575 2138 undique
599 2106 660 2138 per
682 2095 853 2140 Europam
875 2096 986 2130 Duces
1009 2100 1109 2141 atque
1131 2108 1228 2140 reges
1251 2094 1468 2134 solicitantes,
1504 2096 1631 2130 hortati
1653 2100 1742 2137 sunt,

304 2139 356 2173 uti
377 2138 534 2173 classibus
556 2139 621 2172 suis
645 2142 680 2172 et
702 2140 852 2174 exercitu
875 2141 1040 2183 instructi,
1082 2141 1117 2175 in
1138 2142 1331 2176 societatem
1352 2140 1433 2174 belli
1456 2141 1554 2185 hujus
1576 2141 1743 2175 venirent.

305 2184 516 2229 Congregati
546 2184 660 2228 itaque
682 2187 759 2218 sunt
789 2197 899 2220 omnes
921 2186 956 2219 in
980 2186 1099 2221 Aulide
1121 2186 1280 2230 regione,
1315 2185 1462 2230 indeque
1489 2187 1560 2230 jam
1582 2186 1743 2227 soluturi3

307 2240 402 2270 cum,
433 2234 634 2274 tempestate
663 2230 802 2270 oborta,
833 2231 977 2265 Calchas
999 2236 1095 2266 vates
1119 2231 1245 2273 edixit,
1275 2235 1433 2276 oportere
1465 2232 1744 2275 Agamemnonem

306 2274 408 2308 ffliam
429 2285 520 2308 suam
540 2273 607 2308 loci
627 2274 722 2308 istius
755 2275 910 2315 Numini‚
933 2276 1081 2318 Dianae,
1105 2276 1288 2311 immolare.
1341 2275 1469 2310 Ulisses
1490 2276 1618 2320 igitur,
1641 2275 1743 2310 simu-

305 2319 384 2353 latis
408 2320 451 2353 ab
475 2320 719 2364 Agamemnone
740 2319 868 2361 literis,
891 2321 999 2365 Argos
1021 2323 1193 2366 profectus
1218 2325 1289 2362 est3
1313 2323 1414 2365 atque
1435 2321 1516 2355 inde
1536 2321 1638 2362 filiam
1658 2321 1743 2364 ejus,

307 2363 535 2409 Iphigeniam,
567 2364 716 2399 abduxit.
766 2365 875 2405 Quam
900 2372 998 2409 pater
1020 2368 1243 2410 Agamemnon
1265 2366 1323 2399 ubi
1345 2366 1451 2407 vidit,
1483 2366 1607 2400 acerbe
1628 2365 1742 2399 flevit:

307 2413 456 2444 metuens
491 2413 600 2443 autem
634 2409 697 2443 sibi
728 2410 771 2444 ab
803 2410 950 2444 exercitu
972 2412 1196 2456 regibusque,
1232 2411 1339 2445 tradit
1367 2410 1458 2445 illam
1479 2410 1610 2444 Dianae
1632 2410 1743 2445 Victi-

307 2465 403 2489 mam.
449 2455 533 2488 Cum
556 2458 667 2489 autem
690 2454 868 2489 duceretur
890 2455 987 2499 virgo
1010 2457 1053 2490 ad
1076 2457 1207 2490 Dianae
1228 2456 1403 2501 templum,
1437 2459 1475 2490 ut
1496 2455 1743 2497 immolaretur3

309 2511 407 2541 ecce,
430 2499 575 2535 omnium
597 2499 631 2533 in
653 2503 851 2546 conspectu,
875 2511 1007 2545 regum,
1032 2504 1067 2534 et
1089 2501 1291 2542 sacerdotis,
1315 2499 1500 2542 exercitus,
1522 2500 1742 2546 virginisque,

309 2555 412 2579 cerva
443 2545 531 2579 viam
563 2544 737 2579 scindebat
764 2545 905 2579 mediam
935 2557 1143 2589 percurrens.
1210 2546 1322 2586 Quam
1354 2545 1412 2579 ubi
1444 2545 1532 2579 vidit
1564 2547 1742 2586 sacerdon

307 2588 394 2623 hanc
417 2590 578 2635 (inquit)
600 2592 885 2636 comprehensam,
908 2590 983 2625 loco
1005 2590 1165 2634 virginis,
1189 2590 1268 2624 date
1289 2589 1419 2625 Dianae
1441 2589 1618 2626 victimam.
1655 2590 1743 2625 Cer-

308 2645 384 2668 vam
406 2635 525 2680 itaque
547 2640 701 2680 captam,
742 2635 882 2671 hostiam
904 2636 1077 2676 fecerunt3
1118 2639 1153 2669 et
1172 2634 1380 2680 Iphigeniam
1404 2636 1495 2680 patri
1516 2648 1575 2671 suo
1598 2638 1743 2681 Agame·-

280 2696 292 2714 κ
308 2679 421 2714 mnoni
442 2680 679 2715 reddiderunt:
713 2692 812 2727 quam
832 2682 945 2715 tamen
965 2684 1064 2726 pater
1087 2681 1157 2724 ejus
1179 2680 1329 2714 relictam
1341 2705 1352 2721 ‚
1375 2681 1580 2715 sacerdotem
1601 2682 1636 2715 in
1657 2681 1743 2714 Dia-

309 2734 374 2757 nae
395 2726 520 2770 templo
544 2726 726 2761 constituit.
771 2725 904 2761 Exinde
933 2726 1050 2771 itaque
1080 2725 1156 2759 Rex
1186 2724 1235 2759 ibi
1264 2725 1405 2759 omnium
1436 2727 1479 2759 ab
1511 2726 1660 2760 exercitu
1688 2726 1743 2759 fa-

309 2772 388 2847 ctus}
416 2774 468 2805 est
499 2771 739 2816 Agamemnon:
780 2771 872 2807 illinc
902 2783 984 2808 vero
1007 2769 1129 2807 exinde
1152 2771 1331 2812 abeuntes,
1368 2771 1403 2805 in
1435 2771 1575 2807 Troiam
1596 2770 1743 2818 profecti

309 2825 370 2848 sun
389 2836 400 2849 ο
