1838 3230
0 0 49 207 i!
462 153 1100 202 CHRONOGRAPHIA.
1158 153 1208 198 L.
1239 153 1293 198 Π.
1551 156 1619 205 45

22 212 31 231 l

15 235 34 257 ἡ»

16 258 33 336 {f
141 276 263 338 ἔφυγε
289 277 363 323 τόν
393 279 669 337 Λυκοῦργον·
705 277 772 319 καὶ
805 277 862 326 εἷς
885 275 1081 333 Δελφοῦς
1108 274 1302 319 ἀπελθὼν
1327 274 1413 319 ἐκεῖ
1430 277 1611 334 τελευτᾷ.

19 337 24 347 ⁵
141 350 208 392 καὶ
228 348 353 404 ἐτέθη
371 347 419 392 τὸ
443 348 639 402 λείψανον
659 350 734 388 τοῦ
757 345 887 388 αὐτοῦ
910 343 1120 388 Διονύσου
1142 346 1226 388 ἐκεῖ
1239 346 1282 388 ἓν
1301 347 1437 402 σορῷ·
1473 346 1540 386 καὶ
1561 344 1612 387 τὰ
1637 356 1670 393 c

140 416 248 461 ὅπλα
271 418 317 460 δὲ
338 417 467 460 αὐτοῦ
491 415 617 466 αὐτὸς
637 416 721 457 ἐκεῖ
736 417 791 464 εἷς
812 414 858 457 τὸ
883 414 989 470 ἱερὸν
1009 416 1229 471 ἐκρέμασε,
1268 412 1414 463 καθὼς
1433 414 1614 470 Δείναρ-

134 502 213 542 χος
234 483 256 529 ὃ
273 484 517 544 σοφώτατος
535 481 822 540 συνεγράψατο
842 485 930 539 περὶ
952 488 1027 526 τοῦ
1049 484 1178 527 αὐτοῦ
1196 482 1419 527 Διονύσου.
1472 480 1614 526 aicad-

105 571 220 606 5τως
240 555 285 598 ὁὲ
304 556 372 598 καὶ
393 553 415 598 ὅ
436 552 681 612 σοφώτατος
711 551 938 609 Φιλόχορος
957 552 1010 595 τὰ
1034 552 1139 596 αὐτὰ
1168 551 1455 610 συνεγράψατο
1466 584 1480 605 ,
1518 552 1561 595 ἓν
1584 546 1613 611 ᾗ

135 623 294 667 ἐκθέσει
312 622 395 668 εἷπε
412 626 500 681 περὶ
518 628 593 667 τοῦ
616 622 744 666 αὐτοῦ
765 620 974 665 Διονύσου
985 655 999 675 ,
1036 621 1144 665 ἔστιν
1164 624 1264 665 ἰδεῖν
1283 623 1359 678 τὴν
1377 620 1516 677 ταφὴν
1533 621 1613 664 αὗ-

133 697 211 736 τοῦ
232 694 275 736 ἐν
295 694 478 751 Δελφοῖς
498 692 612 750 παρὰ
631 691 702 735 τὸν
718 689 958 734 Ἀπόλλωνα
981 690 1053 734 τὸν
1069 696 1267 748 χρυσοῦν.
1316 689 1484 747 βάθρον
1503 689 1552 733 δέ
1569 708 1611 734 τι

135 759 237 805 εἶναι
261 759 494 805 ὖπονοεΐται
514 760 541 818 ἡ
563 759 710 818 σορός,
749 762 791 803 ἓν
809 755 842 819 ᾧ
862 758 1085 818 γράφεται,
1118 758 1295 804 Ἐνθάδε
1317 767 1444 803 κεῖται
1465 760 1609 802 θανὼν

8 883 10 886 y
131 828 340 882 Διόνυσος
361 831 405 874 ἔκ
423 831 616 886 Σεμέλης.
677 828 828 883 ὁμοίως
847 831 891 872 δὲ
911 831 977 872 καὶ
997 827 1018 872 ὅ
1042 828 1288 888 σοφώτατος
1311 830 1533 887 Κεφαλίων
1553 829 1608 872 τὰ

8 898 9 902 ’
77 899 242 949 ιοαῦτὰ
263 901 306 944 ἓν
327 904 386 959 τῷ
411 899 501 960 ἰδίῳ
528 897 816 957 συγγράμματι
837 899 1014 950 ἐξέθετο.

232 969 360 1013 Μετὰ
394 964 468 1012 οὖν
496 969 573 1025 τὴν
599 968 790 1023 τελευτὴν
814 972 889 1011 τοῦ
911 966 1092 1023 Κάδμου
1102 1000 1116 1020 ,
1150 966 1354 1019 βασιλέως
1373 971 1448 1024 τῆς
1469 970 1606 1010 Βοιω-
1629 976 1663 1011 0
1686 978 1734 1014 53

130 1037 235 1091 τίας,
273 1038 531 1092 ἐβασίλευσεν
554 1036 575 1081 ὃ
595 1035 795 1088 Νυκτεύς.
866 1031 987 1087 οὗτος
1009 1036 1086 1092 ἔχει
1107 1036 1334 1093 θυγατέρα,
1360 1036 1506 1094 ἱέρειαν
1528 1041 1605 1080 τοῦ

129 1110 233 1150 ναοῦ
250 1104 394 1150 Ἡλίου
403 1139 418 1160 ,
456 1105 626 1162 ὀνόματι
641 1105 877 1161 Ἀντιόπην·
914 1105 1004 1162 ἥτις
1026 1103 1229 1161 ἐδιδάχθη
1251 1106 1326 1161 τὴν
1345 1103 1518 1162 ἡλιακὴν
1537 1105 1605 1148 εὖ·
1628 1115 1661 1151 D

124 1172 219 1231 χήν,
247 1175 340 1232 ἤτοι
359 1177 650 1232 μυσταγωγίαν
670 1179 753 1218 τῶν
775 1177 1061 1219 Διονυσιακῶν
1083 1173 1393 1230 βακχευμάτων,
1414 1174 1603 1219 κάκεῖθεν

74 1257 119 1293 15
130 1243 283 1301 ἐλέγετο
303 1242 453 1302 βάκχη.
493 1243 514 1288 ὃ
533 1246 578 1288 δὲ
597 1245 724 1301 αὐτῆς
743 1242 894 1301 πατήρ,
920 1242 941 1287 ὅ
963 1241 1163 1296 Νυκτεύς,
1187 1242 1289 1299 εἶχεν
1308 1243 1488 1302 ἀδελφὸν
1509 1242 1604 1288 ὀνό-

125 1330 228 1368 ματι
254 1312 426 1368 Λύκον,
460 1314 635 1369 βασιλέα
666 1317 742 1356 τοῦ
766 1312 940 1370 ’Άργους
955 1327 964 1337 ·
1002 1312 1114 1364 ὅστις
1133 1311 1284 1363 Λύκος
1307 1313 1503 1367 βασιλεὺς
1524 1312 1602 1369 εἶχε

124 1382 390 1439 συγκλητικὸν
422 1381 594 1439 ὀνόματι
627 1381 834 1437 Θεόβοον,
865 1382 954 1426 υἱὸν
983 1380 1199 1439 γενόμενον
1218 1380 1455 1440 Βρόντονός
1473 1400 1596 1438 τινος,

124 1451 350 1510 ἓξαδέλφου
380 1457 457 1509 τῆς
483 1454 663 1509 Δίρκης,
701 1442 744 1494 ἐκ
776 1455 850 1495 τοῦ
882 1452 1024 1508 γε’νους
1042 1456 1117 1495 τοῦ
1138 1453 1274 1495 Πῖκον
1294 1452 1400 1503 Διὸς
1419 1469 1600 1509 καταγο-

123 1519 261 1575 μένου.
329 1518 351 1564 ὅ
376 1521 502 1572 αὐτὸς
520 1523 564 1565 δὲ
587 1520 770 1576 Θεόβοος
792 1519 812 1564 ὃ
833 1521 1097 1578 συγκλητικὸς
1117 1521 1223 1564 κατὰ
1245 1519 1382 1578 τάγμα
1402 1521 1539 1565 ἐλθὼν
1555 1522 1600 1564 ἐκ

66 1593 200 1638 Ξοτοῧ
209 1587 384 1646 Ἄργους
402 1591 444 1634 ἐν
464 1595 524 1650 τῷ
545 1590 638 1652 ἱερῷ
656 1595 731 1634 τοῦ
742 1588 886 1632 ‘fflae'ov
906 1595 1286 1648 παρακοιμηθ-ῆναι,
1317 1592 1385 1632 καὶ
1406 1588 1599 1648 ἑωρακὼς
1621 1605 1654 1640 0
1678 1606 1726 1644 54

122 1657 197 1714 τὴν
219 1658 363 1716 ἱέρειαν
377 1658 613 1716 Ἀντιόπην,
645 1656 971 1717 εὐπρεπεστάτην
992 1654 1122 1703 οὖσαν
1139 1661 1205 1702 καὶ
1224 1656 1380 1715 εὐμήκη
1388 1692 1402 1712 ,
1434 1658 1595 1717 ἐβλήθη

212 1779 248 1815 3.
274 1779 477 1824 Δείναρχος
494 1779 667 1815 Bentleius
684 1791 721 1826 p.
737 1781 809 1822 72„
833 1777 1034 1825 Δήμαρχος
1050 1779 1120 1814 Ox.
1176 1781 1210 1816 ⁴7.
1233 1777 1383 1828 βάθρον
1397 1800 1443 1807 --
1458 1778 1598 1828 γράφε-

211 1838 275 1861 ται
297 1826 456 1862 Siebelis.
481 1826 526 1861 ad
548 1826 704 1862 Philoch.
724 1838 759 1872 p.
776 1827 847 1869 21„
872 1825 1016 1873 βόθρον
1039 1846 1086 1852 -
1107 1825 1242 1872 γράφει
1266 1828 1334 1862 Ox.
1395 1830 1449 1863 11.
1475 1832 1597 1864 Βοιω-

210 1873 312 1914 τείας
335 1873 404 1907 Ox.
488 1875 542 1909 12.
569 1871 662 1918 ἔχει]
688 1873 830 1914 „Forte
853 1872 936 1918 εἶχε.
951 1877 976 1893 “
1001 1873 1066 1909 Ch.
1134 1875 1189 1910 17.
1217 1872 1384 1922 Θεόβοον
1405 1894 1451 1900 -
1477 1875 1596 1921 Βρόν-

209 1920 342 1964 τονος]
381 1917 564 1966 Θεόβοιον
597 1939 644 1945 -
679 1917 877 1963 Βράτωνος
909 1919 1085 1955 Cedreuus
1117 1931 1150 1966 p.
1176 1919 1232 1957 24.
1266 1921 1318 1963 C,
1357 1920 1596 1969 Θεοβόωντος

207 1965 352 2001 Ioannes
374 1967 607 2001 Antiochenus
632 1966 724 2012 apud
745 1966 908 2002 Ioannem
931 1966 1100 2002 Tzetzam
1121 1966 1212 2001 Hist.
1235 1966 1263 2001 Ι.
1288 1968 1344 2004 13.

115 2067 285 2115 Dionysus
315 2068 562 2111 intellexisset,
599 2069 686 2114 fuga
721 2070 824 2106 rebus
848 2070 918 2106 suis
943 2069 1131 2113 consuluit,
1168 2073 1205 2106 et
1227 2070 1292 2106 Del
1318 2070 1378 2107 hos
1402 2072 1591 2118 profectus,

114 2115 204 2150 diem
226 2115 298 2150 illic
319 2127 509 2162 supremum
533 2115 640 2150 obiit:
666 2116 725 2151 ubi
744 2117 847 2152 etiam
870 2117 1039 2164 reliquiae
1064 2117 1138 2163 ejus
1157 2116 1193 2151 in
1215 2116 1291 2152 locu
1307 2130 1326 2152 o
1349 2118 1484 2164 positae
1500 2124 1590 2161 sunt,

114 2161 151 2196 in
173 2163 276 2205 fano,
299 2162 358 2196 ubi
382 2162 456 2207 ipse
480 2173 573 2197 arma
596 2174 656 2197 sua
679 2164 926 2209 suspenderat,
960 2164 1050 2199 sicut
1072 2163 1254 2199 memoriae
1278 2163 1431 2210 prodidit
1453 2164 1590 2209 sapien-

113 2207 259 2243 tissimus
281 2207 513 2251 Demea-chus,
551 2209 595 2243 de
617 2209 685 2244 hoc
707 2216 826 2246 nostro
849 2209 1003 2257 Dionyso
1027 2210 1188 2246 scribens.
1242 2210 1376 2245 Eadem
1401 2210 1502 2245 etiam
1527 2211 1590 2245 ha-

114 2254 239 2288 bentur
261 2254 354 2300 apud
382 2254 662 2300 sapientissimum
694 2256 958 2299 Philochorum;
991 2256 1051 2302 qui
1083 2256 1119 2291 in
1151 2255 1287 2302 scriptis
1320 2257 1387 2291 suis
1419 2260 1584 2298 testatur,

111 2299 255 2346 Dionysi
273 2300 508 2347 sepulchrum,
532 2301 600 2335 suis
621 2301 724 2336 etiam
748 2302 974 2348 temporibus,
998 2303 1141 2349 Delphis
1163 2303 1335 2345 extitisse3
1362 2303 1462 2347 juxta
1479 2302 1586 2347 Apol-

111 2345 214 2381 linem
229 2348 398 2382 Aureumz
423 2358 486 2392 pro
509 2346 621 2383 loculo
646 2354 759 2383 autem
778 2349 913 2384 foveam
937 2349 1106 2396 quandam
1129 2348 1307 2391 habuisse,
1330 2348 1366 2383 in
1386 2360 1454 2393 qua
1471 2348 1586 2383 istius-

110 2392 202 2427 modi
223 2393 386 2439 scriptum
415 2392 534 2438 legere
571 2397 650 2428 erat
682 2394 918 2441 Epitaphium.
967 2397 1162 2441 Dionysus,
1194 2396 1342 2429 Semeles
1364 2396 1493 2434 Filius,
1527 2394 1585 2430 hic

102 2439 202 2492 jqoet
234 2441 394 2520 &paillair-
441 2439 539 2474 Haec
571 2445 684 2475 autem
707 2441 782 2487 ipsa
805 2441 950 2477 tradidit
972 2442 1074 2476 etiam
1095 2441 1129 2476 in
1152 2441 1290 2487 scriptis
1312 2440 1379 2475 suis
1401 2439 1585 2487 sapientis·

110 2495 212 2519 simus
267 2497 287 2519 e
336 2496 438 2520 aion.

205 2497 333 2566 Cadniio
358 2534 470 2566 autem
494 2532 704 2568 Boeotorum
725 2544 811 2579 rege
833 2532 1016 2576 defuncto,
1040 2533 1202 2579 regnavit
1224 2533 1392 2579 Nycteus.
1439 2531 1528 2567 Erat
1549 2532 1582 2567 ei

110 2574 205 2618 filia,
227 2577 361 2612 nomine
383 2578 553 2624 Antiopa3
584 2579 663 2615 solis
685 2580 721 2614 in
746 2580 872 2626 templo
896 2579 1075 2623 sacerdos,
1108 2581 1203 2624 cujus
1228 2581 1330 2613 etiam
1354 2579 1479 2613 edocta
1501 2588 1584 2624 pre-

111 2621 228 2663 culas,
263 2623 422 2668 mysticos
452 2636 574 2670 nempe
604 2625 678 2661 illos
711 2626 910 2661 Bacchandi
939 2627 1046 2667 ritus,
1090 2625 1212 2660 exinde
1239 2625 1378 2659 Baccha
1400 2624 1494 2659 dicta
1517 2630 1581 2660 est.

108 2667 219 2701 Pater
241 2673 356 2703 autem
386 2671 458 2714 ejus
493 2671 651 2715 Nycteus
676 2673 820 2707 fratrem
849 2672 991 2714 habuit,
1030 2672 1161 2715 Lycum
1184 2671 1339 2714 nomine,
1373 2670 1580 2715 Argivorum

107 2724 236 2759 regem.
294 2714 435 2754 Habuit,
458 2715 513 2751 hic
545 2717 581 2751 in
609 2730 716 2763 regno
747 2730 806 2754 suo
839 2718 949 2753 virum
984 2717 1166 2759 Nobilem,
1212 2717 1344 2752 nomine
1377 2716 1578 2752 Theoboum

106 2758 291 2794 Brontonis
315 2760 487 2804 cujusdam
503 2762 624 2798 Dirces
647 2765 832 2810 patruelis,
856 2776 899 2804 ex
921 2774 1050 2809 genere
1071 2762 1147 2796 Pici
1170 2762 1265 2798 Jovis
1289 2762 1435 2805 oriundi,
1459 2762 1578 2798 filium.

107 2805 294 2841 Theobous
324 2809 436 2840 autem
459 2807 546 2850 iste,
583 2821 625 2843 ex
648 2815 730 2845 voto
753 2810 892 2845 veniens
917 2812 960 2844 ab
987 2808 1086 2853 Argis
1121 2808 1155 2842 in
1179 2809 1339 2855 templum
1363 2809 1443 2844 solis
1465 2814 1504 2843 ut
1527 2808 1577 2843 ibi

106 2852 307 2894 recubaret,
331 2852 514 2898 Antiopam
533 2854 744 2891 sacerdotem
768 2856 839 2890 illic
858 2859 1075 2902 conspectam
1100 2854 1303 2901 deperibat3
1328 2859 1366 2891 ut
1389 2866 1480 2902 quae
1503 2855 1576 2890 vir-
