1838 3230
403 158 1032 207 CHRONOGRAPHIA.
1088 157 1137 202 L.
1167 157 1280 203 vm.
1479 163 1580 209 207

98 283 327 340 Ὀλυμπίου
355 283 423 327 καὶ
448 282 654 338 Ἀθηνᾶς,
695 277 846 337 μιάνας
878 280 951 324 τὸν
978 278 1089 323 οἶκον
1103 279 1295 336 χοιρείοις
1311 277 1449 335 κρέασι
1461 311 1475 331 ,
1513 280 1581 321 καὶ

104 352 282 398 ἐκώλυσε
307 352 406 403 τοὺς
436 351 662 400 Ἰουδαίους
689 354 764 405 τῆς
793 347 989 409 πατρῴας
1018 348 1244 407 θρησκείας
1271 349 1338 391 καὶ
1367 346 1580 403 ἑλληνίζειν

105 422 258 473 αὐτοὺς
276 419 456 477 ἐβιάζετο
479 421 542 463 ἐπὶ
564 419 634 474 ἔτη
657 420 765 475 τρία.

207 492 295 535 Καὶ
311 494 480 550 τελευτᾷ
499 487 520 533 ὅ
545 488 670 538 αὐτὸς
682 488 901 543 Ἀντίοχος,
925 487 993 529 καὶ
1017 487 1274 541 ἐβασίλευσεν
1299 483 1320 530 ὃ
1340 484 1469 528 αὐτοῦ
1492 484 1582 535 υἱὸς

69 559 306 615 ’δἈντίοχος
325 557 348 603 ὃ
366 558 553 608 Γλαυκὸς
575 555 597 601 ὁ
613 556 825 614 λεγόμενος
840 555 969 612 Ἰέραξ
985 555 1054 611 ἔτη
1074 554 1164 599 δύο.

206 631 294 673 Καὶ
325 627 410 683 μετ’
443 627 569 670 αὐτὸν
598 628 856 681 ἐβασίλευσεν
887 623 1222 682 ὃΔημητριανὸς
1245 622 1266 667 ὅ
1286 621 1484 669 Σελεύκου
1507 621 1580 678 ε’τη

102 696 157 755 η’.
214 699 280 741 καὶ
302 697 440 740 ἐλθών
461 698 502 741 ἓν
518 696 738 756 Ἀντιοχείᾳ
756 701 807 753 τῇ
828 693 983 752 μεγάλῃ
1000 693 1160 745 Ἰούδας
1182 712 1244 744 τις
1262 693 1446 747 ὀνόματι,
1473 693 1578 737 Ἰου-

103 769 221 817 δαῖος
246 770 306 825 τῷ
335 765 470 818 ἔθνει,
508 763 744 821 ἕδυσώπησε
765 764 1061 820 Δημητριανόν
1093 763 1164 807 τὸν
1190 764 1363 818 βασιλέα
1388 781 1579 819 παρακα-

101 837 225 886 λέσας
245 832 396 888 abiciat,
435 836 503 877 καὶ
534 835 733 890 παρέσχεν
760 835 872 891 αὐτῷ
902 833 948 876 τὸ
980 833 1087 890 ἱερὸν
1118 834 1185 876 καὶ
1216 833 1268 875 τὰ
1298 834 1473 886 λείψανα
1494 837 1578 876 τῶν

48 915 93 951 10
105 906 409 959 Μακκαβαίων.
473 906 541 946 καὶ
573 903 745 959 ἔθαψαν
777 902 883 946 αὐτὰ
906 904 948 946 ἓν
966 902 1186 962 Ἀντιοχείᾳ
1205 907 1255 960 τῇ
1274 900 1430 959 μεγάλῃ
1453 904 1495 945 ἐν
1517 907 1575 961 τῷ
1598 912 1631 947 Ε

101 974 304 1032 λεγομένῳ
334 973 550 1031 Κερατέῳ·
586 968 637 1028 ἦν
666 973 745 1030 γὰρ
772 971 985 1029 συναγωγὴ
1016 973 1098 1014 ε’κεΐ
1122 976 1205 1014 τῶν
1224 972 1457 1014 Ἰουδαίων·
1494 972 1576 1028 πρὸ

100 1047 249 1100 μικροῦ
267 1042 348 1100 γὰρ
367 1046 440 1098 τῆς
459 1040 614 1092 πόλεως
635 1042 879 1098 Ἀντιοχείας
897 1039 1179 1098 ἐτιμωρήσατο
1199 1040 1350 1090 αὐτοὺς
1369 1040 1577 1096 Ἀντίοχος
1600 1051 1633 1086 Ο
1655 1053 1724 1089 265

102 1113 144 1155 ἐν
167 1116 226 1170 τῷ
247 1111 307 1154 ἀεὶ
327 1113 507 1154 κλαιόντι
530 1110 614 1168 ι’)’ρει
634 1111 844 1155 κατέναντι
868 1115 943 1154 τοῦ
962 1111 1126 1153 Κασίου
1149 1108 1267 1161 Διός.
1291 1119 1293 1123 ’
1323 1109 1394 1152 τὸν
1413 1111 1457 1153 δὲ
1477 1108 1576 1153 ναὸν

102 1178 301 1238 ἁγνεύσας
329 1178 350 1223 ὃ
377 1178 536 1231 Ἰούδας
559 1182 626 1223 καὶ
649 1180 724 1237 τὴν
741 1178 1009 1238 Ἰερουσαλὴμ
1028 1180 1171 1229 κτίσας
1191 1180 1238 1223 τὸ
1259 1176 1398 1234 πάσχα
1424 1180 1576 1223 ἐτέλεσε

49 1258 92 1294 15
103 1254 162 1309 τῷ
178 1253 279 1309 θεῷ.
351 1247 457 1305 αὕτη
475 1247 519 1304 β’
535 1245 588 1305 ἦν
606 1254 681 1305 τῆς
697 1246 1005 1308 Ἱερουσαλὴμῆ
1024 1247 1189 1302 ἅλωσις,
1211 1247 1355 1299 καθώς
1375 1248 1576 1303 Εὐσέβιος

101 1317 123 1363 ὁ
142 1319 372 1376 Παμφίλου
392 1316 733 1377 ἔχρονογριίφησε.

202 1387 329 1432 Μετὰ
354 1388 398 1431 δὲ
419 1387 714 1444 Δημητριανόν
740 1386 890 1444 ἐγένετο
918 1385 1112 1441 βασιλεὺς
1134 1384 1341 1441 Ἀντίοχος
1370 1385 1391 1429 ὃ
1412 1385 1574 1443 ἔκγονος
1597 1395 1629 1431 V
1653 1397 1698 1433 88

100 1451 174 1502 τοῦ
205 1459 247 1500 Γ
243 1454 399 1514 ρύπου,
435 1456 525 1507 υἱὸς
551 1458 794 1512 Λαοδίκης,
826 1455 1038 1513 θυγατρὸς
1061 1453 1341 1512 Ἀριαράθου,
1372 1457 1576 1511 βασιλέως

100 1523 410 1579 Καππαδόκων,
441 1524 510 1581 ἴτη
533 1523 592 1570 θ’.
647 1527 715 1569 καὶ
742 1526 874 1569 ἔπαθε
899 1522 991 1568 τότε
1010 1523 1090 1567 ὖπὸ
1113 1527 1340 1580 θεομηνιάς
1353 1524 1575 1581 Ἀντιόχεια

46 1593 127 1651 Ξοῆ
148 1593 302 1652 μεγάλη
322 1598 381 1653 τῷ
406 1592 537 1654 ὀγδόῳ
557 1594 634 1638 ἔτει
654 1599 727 1651 τῆς
747 1595 957 1650 βασιλείας
977 1593 1104 1636 αὐτοῦ
1128 1595 1190 1636 ἐπὶ
1213 1598 1295 1636 τῶν
1313 1595 1450 1638 αὐτῶν
1467 1599 1574 1639 Μα-

101 1661 296 1717 κεδόνων,
331 1662 435 1717 μετὰ
463 1663 510 1707 τὸ
531 1665 574 1714 ἐξ
595 1664 723 1720 ἀρχῆς
741 1668 914 1719 τεθῆναι
935 1662 1126 1717 θεμέλιον
1145 1663 1303 1717 τείχους
1320 1661 1399 1707 {mo
1425 1662 1574 1708 Σελεύ-

102 1750 176 1777 κου
205 1736 279 1776 τοῢ
310 1729 543 1790 Νικάτορος
562 1733 665 1787 μετὰ
686 1732 793 1775 ἄλλα
813 1731 882 1788 ἔτη
906 1729 1011 1789 ρνβ’,
1049 1729 1161 1788 ὤραν
1182 1729 1375 1789 ἡμερινὴν
1397 1731 1438 1787 ι’,
1475 1735 1574 1790 μηνὶ

191 1844 224 1878 1.
246 1838 450 1885 Ὀλυμπίου
475 1841 554 1885 Ch„
579 1841 755 1877 Cedrenus
778 1854 814 1889 p.
842 1842 919 1878 193.
943 1842 987 1884 Β,
1010 1838 1198 1886 Ὀλύμπου
1223 1842 1290 1876 Ox.
1392 1843 1446 1879 13.
1472 1847 1571 1881 Κοισ-

193 1888 276 1924 σίου
301 1888 372 1923 Ox.
507 1889 590 1923 ibid.
622 1887 687 1924 τὸν
710 1887 751 1925 δὲ
773 1886 867 1925 ναὸν
901 1907 945 1914 --
979 1889 1033 1923 16.
1057 1887 1355 1935 ἐχρονογροὶφησε
1377 1902 1411 1925 v.
1436 1892 1470 1927 3.
1494 1895 1572 1936 post

191 1933 252 1971 ἐπὶ
272 1932 336 1981 ἔτη
358 1934 444 1979 τρία
466 1934 564 1981 ponit
587 1935 889 1970 Schurzfleischius
910 1934 1024 1971 Notit.
1048 1935 1138 1971 Bibl.
1163 1936 1282 1971 Vinar.
1305 1947 1340 1982 p.
1364 1935 1421 1973 54.
1445 1938 1545 1975 male.

100 2030 138 2063 et
169 2027 350 2063 Minervae
385 2026 526 2062 dicavit.
572 2027 645 2062 Sed
678 2032 716 2062 et
737 2027 805 2062 Dei
836 2027 969 2063 domum
998 2027 1147 2075 porcinis
1180 2029 1337 2065 carnibus
1361 2042 1568 2077 conspurca-

99 2073 172 2116 vit3
199 2073 339 2109 Judaeia
363 2073 465 2109 etiam
487 2073 674 2109 interdicta
694 2074 863 2120 religione
884 2074 1018 2121 patria,
1044 2076 1258 2111 Graecorum
1279 2075 1387 2120 ritus,
1411 2089 1475 2124 per
1499 2081 1569 2114 tres

99 2131 222 2163 annos,
257 2132 315 2156 eos
338 2120 521 2156 observare
544 2121 670 2165 coegit.

190 2166 346 2201 Mortuus
369 2166 494 2201 deinde
526 2172 578 2201 est
599 2167 812 2208 Antiochus3
848 2169 926 2223 post
949 2179 1047 2214 quem
1070 2169 1230 2214 regnavit
1253 2168 1341 2204 filius
1367 2170 1456 2214 ejus,
1494 2171 1567 2205 An-

96 2212 230 2248 tiochus
253 2212 424 2254 Glaucus,
447 2213 577 2247 Hierax
601 2219 762 2255 vocatus,
784 2224 879 2248 annis
905 2224 943 2247 11.
1393 2239 1396 2245 ,

186 2258 289 2294 Hunc
311 2258 448 2305 excepit
470 2259 719 2299 Demetrianus.
745 2259 883 2295 Seleuci
907 2259 949 2297 F.
972 2260 1031 2306 qui
1054 2260 1227 2307 regnavit,
1252 2272 1356 2297 annos
1379 2273 1455 2296 vm.
1503 2263 1566 2297 Ju-

98 2303 200 2340 daeus
222 2316 304 2340 vero
337 2305 496 2351 quidam,
531 2306 664 2341 nomine
693 2305 820 2349 Judas‚
860 2306 1073 2342 Antiochiam
1104 2308 1265 2349 veniens,
1301 2319 1322 2342 a
1343 2308 1565 2343 Demetrium

123 2351 256 2387 renibus
277 2350 345 2386 suls
368 2351 538 2394 obtinuit,
578 2356 617 2387 ut
639 2352 801 2398 templum
823 2351 889 2386 sibi
923 2353 1047 2388 iterum
1072 2358 1108 2389 et
1131 2355 1416 2389 Maccahaeorum
1441 2366 1566 2389 conce-

97 2361 262 2432 gerentur
283 2397 470 2443 reliquiae3
504 2409 588 2444 quas
611 2399 716 2433 Judas
739 2398 775 2432 in
797 2398 980 2434 Antiochia
1001 2411 1126 2445 magna
1147 2400 1324 2446 sepelivit,
1348 2399 1383 2434 in
1406 2400 1480 2435 loco
1505 2400 1564 2446 qui

100 2441 246 2486 dicitur,
276 2443 477 2479 Cerateumt
509 2445 567 2479 ubi
591 2445 695 2479 etiam
719 2449 794 2479 erat
815 2456 993 2491 synagoga
1014 2447 1230 2482 Judaeorum.
1276 2446 1349 2480 Hos
1371 2446 1457 2480 enim
1482 2458 1565 2492 pro-

99 2500 145 2535 pe
167 2488 210 2523 ab
234 2490 339 2531 urbe,
372 2501 392 2524 e
414 2489 555 2535 regione
587 2490 682 2526 Jovis
708 2491 836 2533 Cassii,
880 2492 957 2526 neci
980 2493 1123 2528 dederat
1146 2492 1352 2533 Antiochus,
1384 2491 1420 2525 in
1444 2491 1567 2528 Monte

97 2545 231 2581 semper
250 2534 486 2582 lachrymanti.
535 2537 641 2572 Judas
664 2541 778 2572 autem
799 2543 989 2584 repurgato
1014 2539 1177 2584 Templo,
1214 2538 1369 2582 urbeque
1391 2537 1565 2573 instaura-

98 2586 155 2622 ta,
197 2579 358 2616 Pascham
379 2581 454 2617 Deo
488 2583 689 2619 celebravit.
737 2583 828 2618 Erat
849 2585 935 2619 haec
964 2586 1113 2620 secunda
1134 2584 1340 2619 Judaeorum
1363 2583 1565 2630 captivitasa

98 2626 150 2661 uti
171 2625 207 2660 in
229 2626 408 2662 Chronicis
430 2629 575 2663 tradidit
598 2628 764 2664 Eusebius
786 2630 968 2685 Pamphili.

189 2671 406 2708 Demetriano
427 2675 589 2710 successit
610 2675 646 2710 in
668 2687 775 2721 regno
799 2677 1007 2719 Antiochus,
1032 2675 1149 2730 Grypi
1170 2686 1298 2720 nepos,
1321 2675 1410 2710 filius
1432 2675 1562 2711 Laodi-

98 2730 174 2760 ces„
200 2718 373 2753 Ariarathi
395 2719 636 2767 Cappadocum
659 2721 751 2767 regis
774 2722 885 2766 filiae3
908 2723 958 2757 Et
981 2726 1140 2767 regnavit
1162 2732 1266 2756 annos
1287 2733 1338 2756 711.
1376 2723 1474 2758 Anno
1499 2734 1563 2757 au-

97 2769 166 2800 uem
189 2768 313 2799 octavo
344 2763 477 2819 imperii
500 2768 572 2811 ejus
595 2768 832 2810 Macedonici,
874 2773 990 2803 terrae
1021 2773 1145 2802 motum
1170 2778 1271 2812 passa
1307 2771 1358 2803 est
1380 2768 1564 2803 Antiochia

97 2809 239 2856 Magna.
285 2809 420 2844 Accidit
451 2811 516 2846 hoc
539 2813 584 2847 ad
606 2814 720 2849 horam
743 2825 766 2848 x
790 2814 859 2849 diei
882 2825 940 2847 xxx
964 2813 1083 2848 mensis
1115 2814 1276 2856 Per-inii,
1311 2813 1384 2849 sive
1406 2814 1562 2849 Februa-

97 2856 160 2901 rii3
208 2867 296 2894 anno
338 2860 418 2903 post
450 2857 549 2902 jacta
579 2870 601 2894 a
629 2859 775 2897 Seleuco
805 2860 973 2896 Nicatore
1005 2859 1116 2905 prima
1145 2858 1309 2895 moenium
1339 2860 1562 2897 fundamenta
