1838 3230
274 179 340 227 84
474 204 478 208 .
672 167 967 215 10ANN15
994 168 1335 213 MALALAE

129 304 161 337 Ο
188 302 254 338 103
278 291 384 349 αὐτῇ
406 289 427 334 ὅ
449 293 630 347 Προΐτος
640 322 653 342 ,
690 285 835 344 Νόμος
858 288 964 331 ἔστὶν
982 285 1148 344 Ἕλλησι
1168 286 1226 343 μὴ
1245 292 1370 330 ποιεΐν
1388 289 1523 336 κακῶς
1538 288 1596 344 τῷ
1615 300 1733 337 οντε-

279 362 454 404 σθίοντι.
491 359 597 401 ἀλλὰ
616 357 761 412 πέμπω
783 357 908 399 αὐτὸν
926 356 1027 413 πρὸς
1047 357 1118 399 τὸν
1136 354 1239 398 ἴδιόν
1264 371 1338 398 σου
1359 354 1516 410 πατέρα
1529 349 1732 408 Ἰοβάτην,

279 428 373 484 μεθ’
399 422 447 470 οὗ
470 427 661 469 οὐδέποτε
691 425 837 482 ἔφαγε,
873 422 1042 481 γράφων
1063 424 1174 482 αὐτῷ
1202 428 1397 481 φονεῦσαι
1417 422 1542 465 αὐτὸν
1571 418 1628 471 ὥς
1647 421 1734 463 ἔπε’-

229 504 260 538 C
283 500 434 551 βουλον
454 499 528 549 τῆς
546 496 645 548 ἐμῆς
670 494 880 546 βασιλείας
898 494 963 535 καὶ
983 497 1058 535 σοῦ
1078 492 1216 548 αὐτῆς.
1287 490 1308 535 ὃ
1339 492 1382 533 δὲ
1409 487 1582 545 ποιήσας
1603 486 1736 545 οὕτως

283 565 428 607 ἔδωκεν
461 562 572 620 αὐτῷ
603 559 826 617 γράμματα
836 593 849 613 ,
911 561 1140 617 σφραγίσας
1167 559 1273 602 αὐτὰ
1305 562 1496 615 βασιλικῇ
1526 557 1767 614 σφραγῖδι.5

283 634 349 675 καὶ
373 630 513 682 λαβὼν
543 629 594 672 τὰ
626 627 848 685 γράμματα
876 626 896 671 ὅ
926 626 1278 685 Βελλεροφόντης,
1317 628 1472 683 ἀγνοῶν
1502 625 1576 680 τὴν
1605 641 1735 668 κατα·
1795 650 1800 657 κ

283 699 429 753 σκευὴν
456 697 529 752 τὴν
554 697 638 740 κατ’
667 697 794 740 αὐτοῦ
829 696 990 751 ἀπῆλθε
1011 697 1112 753 πρὸς
1145 696 1216 738 τὸν
1230 694 1418 750 Ἰοβάτην
1438 688 1632 748 βασιλέα,
1669 692 1736 734 καὶ

285 763 397 823 εὗρεν
427 765 551 808 αὐτὸν
583 767 624 807 ἓν
650 769 707 823 τῷ
738 765 904 822 ἀρίστῳ.
976 767 1041 807 καὶ
1058 764 1210 818 μαθὼν
1234 762 1254 806 ὃ
1277 761 1463 818 Ἰοβάτης
1499 760 1560 805 ὅτι
1589 757 1735 816 ἦλθεν,

286 833 470 877 ἐκάλεσεν
491 831 627 885 αὐτόν,
654 834 720 875 καὶ
752 831 806 882 ὥς
827 830 1069 889 φιλούμενον
1086 832 1198 889 παρὰ
1218 836 1291 874 τοῦ
1311 833 1510 888 Προίτου,
1547 831 1736 885 γαμβροῦ

286 903 438 953 αὐτοῦ,
489 899 543 950 ὥς
574 901 664 943 υἱὸν
694 901 871 943 ἐκέλευσε
903 902 1128 943 συνεσθίειν
1161 899 1286 957 αὐτῷ.
1354 901 1420 941 καὶ
1453 895 1669 952 δεξάμενος
1685 894 1737 938 τὰ
1750 901 1794 936 10

283 969 506 1028 γράμματα
537 971 603 1011 καὶ
634 968 832 1024 ἀναγνοὺς
855 969 907 1011 τὰ
927 969 1133 1025 γραφέντα
1161 968 1295 1024 αὐτῷ,
1334 969 1399 1009 καὶ
1421 966 1538 1015 εῗδώς
1556 963 1578 1008 ὃ
1602 962 1739 1019 Ἰοβά-

286 1056 361 1094 της
382 1037 443 1080 ὅτι
465 1037 686 1093 συνέφαγεν
709 1037 819 1094 αὐτῷ
842 1035 921 1079 εἷπε
955 1036 1051 1079 καθ’
1082 1035 1227 1078 ἑαυτὸν
1245 1034 1306 1078 ὅτι
1325 1038 1482 1089 μᾶλλον
1507 1038 1740 1088 κατηγορεῖ-

137 1121 171 1155 O
197 1116 265 1155 104
289 1125 358 1150 ται
380 1100 520 1155 οὗτος·
559 1107 594 1147 εἴ
609 1105 686 1160 γὰρ
717 1103 879 1161 συνῄδει
899 1109 1032 1162 κακῷ,
1072 1104 1144 1147 οὒκ
1165 1101 1259 1158 ἂνὴ
1289 1105 1380 1158 δίκη
1409 1103 1592 1157 ἐποίησεν
1615 1099 1740 1143 αὐτὸν

288 1180 430 1233 φαγεῖν
459 1173 542 1226 μετ’
579 1174 700 1227 ἐμοῦ,
739 1172 801 1215 ὅτι
829 1171 953 1226 νόμος
986 1174 1093 1215 ἐστὶν
1119 1171 1284 1226 Ἕλλησι
1310 1176 1368 1230 τῷ
1401 1171 1655 1213 συνεσθίοντι
1681 1167 1740 1223 μὴ

230 1254 263 1288 D
287 1248 412 1286 ποιεῖν
430 1245 576 1290 κακῶς.
647 1242 713 1282 καὶ
735 1241 786 1283 τὰ
806 1240 910 1282 αὐτὰ
930 1240 1082 1296 ἔγραψε
1112 1245 1169 1297 τῷ
1192 1241 1280 1297 ἰδίῳ
1302 1243 1474 1296 γαμβρῷ
1497 1240 1562 1280 καὶ
1584 1237 1636 1281 τὰ
1656 1241 1741 1279 λοι-
1754 1239 1798 1274 15

286 1309 370 1363 πά,
408 1309 551 1358 καθώς
583 1306 867 1365 συνεγράψατο
893 1308 1115 1365 Εὐριπίδης
1147 1306 1168 1351 ὃ
1196 1308 1384 1364 τραγικὸς
1408 1304 1599 1362 ποιητής,
1635 1309 1742 1360 πλη-

289 1377 427 1436 ρώσας
446 1377 493 1420 τὸ
517 1379 668 1433 δρᾶμα.

394 1476 518 1521 Μετὰ
536 1477 580 1518 δὲ
602 1476 675 1531 τὴν
695 1478 905 1537 βασιλείαν
931 1481 1005 1519 τοῦ
1028 1477 1212 1533 Προίτου
1237 1477 1491 1528 ἐβασίλευσεν
1515 1473 1536 1518 ὅ
1559 1471 1744 1528 δεύτερος

286 1547 502 1603 ’Λκρίσιος
523 1544 590 1599 ἔτη
614 1543 692 1596 λα’,
729 1547 794 1587 καὶ
816 1545 955 1587 λοιπὸν
971 1545 1074 1600 μετὰ
1094 1546 1166 1600 τὴν
1186 1547 1297 1600 νίκην
1319 1545 1391 1601 τὴν
1408 1544 1512 1587 κατὰ
1536 1539 1742 1596 Οἰνομάου

293 1616 548 1668 ἐβασίλευσεν
571 1610 760 1668 ὄΠέλοψ
791 1612 858 1668 ἔτη
879 1611 958 1665 λβ’,
997 1614 1038 1663 ἐξ
1062 1608 1109 1655 οἷ)
1139 1615 1204 1655 καὶ
1228 1611 1547 1668 Πελοποννήσιοι
1566 1608 1743 1665 ἓκλήθη-
1753 1612 1800 1647 20

294 1700 372 1726 σαν
402 1683 441 1725 οἱ
466 1680 706 1724 Ἑλλαδικοί.
778 1680 906 1724 ἔκτισε
928 1682 972 1723 δὲ
1002 1683 1068 1724 καὶ
1089 1679 1228 1734 πόλιν,
1267 1680 1407 1737 ἥντινα
1439 1682 1506 1722 καὶ
1533 1674 1745 1722 Πελοπόν-

383 1814 418 1848 2.
450 1808 626 1857 Ἰωβάτην
648 1822 780 1856 semper
803 1812 891 1854 0x.,
920 1809 1087 1858 Ἰοβάτην
1109 1810 1292 1846 Cedrenus.
1430 1812 1482 1846 16.
1517 1807 1746 1854 Εὐριπίδης]

385 1857 464 1891 Vid.
489 1857 633 1891 Bentlei.
660 1869 693 1901 p.
716 1860 772 1892 20.
911 1859 964 1893 18.
1002 1857 1189 1902 δεύτερος]
1226 1858 1280 1891 De
1309 1857 1375 1891 hoc
1405 1856 1556 1902 disputat
1578 1854 1746 1889 Schurzfl.

382 1903 468 1937 Not.
501 1903 590 1936 Bibl.
622 1903 700 1936 Vin.
732 1914 766 1947 p.
795 1904 871 1938 165.
1008 1905 1065 1939 20.
1106 1903 1242 1948 Πέλωψ
1275 1904 1364 1944 Ox.,
1399 1902 1525 1947 Πέλοψ
1559 1902 1746 1936 cedrenus.

387 1950 469 1983 ibid.
491 1946 763 1993 Πελοποννήσιοι
785 1950 855 1984 Ox,
991 1950 1048 1986 21.
1076 1950 1338 1995 Πελοπόυησον
1359 1949 1427 1983 Ox.

296 2060 483 2107 spondens3
506 2059 685 2104 Injuriaxii,
708 2061 836 2105 inquit,
859 2061 946 2103 illis,
971 2063 1165 2107 quibuscum
1189 2061 1413 2103 comederint,
1436 2060 1577 2101 inferre,
1603 2057 1747 2093 Graecis

297 2106 434 2151 Religio
460 2110 530 2140 est:
567 2111 736 2140 caeterum
762 2107 897 2149 Jobati‚
922 2108 1013 2152 patri
1034 2114 1114 2150 tuo,
1138 2108 1270 2152 quicum
1293 2118 1460 2152 nunquam
1483 2105 1649 2147 comedit,
1674 2116 1746 2138 enm

297 2152 449 2193 mittam3
490 2162 553 2196 per
575 2151 693 2185 literas
725 2163 800 2184 eum
823 2163 965 2196 rogans,
999 2154 1050 2187 uti
1074 2155 1160 2187 hunc
1193 2166 1212 2187 e
1235 2153 1344 2187 medio
1382 2153 1501 2192 tollat3
1543 2156 1582 2185 ut
1603 2150 1661 2196 qui
1683 2149 1747 2185 tibi

299 2208 475 2242 regnoque
497 2207 568 2230 meo
591 2196 714 2230 struxit
736 2196 881 2231 insidias.
939 2199 991 2232 Ad
1014 2200 1101 2232 hunc
1123 2199 1230 2243 igitur
1252 2199 1381 2232 modum
1404 2198 1487 2231 fecit
1509 2198 1675 2238 Proetus,
1712 2198 1748 2229 et

299 2243 418 2277 literas
438 2242 692 2286 Bellerophonti
708 2242 871 2284 tradidit,
896 2243 1005 2288 Regio
1028 2245 1137 2288 sigillo
1162 2245 1375 2288 obsignatas3
1399 2255 1482 2289 quas
1504 2242 1561 2276 ille
1580 2241 1663 2276 nihil
1685 2241 1747 2275 do-

301 2288 328 2322 li
351 2287 559 2333 suspicatus,
593 2287 708 2320 Jobati
731 2287 853 2321 defert.
898 2289 1022 2322 Incidit
1045 2294 1156 2324 autem
1178 2290 1213 2323 in
1234 2291 1405 2331 Jobatem,
1437 2290 1528 2322 forte
1550 2292 1620 2321 tum
1643 2297 1747 2331 pran-

303 2334 458 2374 dentem3
495 2333 573 2377 qui,
597 2331 711 2366 audito
735 2333 1030 2378 Bellerophontem
1054 2334 1247 2376 advenisse,
1271 2347 1370 2380 quem,
1392 2335 1533 2368 Proetus
1556 2343 1661 2377 gener
1683 2331 1747 2365 filii

302 2380 377 2414 loco
402 2380 539 2412 charum
562 2377 703 2419 habuit,
727 2378 819 2411 illum
841 2379 876 2411 in
900 2391 1031 2413 mensae
1054 2381 1253 2414 consortium
1277 2380 1443 2415 adhibuit.
1487 2378 1620 2412 Deinde
1642 2375 1748 2411 literis

303 2424 452 2468 acceptis
499 2423 721 2468 erlectisque‚
756 2423 914 2465 Jobates,
947 2436 1019 2458 cum
1036 2425 1071 2458 in
1089 2437 1219 2460 mensae
1243 2427 1342 2460 etiam
1366 2424 1566 2459 consortium
1587 2433 1662 2457 eum
1685 2434 1749 2457 vo-

303 2474 432 2511 casset3
490 2468 613 2502 ndubie
636 2468 771 2513 (inquit
794 2469 886 2513 apud
910 2470 970 2513 se)
994 2471 1090 2504 homo
1112 2471 1177 2504 iste
1198 2471 1317 2515 inique
1338 2470 1568 2504 insimulatur:
1609 2468 1637 2502 si
1661 2467 1746 2502 enim

302 2515 443 2559 alicujus
474 2514 509 2548 in
533 2526 572 2548 eo
595 2514 674 2547 mali
699 2514 829 2548 conscia
852 2515 988 2556 fuisset,
1027 2516 1190 2549 communi
1222 2517 1272 2548 uti
1294 2527 1406 2549 mensa
1427 2513 1562 2548 Justitia
1583 2513 1658 2558 ipsa
1680 2524 1747 2547 non

303 2559 444 2594 sivisset.
491 2559 593 2605 Apud
616 2560 769 2594 Graecos
790 2559 896 2600 enim,
931 2560 1084 2604 injuriam
1108 2561 1161 2602 ei,
1194 2560 1325 2605 quicum
1348 2561 1574 2601 comederint,
1607 2559 1746 2600 inferre,
1767 2602 1770 2604 v

305 2606 400 2638 nefas
422 2606 577 2639 habetur.
624 2605 726 2639 Juxta
749 2606 833 2639 haec
853 2604 959 2649 igitur
981 2617 1106 2649 genero
1130 2617 1188 2639 suo
1212 2605 1386 2650 rescripsit
1408 2606 1564 2646 Jobates;
1602 2611 1638 2639 et
1660 2615 1748 2650 quae

303 2656 491 2694 sequuntur
514 2651 604 2696 apud
627 2650 845 2696 Euripidem,
877 2651 934 2696 qui
956 2651 1020 2684 hac
1044 2651 1087 2685 de
1108 2663 1147 2685 re
1170 2651 1400 2695 Tragoediam
1423 2650 1565 2696 scripsit.

397 2728 524 2763 Proeto
554 2732 664 2763 autem
696 2729 854 2764 successit
874 2729 910 2763 in
931 2741 1036 2774 regno
1060 2728 1206 2764 Acrisius
1238 2729 1400 2763 secundus
1435 2741 1497 2774 per
1528 2741 1631 2763 annos
1653 2738 1746 2762 xxxt-

307 2775 343 2806 et
367 2772 487 2807 deinde
519 2775 662 2819 Pelops,
700 2781 777 2820 post
805 2775 981 2810 victoriam
1013 2779 1131 2809 contra
1155 2776 1361 2808 Oenomaum
1392 2787 1412 2808 a
1437 2787 1473 2809 se
1497 2781 1649 2820 partam;
1689 2772 1748 2818 qui

306 2820 465 2863 regnavit
498 2831 600 2854 annos
622 2831 728 2855 xxxn.
755 2833 775 2855 a
799 2833 866 2866 quo
891 2821 1020 2856 Graeci
1042 2825 1158 2866 postea
1190 2820 1404 2866 Peloponesii
1435 2821 1517 2855 dicti
1548 2824 1642 2855 sunt:
1689 2817 1748 2864 qui
