1838 3230
0 0 230 237 ἔ

0 268 37 395 2

652 170 951 217 EPISTOLA.
1435 176 1535 223 707

75 287 157 328 tuit
188 286 294 328 euim
320 289 503 342 Αρτεμῆ,
539 285 649 342 νγιᾶ.
707 288 764 327 Τ3
798 288 930 341 ipsum
956 286 1148 327 arbitrum
1169 286 1310 340 capio,
1339 286 1408 338 qui
1435 286 1536 326 haec

77 344 197 384 alibi:
227 347 411 398 Αρτεμῆ,
441 357 575 394 σωον,
602 343 717 397 υγιᾶ,
749 342 955 399 σώφρονα.
1011 342 1209 398 Αρτεμέα,
1246 341 1381 396 wysla,
1420 340 1534 398 (lege

10 397 200 457 ὑγιᾶ)
225 399 337 454 ὑγιῆ.
394 398 585 454 Αρτελὲς,
624 400 800 453 (corrige
826 398 1026 455 Αρτεμὲς)
1054 399 1121 455 υγι
1123 399 1175 449 έ.ς
1231 398 1411 439 Necdum
1439 413 1534 452 pec·
1557 399 1590 435 0
1611 401 1659 438 37

76 456 196 496 calidi
217 455 324 496 finis:
355 457 460 496 Ecce
486 457 590 496 enim
613 456 663 495 de
689 457 864 508 integro:
893 458 925 511 †
950 456 1264 510 Αρτηνεστὲραν,
1293 454 1536 509 ὁγιεστέραι,

73 511 336 578 ἐντιμοτέραν.
403 513 562 566 Duplex
588 520 764 552 erratum
802 520 882 564 est,
921 513 1000 552 1100
1032 512 1200 562 librarii,
1238 511 1337 551 illud
1371 512 1534 552 autoris.

73 570 253 623 Apparet
271 570 371 608 enim
393 582 482 607 cum
502 583 552 608 ex
574 569 733 616 ordine,
762 575 848 608 tum
873 583 923 608 ex
941 569 1287 622 interpretatione,
1317 581 1397 607 non
1419 569 1536 607 aliter

74 625 278 678 scripsisse
295 624 534 677 Hesychium
556 639 674 677 quam
702 625 1012 680 Αρτιμεστέραν·
1046 639 1188 678 nempe
1214 625 1281 664 vel
1311 626 1535 677 scripturae

0 674 17 725 ἶ
73 682 283 731 mendum,
322 682 385 720 vel
416 681 589 720 minutae
620 683 866 732 fugientesve
896 683 1054 732 literae,
1093 683 1159 720 vel
1184 681 1305 720 nimia
1333 681 1532 720 festinatio

73 739 116 778 in
143 751 263 778 causa
277 738 376 787 fuit,
407 751 480 777 cur
504 737 607 776 illud
638 738 843 778 exhiberet
870 753 946 792 pro
973 737 1278 792 Αρτεμεστὲραν.
1337 739 1435 776 Cum
1458 751 1533 776 au·

73 801 154 835 tem
175 791 452 860 ἆρτιμεστέραν
470 808 551 833 11011
577 795 746 834 multum
778 795 952 834 absimile
986 795 1039 833 sit
1065 797 1121 850 τῷ
1155 793 1435 847 Τιμηεστέραν·
1463 794 1532 834 ille

73 851 286 891 secundam
315 851 680 903 interpretationem
714 851 987 891 liberalissime
1015 851 1181 890 donavit
1204 850 1253 888 de
1280 864 1372 901 suo;
1409 856 1532 903 prout

74 921 189 948 error
206 920 381 947 errorem
404 921 589 959 generare
611 908 721 948 solet.
778 909 806 959 †
827 911 1086 957 Ατισιλινοῖς,
1115 906 1207 960 περὶ
1232 923 1280 947 τα
1298 904 1389 948 two?
1412 907 1535 959 ἐξαμ-

0 979 7 989 ⁴
73 960 212 1018 μάτων
230 963 396 1005 δὲσεσιν.
454 964 526 1002 Dic
547 963 686 1014 sodes,
715 978 845 1003 annon
877 964 1064 1014 Aenigma
1092 963 1161 1002 tibi
1190 963 1378 1002 videntur
1398 962 1532 1002 haec?

71 1021 266 1072 Equidem
286 1034 367 1059 non
385 1033 471 1059 sum
494 1020 694 1072 Oedipus.
722 1020 846 1059 ausim
863 1027 995 1059 tamen
1017 1033 1094 1072 pro
1113 1025 1222 1059 certo
1243 1019 1443 1071 polliceri,
1471 1033 1534 1058 re-

73 1084 177 1116 ctam
199 1077 437 1146 scripturam
465 1090 548 1115 esse
570 1081 704 1128 Αψῖσι
729 1078 856 1118 λίνου.
915 1076 1137 1128 Hesychius
1173 1075 1286 1114 alibi:
1316 1080 1447 1128 Λψῑσι
1476 1076 1533 1117 λί-

0 1182 4 1185 ,
70 1149 168 1185 νου,
197 1131 374 1188 ἅμμασιν
393 1129 473 1174 ἆπό
494 1135 566 1185 τῆς
584 1136 780 1186 συναφῆς.
838 1132 1034 1172 Homerus
1054 1132 1191 1185 quinto
1211 1131 1358 1173 Iliadis.

289 1200 455 1256 Μήπως
473 1219 528 1252 ως
550 1202 670 1255 αψῖσι
686 1206 800 1245 λίνου
824 1200 963 1245 αλόντε
980 1200 1189 1271 πανάγρου

287 1257 472 1313 Λνδρασι
489 1260 768 1314 δυσμενέεσσιν
787 1260 885 1314 ε’λωρ
905 1259 973 1300 καὶ
991 1256 1126 1313 κύρμα
1142 1258 1328 1314 γένησθε.

0 1332 3 1334 ’
74 1330 183 1379 Quid
206 1344 277 1382 ego
298 1331 349 1370 de
376 1331 462 1370 istis
489 1331 635 1382 dicam,
677 1346 778 1384 quae
803 1330 957 1384 pagella
985 1330 1169 1383 proxima
1195 1328 1291 1367 mihi
1317 1328 1360 1367 in
1390 1329 1528 1368 oculos

69 1387 312 1427 incurrunt?
340 1387 629 1442 -Ι-Αριστῆραι,
660 1389 811 1429 δοῦλαι.
867 1388 1064 1439 Deceptus
1085 1393 1143 1426 est
1163 1385 1415 1425 similitudine
1443 1386 1529 1424 lite-

68 1457 204 1486 rarum
226 1448 264 1484 A
283 1439 396 1493 etA.
452 1443 655 1496 Siquidem
676 1444 860 1511 oportuit
886 1446 1120 1497 Δριστῆραι.
1184 1442 1274 1493 Ipse
1303 1441 1379 1479 alio
1413 1442 1527 1480 loco:

68 1503 322 1556 Δρηστῆναι,
351 1496 554 1552 διακονοι,
582 1498 840 1556 θεραπαιναι.
870 1501 955 1552 lege
983 1501 1222 1553 Δρηστῆραι.
1279 1497 1410 1536 Verbo
1439 1512 1527 1536 mo-

69 1571 244 1610 nendum
276 1577 336 1610 est
372 1587 407 1620 ι,
448 1587 482 1613 ει
511 1578 551 1611 et
578 1588 605 1624 η
636 1573 678 1611 111
707 1571 878 1620 Lexicis,
916 1570 1149 1622 piaesertim
1180 1567 1287 1620 apud
1315 1567 1422 1606 hunc
1449 1583 1527 1606 no·-

70 1635 221 1674 strum‚
250 1627 476 1679 promiscue
494 1629 700 1681 usurpari·
730 1641 823 1666 veta
842 1627 943 1665 enim
961 1626 1137 1677 analogia
1152 1624 1342 1677 requirit,
1371 1630 1416 1663 ut
1434 1622 1528 1679 δρή-

70 1696 220 1738 στειραι
238 1683 470 1724 scribamus.
526 1685 653 1723 Locus
674 1690 733 1723 est
752 1683 894 1735 Odyss.
922 1680 981 1723 T'.

295 1749 412 1795 Τοὶων
433 1754 479 1794 αἵ
494 1769 557 1795 τοι
580 1754 695 1806 δωμα
713 1749 812 1794 κάτα
833 1748 1056 1806 δρήστειραι
1076 1750 1197 1791 ἔασιν.

70 1811 172 1851 Vide
189 1816 346 1859 tamen,
375 1817 421 1849 ut
439 1810 642 1862 magnifice
661 1810 708 1848 de
725 1824 765 1848 se
784 1810 974 1860 loquatur
992 1809 1040 1846 ad
1067 1808 1296 1847 familiarem
1315 1821 1430 1847 suum
1448 1808 1524 1847 Eu-

69 1868 232 1919 logium.
293 1863 353 1907 Ου
381 1863 478 1921 γὰρ,
509 1867 584 1916 ait,
622 1863 780 1937 ὀκνήσω
811 1862 904 1917 μετοέ
934 1865 1158 1917 παῤῥησίας
1183 1865 1328 1914 εἰπεῖν,
1360 1862 1420 1906 ότι
1444 1869 1526 1905 τῶν

69 1920 320 1994 Αριστοὶρχου
346 1923 413 1963 καὶ
440 1924 631 1971 Απίωνος
656 1922 724 1962 καὶ
742 1918 978 1973 Ηλιοδοὶρου
1008 1920 1150 1970 λέξεων
1182 1917 1426 1974 εὐπορήσας,
1455 1921 1525 1962 καὶ

68 1996 118 2021 τα
152 1982 288 2034 βιβλία
320 1979 513 2034 προσθεὶς
545 1981 828 2048 Διογενιανοῦ,
861 1975 883 2018 ὃ
907 1980 1065 2047 nqeirov
1097 1976 1163 2017 καὶ
1188 1976 1368 2030 μέγιστον
1395 1974 1524 2048 ὑπάρ-

69 2050 129 2090 χει
147 2035 439 2088 πλεονέκτημα,
468 2038 592 2076 ταῦτα
612 2031 655 2076 δ’
682 2031 802 2082 αὐτὸς
825 2035 907 2074 ἰδία
928 2049 1025 2087 χειρι
1045 2031 1210 2103 γράφων
1229 2031 1304 2087 ἐγώ
1335 2049 1430 2086 μετα
1448 2050 1524 2074 πα-

70 2106 144 2145 σης
179 2089 392 2159 ὄρθότητος
429 2091 496 2132 και
531 2087 812 2145 ἀκριβεστάτης
842 2093 1001 2155 γραφῆς
1028 2106 1128 2130 κατα
1156 2105 1226 2130 τον
1253 2105 1524 2143 γραμματικον

67 2145 323 2219 Ηρωδιανόν.
380 2149 460 2199 Ego
477 2162 594 2197 vero,
630 2149 696 2200 qui
723 2146 933 2186 Theodosii
962 2143 1043 2184 MS
1045 2147 1092 2166 ³¹¹¹
1119 2145 1312 2198 ἐπιτομήν
1337 2149 1410 2198 τῆς
1438 2150 1521 2185 Κα-

67 2211 199 2248 θολου
227 2204 442 2244 Herodiani
470 2205 670 2253 lectitavi,
714 2203 902 2243 testificor
942 2216 1081 2256 parum
1108 2201 1205 2241 huic
1235 2203 1430 2254 promisso
1452 2202 1519 2240 vel

67 2263 176 2302 nullo
204 2262 324 2300 modo
354 2261 595 2300 satisfactum
627 2273 720 2299 esse.
777 2261 804 2310 †
835 2256 1096 2313 Λρήσθορεν,
1130 2256 1337 2324 ἐπήδησεν.
1393 2258 1519 2297 Vitio-

68 2320 150 2358 sius
173 2317 252 2357 1100
273 2317 446 2370 quidem,
476 2331 592 2369 quam
614 2316 716 2355 illud
738 2316 902 2355 alterum
928 2315 1171 2369 Λρέσθορεν,
1200 2311 1409 2366 ἐπήδησεν.
1441 2314 1519 2353 Sed

31 2419 34 2421 ,
68 2389 119 2415 ex
134 2381 300 2427 utraque
315 2381 426 2426 parte
442 2374 625 2423 ostendit,
646 2387 723 2411 non
741 2372 992 2411 lautissimam
1012 2372 1215 2410 doctrinae
1235 2370 1519 2422 supellectilem

69 2431 142 2470 sibi
162 2430 267 2470 domi
290 2431 421 2469 fuisse.
481 2431 591 2478 Quae
610 2430 710 2469 enim
731 2428 827 2467 haec
848 2429 1128 2479 conglutinatio
1155 2427 1388 2477 verborum,
1418 2439 1518 2478 quae
1543 2438 1575 2473 0
1599 2439 1645 2474 33

69 2487 233 2526 dissolvi
255 2487 382 2525 denuo
404 2486 619 2555 divellique
642 2485 895 2524 desiderant?
923 2485 1036 2523 Hom.
1056 2483 1191 2522 Ι]13(113
1215 2478 1293 2522 M'.

285 2565 338 2571 —
367 2565 420 2571 ——-
450 2566 503 2571 ——
533 2542 554 2583 ὁ
575 2538 614 2582 δ’
638 2540 688 2596 ἄρ
698 2538 869 2594 ’ἔσθορε
885 2542 1075 2593 φαίδιμος
1099 2543 1236 2593 Εκτωρ

289 2598 418 2639 Νυκτὶ
435 2601 520 2654 θοῇ
539 2594 755 2647 αταλαντος
773 2595 950 2639 ὑπώπια.
1428 2618 1431 2619 ’

69 2652 372 2723 Αρενοβοσκὸς,
396 2639 726 2708 προβατοβοσκός.
775 2654 945 2694 Mirifice
976 2651 1154 2704 quidem,
1181 2656 1227 2690 ut
1253 2649 1352 2688 nihil
1382 2662 1511 2701 supra

68 2710 190 2762 Atqui
217 2725 320 2779 αρην
346 2706 518 2762 αρῆνος,
547 2718 670 2764 puto,
699 2710 863 2760 dicitur,
893 2723 972 2747 non
1000 2705 1160 2760 ἆρένος·
1190 2706 1294 2745 1111(13
1316 2703 1516 2758 πολύρῤη-

69 2782 158 2816 νες,
190 2774 227 2806 et
245 2764 307 2814 οἰ”ς
322 2763 561 2819 ὖπόρρηνος.
594 2768 701 2817 11110,
732 2767 829 2819 quin
843 2764 990 2804 Jambei
1010 2763 1250 2816 principium
1268 2763 1386 2801 suerit
1410 2761 1511 2813 apud

69 2822 306 2876 Sophoclem
324 2820 609 2877 Αρηνοβοσκὸς
624 2847 676 2853 -
698 2845 750 2852 -
775 2836 825 2862 113
846 2820 1105 2861 dubitandum
1125 2825 1183 2859 est
1205 2818 1402 2872 quidem.
1433 2818 1514 2857 Me·
