1838 3230
282 172 379 217 602
767 165 1234 211 ANNOTATIONES.

278 279 562 330 Marcellinum,
591 288 629 319 et
645 282 862 320 zosimum:
893 280 1000 332 quod
1018 287 1149 320 tamen
1164 294 1244 319 non
1259 281 1456 334 explicant
1473 282 1712 336 interpretes.

279 338 390 375 Certe
410 337 628 375 Mattiarios
658 350 745 375 curn
765 337 982 376 Lanceariis
1000 337 1144 388 ubique
1170 337 1328 389 junctos
1348 338 1584 378 invenimus:
1613 342 1718 380 Ma-

278 402 334 430 ter
354 399 503 442 autem,
532 394 613 431 sive
633 393 819 441 Mater-is,
850 399 917 431 aut
938 392 1134 443 Metaris,
1164 394 1231 431 teli
1257 393 1453 445 quoddam
1472 407 1592 445 genus
1619 388 1716 444 erat,

279 448 392 500 cujus
412 444 669 487 meminerunt
684 449 786 486 inter
810 450 990 499 antiquos
1010 449 1042 488 J.
1064 450 1203 487 Caesar
1225 456 1262 487 et
1282 449 1437 499 Livius;
1477 450 1585 502 quod
1602 452 1718 490 etiam

276 505 446 543 Lanceae
465 505 649 555 longioris
670 517 787 554 genus
812 504 944 553 fuisse,
980 505 1136 556 conjicit
1152 505 1399 543 doctissimus
1417 506 1447 543 J.
1465 506 1641 555 Vossius,
1669 506 1719 546 de

277 561 346 600 vit.
379 562 500 598 Serm.
558 561 619 597 An
645 561 766 610 igitur
794 559 948 599 Mutari
976 567 1146 598 armatus
1176 561 1297 599 fuerit
1323 561 1542 600 Mattiarius
1572 569 1732 612 noster,

280 617 365 654 aliis
381 616 655 666 inquirendum
677 629 869 668 propono,
927 616 1091 654 Militum
1118 630 1213 655 vero
1232 630 1351 666 genus
1368 616 1448 655 hoc
1466 617 1716 669 Exploratio-

276 673 393 710 nibus
413 672 598 710 idoneum
617 672 755 719 fuisse,
786 672 899 710 etiam
921 686 970 710 ex
1002 674 1202 710 Ammiano
1221 673 1445 711 Marcellino
1468 674 1650 724 colligere
1667 674 1715 712 li-

276 734 360 766 cet:
398 728 466 778 qui
488 728 555 766 lib.
578 732 646 769 21.
667 727 716 765 de
733 728 986 766 Constantino
1005 729 1100 780 Imp.
1120 728 1215 766 haec
1239 727 1374 767 habet:
1420 727 1506 779 Qua
1525 730 1657 781 gratia
1675 731 1716 768 in

276 782 463 823 laetitiam
483 782 697 836 Imperator
715 798 852 831 versus,
883 798 936 822 eae
953 793 1062 831 metu,
1094 786 1276 823 concione
1293 798 1390 823 mox
1413 782 1606 834 absoluta,
1634 784 1716 824 Ar-

277 838 461 878 helionem
491 849 579 878 ante
606 838 706 877 alios
730 838 907 893 faustum
928 837 981 877 acl
1001 841 1180 877 intestina
1209 837 1310 877 bella
1327 838 1501 877 sedanda
1527 855 1580 878 ex
1599 849 1715 884 anie-

275 897 375 934 actis
398 897 479 947 jam
507 896 648 941 sciens,
692 895 763 932 iter
781 910 890 932 suum
906 896 1056 947 praeire
1081 910 1163 934 eum
1184 894 1414 934 Lanceariis
1432 905 1466 932 et
1485 896 1714 943 Maniariis,

276 961 312 990 et
329 953 490 990 catervis
514 949 778 1003 expeditorum
798 951 1000 1002 praecepit.

390 1007 489 1060 Pag.
521 1010 615 1048 330.
650 1011 712 1048 13.
757 1007 833 1053 Εἰς
848 1004 916 1046 τὸν
937 1003 1057 1046 αὐτόν
1081 1007 1272 1058 Τίγρηντοι
1295 1001 1511 1056 ποταμόν.]
1541 1007 1624 1048 Scr.
1649 1005 1715 1046 Τι’-

275 1079 418 1116 γρητα,
449 1079 470 1101 a
496 1064 649 1115 Τίγρης,
683 1063 888 1115 Τίγρητοςι
919 1061 967 1099 de
992 1075 1068 1113 qua
1085 1063 1193 1100 vocis
1211 1062 1330 1114 hujus
1348 1061 1593 1110 formatione,
1623 1060 1716 1100 vide

275 1119 519 1158 Eustathinm
540 1119 580 1156 in
599 1119 756 1169 Dionys.
777 1118 983 1168 Periegesi.
1664 1126 1665 1130 ’

388 1178 482 1228 Pag-
515 1179 607 1217 331.
641 1178 681 1216 7.
713 1171 834 1214 αὐτὸν
852 1172 1134 1224 φθασθῆναι.]
1163 1176 1418 1224 φθασθῆναι,
1451 1184 1536 1211 aor.
1559 1175 1594 1212 1.
1613 1184 1713 1222 pass.

275 1231 414 1270 infinit.
433 1231 550 1275 modi,
568 1246 589 1269 a
609 1226 753 1280 φθάζω
773 1230 973 1267 inusitato:
1002 1242 1116 1289 quam
1132 1236 1259 1268 tamen
1277 1242 1415 1268 vocem
1428 1227 1584 1280 passive
1599 1240 1712 1266 usur—

275 1294 421 1340 patam,
451 1287 540 1324 alibi
558 1286 666 1324 haud
680 1293 827 1324 temere
844 1285 1031 1324 invenies.

385 1342 480 1395 Pag.
514 1345 608 1384 331.
636 1345 674 1383 8.
705 1341 867 1392 φησίν.]
898 1342 979 1381 Ser.
1011 1340 1147 1389 φασίν.

384 1401 487 1450 Pag.
515 1401 609 1439 332.
641 1400 678 1438 3.
709 1394 816 1444 Δοΰς
835 1393 949 1448 λόγον
966 1392 1136 1446 αὐτοῖς]
1167 1391 1278 1447 λόγος
1296 1394 1494 1442 hocloco,
1522 1390 1714 1431 Indemni.

276 1455 369 1493 tatis
387 1455 599 1493 cautionem
621 1452 834 1503 significat:
867 1465 945 1503 quo
962 1464 1077 1489 sensu
1098 1450 1302 1501 aliquoties
1323 1450 1438 1488 etiam
1458 1449 1559 1486 infra
1573 1461 1713 1486 occur-

274 1511 347 1560 rit5
378 1517 423 1549 ut
440 1509 506 1549 lib.
531 1508 593 1551 14.
622 1509 671 1547 de
700 1508 873 1546 Eudocia
901 1508 1151 1558 Imperatrice
1179 1507 1318 1544 fratres
1351 1518 1442 1543 suos
1472 1509 1711 1542 accersente:

273 1565 438 1620 ἤνεγκεν
460 1561 603 1611 αὐτούς
622 1565 664 1604 ἐκ
681 1567 752 1615 τῆς
771 1562 919 1609 πόλεως
941 1565 1144 1614 Αθηνῶν,
1172 1560 1253 1602 ’15πό
1271 1558 1411 1614 λόγον,
1442 1560 1484 1601 ἐν
1502 1558 1712 1598 Κώνσταν-

273 1619 512 1663 τινουπόλει.·
554 1626 592 1659 et
616 1621 684 1660 lib.
708 1620 771 1662 15.
800 1620 841 1657 in
865 1620 1039 1656 Zenone:
1077 1618 1144 1658 καὶ
1171 1615 1346 1669 ἐκβαλών
1377 1612 1514 1663 αὐτὸν,
1544 1613 1612 1655 καὶ
1639 1612 1713 1666 τὴν

272 1682 440 1732 γυναῖκα
458 1673 601 1725 αὐτοῦ,
631 1675 697 1716 καὶ
714 1673 761 1715 τοὶ
780 1674 895 1715 τέκνα
915 1671 1041 1714 αὐτοῦ
1050 1703 1062 1724 ,
1089 1671 1169 1714 ὖπὸ
1189 1669 1307 1726 λόγον
1323 1669 1382 1714 ’ὅτι
1403 1669 1493 1713 οὔτε
1512 1666 1712 1722 ἆποκεφα-

272 1735 461 1784 λίζονται,
491 1731 581 1773 οὕτε
608 1727 908 1785 σφαγιάζονται,
939 1737 1014 1769 etc.
1494 1760 1497 1763 ⁴
1561 1758 1568 1764 .
1683 1768 1686 1773 1

387 1793 481 1842 Pag.
511 1791 605 1831 332.
638 1791 701 1829 10.
744 1783 931 1839 Βικάριος
949 1788 1022 1825 τοῦ
1049 1784 1153 1824 ἰδίου
1178 1780 1398 1835 ἄριθμοῦ.]
1429 1781 1546 1830 Quod
1567 1781 1711 1819 Nostro

274 1842 458 1897 ἀριθμὸς,
487 1845 572 1883 aliis
591 1843 851 1882 recentiorum
877 1838 1071 1893 νούμερον
1091 1846 1169 1888 est3
1198 1839 1387 1878 Numerus
1396 1855 1411 1890 ,-
1442 1836 1587 1877 Cohors
1606 1836 1713 1874 scili-

276 1908 355 1940 cet:
387 1901 539 1949 Suidas‚
577 1896 775 1952 Νούμερα,
803 1899 970 1950 σπεῖραι,
997 1893 1136 1948 πλήθη
1165 1890 1471 1946 στρατευμάτων,
1501 1887 1710 1944 φάλαγγες,

275 1953 459 2006 νούμερα,
489 1952 643 2009 λεγεών.
700 1954 888 1992 Numerus
906 1966 1000 1992 vero
1023 1960 1190 2002 quantus
1214 1951 1298 2000 suit,
1330 1963 1378 1988 ex
1400 1948 1588 1996 Cedreno,
1621 1960 1711 1984 cum

275 2013 418 2050 Nostro
441 2013 596 2060 collato,
627 2011 807 2059 colligere
824 2010 927 2047 licet.
972 2008 1047 2045 Ubi
1069 2007 1169 2046 enim
1188 2007 1339 2055 Noster,
1370 2005 1418 2042 de
1436 2004 1574 2052 OE'zitta,
1603 2016 1624 2040 a
1645 2003 1711 2040 Ju-

279 2068 444 2106 stiniano
473 2068 514 2104 in
534 2066 756 2105 Armeniam
786 2066 903 2103 misso
921 2064 1140 2113 Praefecto,
1170 2063 1311 2110 habet,
1341 2056 1538 2112 ἀριθμοὺς
1566 2056 1711 2097 τέσσα-

280 2137 370 2171 ρας·
414 2123 612 2161 cedrenus
638 2122 734 2159 haec
760 2122 908 2170 reddit,
936 2117 1112 2172 χιλιάδας
1139 2117 1334 2168 τέσσαρας.
1391 2111 1575 2164 Βικᾶριθς
1599 2126 1708 2162 vem,

283 2178 488 2224 Vicarius;
519 2178 586 2228 qui
617 2177 765 2228 duplex
799 2183 903 2223 erat,
935 2176 1118 2214 Politicus
1146 2181 1183 2212 et
1203 2172 1398 2211 Militaris:
1429 2166 1605 2222 βικάριος
1627 2164 1709 2221 ἄρι-

278 2238 408 2287 θμοῦ,
441 2233 486 2272 V
481 2235 622 2272 icat-ius
641 2231 820 2281 cohortis,
851 2245 965 2282 quem
985 2232 1097 2279 Galli,
1127 2228 1369 2275 Lieutenant‚
1399 2225 1607 2277 appellant.

391 2294 484 2341 Pag-
514 2291 606 2331 332.
641 2291 705 2329 12.
753 2285 897 2335 Μονοές
914 2284 956 2327 ιε’
980 2286 1043 2327 ἐπὶ
1071 2283 1118 2326 τοὶ
1139 2280 1312 2336 Περσικοὶ
1342 2280 1481 2335 μέρη.]
1512 2280 1569 2317 Ita
1591 2279 1708 2317 etiam

277 2346 380 2384 infra
402 2346 468 2385 lib.
493 2347 555 2386 18.
577 2343 924 2395 αἰχμαλωτίσαντες
950 2342 1015 2382 ἐπὶ
1038 2338 1164 2393 μονὰς
1192 2339 1295 2380 δέκα.
1354 2334 1501 2387 Μονὴ,
1530 2334 1707 2398 marafin,

277 2401 359 2440 sive
379 2400 495 2439 statio
519 2406 587 2439 est.
644 2397 883 2437 Vocabulum
908 2397 985 2436 hoc
1005 2410 1120 2436 sensu
1138 2400 1368 2446 usurpatum
1391 2397 1565 2430 occurrit
1593 2396 1708 2428 enam

278 2457 386 2508 apud
403 2455 688 2506 Theophanem,
717 2454 759 2491 in
778 2453 1012 2491 Justiniarm:
1049 2451 1146 2492 ὥστε
1163 2448 1240 2491 :ind
1261 2445 1292 2489 δ’
1312 2451 1446 2500 μονῶν
1464 2449 1533 2495 τῆς
1555 2442 1708 2485 θαλάσ-

278 2524 350 2564 σης
375 2509 439 2552 τόν
469 2512 654 2564 Γελίμερα
681 2506 928 2556 αὕλίζεσθαι.·
969 2521 1046 2559 quo
1066 2509 1153 2546 loco
1183 2506 1408 2544 Anastasius
1429 2501 1706 2541 Bibliothecar.

277 2564 424 2619 μονάς,
451 2566 678 2606 Mansiones
698 2565 825 2604 vertit.
880 2563 930 2602 Et
950 2561 1187 2602 asseverabat
1206 2575 1350 2600 omnem
1371 2559 1607 2598 securitatem
1630 2555 1708 2594 ha-

278 2622 361 2660 bere
387 2621 497 2669 illos,
528 2632 562 2659 et
582 2619 686 2659 haud
708 2630 866 2659 metuere
893 2633 1105 2672 quenquam
1132 2615 1307 2662 illorum,
1338 2613 1443 2668 quod
1469 2611 1649 2651 adversus
1667 2626 1707 2649 se

276 2687 482 2716 moveretur
497 2678 698 2726 exercitus,
717 2678 774 2714 ita
795 2685 835 2714 ut
854 2690 879 2713 a
897 2683 1062 2728 quatuor
1079 2671 1339 2711 mansionibus
1359 2668 1474 2709 malis
1494 2667 1544 2722 (l.
1564 2663 1704 2717 maris)

280 2731 444 2771 Gelimer
461 2741 685 2771 moraretur.
744 2731 860 2778 Quod
881 2743 976 2768 vero
997 2728 1244 2779 Theophani,
1275 2723 1352 2767 οἶπό
1375 2722 1408 2767 δ’
1428 2726 1573 2777 μονῶν,
1605 2723 1703 2760 Ana·
1727 2774 1732 2777 μ

278 2788 393 2827 stasio
421 2802 445 2826 a
464 2796 628 2842 quatuor
644 2786 917 2836 mansionibus,
937 2791 1006 2835 est,
1029 2784 1134 2837 apud
1151 2784 1381 2835 Procopium
1403 2779 1596 2827 scribitur,
1613 2777 1705 2830 ἦμε-
