1838 3230
392 162 1020 209 CHRONOGRAPHIA.
1079 162 1127 206 L.
1157 161 1312 208 XVIII.
1484 165 1583 215 459

119 283 300 342 κεφαλὴν
329 287 404 328 τοῦ
438 287 693 341 πρεσβευτοῦ
726 281 960 339 Ῥωμαίων,
1007 282 1195 334 δεδωκὼς
1221 279 1382 340 εῗρῆνης
1407 283 1582 341 φίλημα,

119 353 317 398 ἀπέλυσεν
338 355 381 397 ἓν
399 357 531 411 πολλῇ
548 354 764 413 θεραπεία.
835 353 1068 407 κατέπεμψε
1096 352 1175 409 γὰρ
1210 353 1279 395 καὶ
1315 350 1472 411 σάκρας
1515 354 1584 396 διὰ

115 420 248 466 Ἰνδοῦ
260 427 511 480 πρεσβευτοῦ
529 423 596 465 καὶ
615 424 730 479 δῶρα
749 425 808 480 τῷ
823 426 986 476 βασιλεῒ
996 419 1216 476 Ῥωμαίων.

218 490 286 534 ’Er
309 490 422 550 αὐτῷ
442 492 487 534 δὲ
505 495 563 550 τῷ
580 489 717 549 χρόνῳ
737 490 1007 547 κατεπέμφθη
1036 490 1173 547 δέησις
1193 489 1307 547 παρὰ
1327 489 1579 548 Γιλδερίχου,
1606 495 1637 529 Β

85 558 244 618 ὄρηγός
265 559 542 618 τῶνἈφρῶν,
578 557 634 610 ὥς
660 558 991 616 τυραννήσαντος
1017 564 1091 602 τοῦ
1121 560 1226 602 ἴδιόυ
1250 560 1474 617 ἓξαδέλφου
1492 559 1581 602 κατ’

120 628 248 672 αῧτοῦ
257 661 272 682 ,
307 630 375 672 καὶ
393 626 570 683 πόλεμον
587 633 670 672 τῶν
690 629 978 686 Μαυρουσίων
998 628 1104 671 κατὰ
1122 633 1204 672 τῶν
1225 627 1389 686 Ἀφρῶν
1418 632 1584 683 συμβα-
1608 632 1642 667 Ο
1668 633 1734 668 197

117 694 294 751 λόντων,
330 697 566 754 παρέλαβον
597 697 752 753 πολλὴν
788 697 916 741 αὐτοῦ
942 695 1099 755 χώραν,
1171 699 1213 740 ἓν
1240 695 1301 748 οἷς
1331 695 1583 755 παρελήφθη

116 762 144 821 ἦ
174 765 271 822 παρ’
295 765 436 816 αὐτοῖς
462 767 653 823 λεγομένη
679 768 876 823 Τρίπολις
900 768 968 809 καὶ
986 766 1204 821 Λεπτωμὰ
1225 768 1293 809 καὶ
1312 767 1498 821 Σαβαθὰ
1516 768 1586 810 καὶ

117 833 166 877 τὸ
193 833 380 888 Βυζάκιν,
406 837 779 890 αι’χμαλωτίσαντες
797 837 861 878 ἐπὶ
878 835 1010 890 μονὰς
1030 836 1139 879 δέκα.
1211 837 1278 878 καὶ
1294 833 1586 893 ἐπεστράτευσε

62 901 204 950 1οκατ’
225 901 405 947 αὗτῶνὸ
437 904 563 955 αὐτὸς
596 905 673 962 ρὴξ
701 909 785 947 τῶν
810 904 975 961 Ἀφρῶν
1005 907 1046 947 Γ
1042 905 1239 960 ιλδερῖχος
1282 909 1448 960 πλῆθος
1483 903 1585 959 ἔχων

114 971 221 1015 πολῦ
265 971 341 1015 σὺν
376 978 594 1032 στρατηγῷ
635 971 806 1028 ὀνόματι
834 977 875 1016 Γ
873 975 1029 1030 ελίμερ·
1074 972 1187 1024 ὅστις
1225 973 1450 1027 συμβαλὼν
1479 973 1583 1028 μετὰ

114 1042 401 1098 Μαυρουσίων
452 1042 693 1099 περιεγένετο
742 1042 847 1086 κατὰ
887 1039 1048 1100 κράτος.
1120 1044 1187 1085 καὶ
1219 1040 1413 1097 συνάψας
1443 1043 1583 1099 φιλίαν

113 1109 200 1164 μετ’
234 1109 371 1153 αὐτῶν
405 1109 548 1165 ἔλαβεν
571 1111 723 1161 αὐτοὺς
743 1114 799 1161 εἷς
822 1112 1084 1167 συμμαχίαν,
1121 1112 1190 1153 καὶ
1217 1109 1476 1169 τυραννήσας
1498 1113 1584 1153 εἷσ-

115 1182 221 1233 ἢλθε
254 1179 361 1222 κατὰ
391 1184 466 1222 τοῦ
490 1179 619 1223 αὐτοῦ
646 1183 687 1223 Γ
684 1181 885 1237 ιλδερίχου
907 1182 949 1223 ἕν
968 1180 1235 1237 Καρταγένῃ,
1274 1181 1342 1222 καὶ
1363 1180 1584 1234 συνέλαβεν
1607 1188 1638 1222 C

60 1258 104 1294 15
116 1246 240 1290 αὐτὸν
267 1249 334 1290 καὶ
362 1246 608 1299 ἀποκλείσας
634 1249 759 1292 αὐτὸν
789 1250 832 1293 ἐν
875 1249 973 1308 οἴκῳ
1016 1249 1123 1304 μετὰ
1162 1253 1236 1303 τῆς
1273 1249 1465 1306 γυναικὸς
1505 1249 1583 1291 αὖ-

113 1319 189 1359 τοῦ
223 1317 290 1359 καὶ
328 1320 411 1360 τῶν
439 1317 589 1362 τέκνων
630 1318 775 1372 αὐτοῦ,
810 1315 1013 1375 φονεύσας
1051 1319 1118 1361 καὶ
1149 1318 1247 1368 τοὺς
1277 1316 1581 1374 συγκλητικούς.

112 1386 181 1428 καὶ
201 1383 380 1440 ἔπεμψεν
397 1383 419 1428 ὅ
443 1386 569 1437 αὐτὸς
586 1390 627 1430 Γ
624 1388 757 1444 ελίμερ
775 1387 843 1429 διὰ
871 1391 944 1430 τοῦ
966 1388 1071 1429 ἷδιόυ
1099 1392 1351 1443 πρεσβευτοῦ
1387 1389 1502 1443 δῶρα
1525 1391 1585 1445 τῷ

111 1457 278 1506 βασιλεῖ
287 1453 560 1515 Ἰουστινιανῷ
574 1470 584 1479 ·
621 1458 688 1499 καὶ
707 1457 976 1512 μηνυθέντων
997 1460 1054 1515 τῷ
1076 1460 1239 1510 βασιλεῖ
1250 1454 1460 1511 Ῥωμαίων
1479 1456 1584 1512 ἠγα-

111 1519 286 1579 νάκτησε
304 1523 392 1566 κατ’
417 1523 554 1567 αὐτῶν
600 1525 727 1568 ἕνεκεν
756 1529 831 1568 τοῦ
863 1525 985 1583 ῥηγὸς
1013 1529 1095 1568 τῶν
1113 1525 1297 1582 Ἀφρῶν·
1332 1521 1384 1579 ἦν
1403 1525 1482 1580 γὰρ
1500 1543 1585 1579 μα-

55 1590 206 1639 maduo
230 1591 307 1647 τὴν
329 1593 545 1649 γενομένην
578 1595 803 1650 τυραννίδα
839 1594 945 1636 κατὰ
976 1597 1014 1636 Γ
1014 1595 1240 1650 ιλδερίχου·
1289 1595 1356 1636 καὶ
1388 1594 1585 1636 ἀπέλυσεν

113 1659 265 1710 αὖτοῦς
281 1661 376 1715 μεθ’
400 1660 557 1718 ὕβρεως
575 1667 742 1717 πολλῆς.
780 1664 847 1705 καὶ
869 1662 1082 1717 ἐκπέμψας
1099 1661 1391 1719 μαγιστριανόν
1420 1663 1462 1704 ἕν
1481 1659 1583 1705 Ῥώ-

203 1778 239 1815 4.
267 1780 490 1827 Θευδερίχου
514 1786 550 1816 et
574 1785 629 1817 10.
657 1783 878 1827 Θευδερίχος
902 1783 970 1818 Ox.
994 1783 1208 1827 Γιλδερίχου
1233 1788 1269 1817 et
1294 1783 1503 1827 Γιλδερίχος
1519 1782 1586 1820 Ch.

205 1828 237 1861 8.
263 1829 469 1873 Λεπτωμοὶ]
497 1829 625 1873 Leptin
647 1841 812 1875 magnam
837 1829 941 1863 dicit:
966 1829 1094 1864 monuit
1117 1830 1183 1863 Ch.
1277 1830 1360 1865 ibid.
1393 1828 1583 1874 Σαβαθοὶ]

129 1877 137 1883 “
204 1873 393 1920 Σαβαθροὶ
416 1874 587 1919 Procopio
612 1881 648 1909 et
675 1875 890 1910 Ptolemaeo:
912 1887 947 1910 v,
971 1875 1176 1922 interpretes
1199 1875 1363 1909 Antonini
1386 1888 1421 1922 p.
1447 1876 1502 1912 61.
1528 1875 1582 1910 ed.

205 1919 348 1955 Wessel.
416 1923 449 1957 9.
475 1919 635 1964 Βυζάκιν
659 1921 737 1963 Ch.‚
763 1919 914 1964 Βιζοίκιν
939 1922 1007 1957 Ox.
1076 1925 1131 1959 11.
1155 1920 1248 1958 κατὰ
1273 1922 1343 1958 ΟΧ.
1407 1923 1463 1958 15.
1488 1919 1583 1958 ἄπο-

202 1969 407 2009 κλείσαντες
429 1967 512 2010 Ox.,
536 1965 757 2010 ἀποκλείσας
780 1968 844 2003 Ch.

111 2079 212 2111 num,
245 2069 362 2116 capite
385 2070 457 2114 ejus
480 2071 669 2117 prehenso,
705 2071 856 2117 datoque
878 2071 912 2106 ei
936 2072 1031 2118 pacis
1052 2072 1186 2115 osculo,
1210 2083 1373 2119 perquam
1393 2071 1582 2107 honorifice

111 2114 263 2158 dimisit3
303 2116 409 2151 missis
430 2117 533 2152 etiam
555 2118 759 2163 Imperatori
781 2118 951 2162 Romano,
985 2129 1046 2165 per
1069 2119 1236 2164 Legatum
1258 2118 1438 2161 Indorum,
1471 2118 1582 2153 literis

111 2161 220 2207 Regis
242 2166 279 2196 et
301 2162 505 2199 muneribus.

203 2208 335 2243 Eodem
352 2216 506 2255 tempore
528 2210 671 2255 supplex
686 2210 927 2256 Imperatorem
951 2209 1123 2256 suppetias
1146 2210 1285 2256 rogavit
1307 2209 1581 2252 Theuderichus,

110 2253 273 2289 Afrorum
295 2255 393 2297 Rex3
430 2257 596 2302 patruelis
628 2256 678 2290 sui
701 2256 744 2290 de
767 2257 951 2301 tyrannide
984 2261 1193 2302 conquestus.
1253 2256 1392 2302 Quippe
1416 2255 1583 2291 Maurusii

112 2310 188 2334 oum
217 2300 310 2335 Astis
333 2301 421 2336 bello
455 2301 735 2347 congredientes,
777 2304 863 2337 bene
886 2303 1007 2338 multas
1038 2315 1154 2338 eorum
1178 2304 1278 2337 urbes
1309 2306 1583 2347 occupaverant3

113 2356 199 2390 quas
219 2345 312 2381 inter
335 2348 510 2393 Tripolis,
535 2347 614 2392 (uti
637 2348 703 2383 illis
726 2350 914 2394 vocatur,)
938 2350 1124 2396 Leptoma,
1158 2350 1315 2383 Sabatha
1338 2353 1374 2382 et
1396 2347 1582 2392 Byzacium

112 2392 235 2434 suornm
257 2393 318 2428 sed
341 2398 378 2428 et
401 2405 464 2439 per
479 2406 512 2428 x.
537 2394 667 2428 dierum
690 2395 823 2431 itineris
845 2395 1003 2442 spatium,
1027 2408 1047 2430 e
1069 2395 1264 2439 regionibus
1286 2395 1437 2439 undique
1460 2394 1583 2438 Capti-

112 2447 177 2471 vos
207 2438 430 2474 abduxerunt.
477 2441 716 2475 Theudericus
747 2441 877 2487 itaque,
918 2443 1075 2476 Afrorum
1105 2442 1201 2483 Rex,
1240 2452 1297 2475 eos
1321 2441 1410 2475 bello
1435 2439 1580 2474 vicissim

113 2483 337 2527 aggreditur,
376 2497 553 2521 numeroso
587 2487 741 2521 exercitu
774 2488 977 2529 instructus,
1014 2499 1113 2534 quem
1137 2486 1290 2521 Gelimer
1312 2487 1479 2520 ducebatz
1520 2485 1582 2531 qui

112 2527 243 2573 praelio
266 2542 339 2566 eum
362 2532 544 2567 Maurusiis
568 2533 758 2576 commisso,
792 2546 851 2569 eos
875 2534 1010 2580 penitus
1041 2533 1253 2580 profligavit.
1301 2531 1483 2566 Caeterum
1506 2532 1582 2566 foe·

112 2573 196 2608 dere
219 2575 341 2612 deiude
364 2589 439 2612 cum
463 2579 511 2614 eis
534 2579 641 2621 inito,
666 2579 746 2614 belli
768 2581 875 2616 socios
899 2581 1032 2615 eosdem
1055 2579 1119 2614 sibi
1143 2577 1317 2622 adjunxit3
1348 2577 1582 2622 tyrannidem-

113 2631 181 2674 qpe
204 2631 399 2666 capessens,
435 2624 471 2659 in
496 2625 731 2660 Gilderichum
766 2625 874 2672 ipsum
899 2638 993 2661 arma
1015 2625 1143 2666 movit3
1183 2624 1498 2669 Carthaginemque
1520 2635 1583 2659 ve-

113 2677 220 2708 mens,
244 2666 352 2712 ipsum
373 2681 447 2704 cum
470 2682 575 2706 uxore
599 2670 783 2717 liberisque
807 2674 1083 2718 comprehensum
1104 2670 1354 2712 incarceravit3
1380 2669 1580 2716 primoribus

112 2711 247 2747 interim
279 2714 376 2758 regni
400 2715 444 2750 de
466 2716 576 2751 medio
600 2718 752 2753 sublatis.
809 2719 943 2754 Deinde
968 2718 1122 2752 Gelimer
1151 2715 1342 2751 Justiniano
1365 2716 1579 2762 Imperatori,

114 2769 177 2803 per
200 2757 365 2803 Legatum
388 2772 500 2803 suum,
535 2774 676 2798 munera
698 2764 823 2799 mittit:
867 2765 910 2799 de
933 2764 1052 2809 quibus
1088 2762 1147 2797 ubi
1171 2763 1355 2798 audivisset
1377 2763 1579 2807 Imperator,

113 2804 163 2839 eis
194 2805 342 2839 offensus
364 2810 415 2841 est
438 2807 605 2843 Gilderici
635 2810 768 2844 scilicet
797 2811 953 2845 Afrorum
986 2808 1091 2853 Regis
1125 2819 1242 2843 causa:
1282 2809 1353 2853 (de
1377 2808 1579 2854 'l'yrannide

113 2850 204 2886 enim
225 2851 261 2886 iu
283 2851 376 2887 illum
398 2852 532 2898 agitata
548 2854 687 2899 jamjam
708 2857 916 2901 rescieratz)
948 2856 1114 2901 Legatum
1137 2866 1219 2891 vero
1241 2854 1332 2891 omni
1353 2866 1428 2891 cum
1450 2866 1578 2901 oppro—
