1838 3230
256 215 354 264 404
653 208 932 254 IOANNIS
961 209 1297 255 MALALAE

257 332 440 374 στείλατο
473 328 494 372 ὁ
524 328 714 384 βασιλεὺς
740 328 965 384 Πατρίκιον
994 328 1065 371 τὸν
1098 325 1266 384 Φρύγα,
1299 326 1372 370 τὸν
1401 323 1698 383 στρατηλάτην,

254 401 319 441 καὶ
337 395 525 452 Ἰωάννην
552 397 624 439 τὸν
645 399 919 452 Βαλεριανῆς,
955 398 1020 438 καὶ
1049 394 1152 438 εἶπεν
1172 395 1309 444 αὐτοῖς
1326 392 1577 437 ὅπλίσασθαι
1595 394 1701 438 κατὰ

255 470 327 509 τοῦ
358 466 485 508 αὐτοῦ
514 467 761 506 Βιταλιανοῦ
805 465 861 513 εἷς
887 463 935 506 τὸ
961 463 1100 519 πέραν,
1139 461 1425 517 λαμβάνοντας
1458 466 1580 504 πλοῖα
1601 463 1701 519 δρο-

253 532 399 585 μώνων
426 534 491 574 καὶ
519 529 785 588 στρατιώτας.
856 532 922 573 καὶ
949 530 1096 574 ἔπεσαν
1121 531 1183 572 ἐπὶ
1211 530 1306 579 τοὺς
1337 528 1467 579 πόδας
1486 533 1560 572 τοῦ
1577 533 1701 583 βασι-

255 602 375 652 λέως,
421 599 598 654 λέγοντες
633 597 696 640 ὅτι
737 599 821 641 Καὶ
856 598 982 641 αὐτοῦ
1017 600 1182 640 καὶτοῦ
1215 597 1370 653 πατρὸς
1400 597 1528 640 αὐτοῦ
1553 597 1593 639 οἷ
1621 594 1732 640 61505

252 667 366 723 ἡμεῖς
396 668 505 721 φίλοι
530 665 693 720 ἤμεθα·
750 666 815 707 καὶ
845 666 903 720 μὴ
938 670 1078 722 συμβῇ
1122 683 1212 707 τινα
1240 666 1461 718 ἀποτυχίαν
1494 664 1699 720 γενέσθαι,

201 738 233 771 D
258 738 322 778 καὶ
349 732 646 788 ὖπονοηθῶμεν
675 730 730 783 ὥς
744 731 954 789 προδόται.
1022 735 1088 774 καὶ
1110 731 1392 788 ἀγανακτήσας
1411 733 1501 775 κατ’
1521 732 1655 775 αὐτῶν
1678 728 1702 774 ὃ

254 802 445 857 βασιλεὺς
479 801 620 854 ἔβαλεν
651 800 801 850 αὖτοὺς
822 800 896 850 ἔξω
917 804 991 843 τοῦ
1013 802 1225 853 παλατιόυ,
1262 802 1328 842 καὶ
1349 798 1537 849 κελεύσας
1556 799 1702 855 Μαρί-

256 888 312 927 νῳ
334 874 391 927 τῷ
421 867 543 926 Σύρῳ
566 873 705 922 λαβεῖν
735 868 831 918 τούς
860 866 1075 924 δρόμωνας
1109 870 1174 910 καὶ
1207 868 1251 910 τὸ
1295 873 1409 910 θεῖον
1443 867 1601 924 ἄπυρον
1633 867 1702 908 καὶ

254 938 328 992 τὴν
357 936 647 993 στρατιωτικὴν
673 933 872 991 βοήθειαν
899 934 1183 989 ὅπλισαμένην,
1220 938 1286 977 καὶ
1311 936 1486 985 ἐξελθεῖν
1504 934 1608 978 κατὰ
1627 937 1700 976 τοῦ
1711 943 1756 978 10

255 1006 382 1048 αὐτοῦ
418 1007 678 1047 Βιταλιανοῦ.
749 1001 925 1053 ἀκούσας
963 1004 1008 1046 δὲ
1036 1003 1277 1052 Βιταλιανός
1312 1001 1373 1045 ὅτι
1411 1003 1514 1056 μετὰ
1549 1005 1703 1057 πολλῆς

253 1074 453 1128 βοηθείας
483 1073 679 1127 ἐξέρχεται
699 1070 719 1114 ὅ
738 1074 931 1127 Μαρῖνος
957 1071 1040 1113 κατ’
1063 1071 1203 1124 αὐτοῦ,
1237 1069 1316 1113 ὅσα
1336 1061 1424 1126 εὗρε
1443 1074 1563 1112 πλοῖα
1582 1067 1702 1126 ἐκρά-

255 1157 351 1196 τησε
373 1142 439 1182 καὶ
462 1138 662 1195 ἕγόμωσεν
684 1139 790 1182 αὐτὰ
822 1138 1018 1194 Οὖννικὴν
1043 1140 1110 1181 καὶ
1132 1142 1172 1180 Γ
1170 1138 1339 1193 οτθικὴν
1359 1145 1477 1194 χεῖρα
1500 1135 1702 1191 ὡπλισμέ-

109 1211 141 1245 Ο
169 1212 232 1246 1ῗ2
256 1225 361 1258 νους,
432 1209 497 1249 καὶ
525 1206 710 1263 ὥρμησεν
740 1209 934 1249 εἷσελθεΐν
965 1208 1020 1256 εἷς
1045 1204 1494 1258 Κωνσταντινούπολιν,
1531 1205 1703 1262 θαρῤῶν

256 1276 317 1319 ὅτι
351 1272 513 1324 πάντως
549 1274 676 1328 αὐτὴν
705 1272 923 1327 λαμβάνει,
960 1276 1026 1316 καὶ
1056 1277 1249 1330 Μαρΐνον
1273 1275 1316 1316 δὲ
1336 1273 1580 1316 ἀπαντῶντα
1599 1272 1700 1315 ἀνα·
1714 1280 1756 1315 15

256 1346 379 1386 λίσκει
412 1342 506 1396 μεθ’
535 1337 584 1397 ἧς
605 1341 679 1395 ἔχει
699 1343 910 1396 βοηθείας.
983 1340 1004 1383 ὅ
1025 1342 1069 1383 δὲ
1088 1345 1279 1397 Μαρΐνος
1296 1340 1502 1398 ἓρρόγευσε
1519 1340 1566 1383 τὸ
1589 1344 1703 1383 θεῖον

258 1411 428 1467 ἄπυρον,
444 1409 466 1451 ὃ
488 1409 632 1452 ἔδωκεν
651 1409 761 1466 αὐτῷ
783 1407 803 1451 ὃ
819 1407 1055 1465 φιλόσοφος,
1070 1410 1125 1457 εἷς
1137 1407 1212 1450 ὅλα
1229 1409 1280 1450 τὰ
1299 1413 1419 1451 πλοῖα
1440 1412 1521 1451 τῶν
1539 1405 1703 1464 δρυμώ-

207 1485 240 1519 Ε
264 1497 364 1531 νων,
404 1477 569 1533 εἰρηκὼς
600 1484 685 1526 τοΐς
714 1475 880 1526 ναύταις
911 1478 977 1518 καὶ
1002 1483 1087 1525 τοῖς
1114 1474 1382 1531 στρατιώταις
1418 1474 1480 1518 ὅτι
1511 1475 1558 1518 οὔ
1589 1476 1703 1531 χρεία

258 1546 415 1597 ὅπλων,
463 1544 549 1586 ἀλλ’
581 1545 649 1587 ἵνα
677 1545 831 1601 ῥίπτετε
857 1545 902 1586 ἐκ
931 1541 1078 1586 τούτου
1109 1545 1164 1592 εἷς
1191 1543 1242 1585 τὰ
1269 1541 1461 1598 ἐρχόμενα
1493 1542 1702 1585 κατέναντι

257 1613 373 1668 ὖμῶν
403 1616 525 1654 πλοῖα
554 1613 621 1653 καὶ
650 1612 841 1655 καίονται.
913 1613 947 1653 εἴ
972 1612 1016 1653 δὲ
1046 1611 1171 1666 πέραν
1191 1610 1432 1664 ἀπέλθωμεν
1455 1611 1510 1659 εἷς
1527 1609 1623 1659 τοὺς
1639 1610 1757 1655 οἷ’-90

261 1697 378 1733 κους,
416 1679 520 1722 ἔνθα
550 1680 647 1722 εἰσὶν
680 1680 718 1722 οἳ
746 1680 887 1735 ἐχθροὶ
914 1683 986 1721 τοῦ
1014 1678 1234 1732 βασιλέως,
1272 1679 1354 1720 ἐκεῖ
1377 1677 1537 1734 ῥίψατε.
1608 1676 1630 1720 ὅ
1659 1678 1704 1720 δὲ

261 1752 489 1805 1Ηαρῖνος,·
514 1747 656 1797 καθώς
685 1745 787 1789 εἶπεν
817 1747 927 1805 αὐτῷ
949 1745 970 1789 ὃ
998 1744 1224 1803 φιλόσοφος
1267 1744 1330 1788 ὅτι
1347 1743 1594 1788 ἀνάπτονται
1621 1743 1702 1788 ὑπὸ

350 1859 384 1893 3.
410 1852 627 1900 δρομώνων]
641 1848 844 1900 ’δρομόνων
866 1855 934 1890 Ox.
976 1853 1037 1889 Sic
1056 1856 1092 1889 et
1114 1865 1146 1888 v.
1165 1854 1220 1889 17.
1325 1854 1381 1890 16.
1415 1849 1606 1899 ἒρὁγευσε
1622 1852 1701 1895 ch„

349 1901 515 1947 ἐρόγευσε
538 1903 605 1936 Ox.

263 1995 354 2028 mata
374 2003 471 2026 manu
493 1992 713 2033 instructum,
745 1991 824 2026 belli
851 1989 976 2026 socium
997 1988 1061 2025 sibi
1083 1988 1194 2024 daret.
1248 1988 1428 2024 Accersitis
1447 1988 1567 2033 itaque
1588 1986 1702 2022 Patri-

265 2039 318 2072 cio
341 2038 498 2082 Phryge,
523 2038 667 2072 Militum
692 2037 875 2082 Magistro,
905 2041 942 2070 et
963 2036 1111 2078 Joanne‚
1135 2035 1337 2070 Valerianae
1358 2034 1397 2068 F.
1422 2033 1528 2068 edixit
1549 2033 1612 2067 illis
1634 2033 1702 2067 Im-

258 2088 422 2129 ·perator;
456 2083 506 2116 uti
541 2094 614 2116 cum
637 2083 776 2116 militum
798 2087 834 2116 et
855 2081 1064 2125 navigiorum
1098 2087 1266 2126 apparatu
1296 2079 1520 2123 trajicientes,
1555 2078 1702 2112 Vitalia-

265 2139 342 2162 num
365 2127 589 2162 adorirentur.
635 2128 687 2161 Ad
710 2128 812 2172 pedes
833 2126 952 2171 itaque
974 2127 1045 2169 ejus
1068 2125 1103 2159 hi
1126 2126 1357 2170 procidentes3
1387 2125 1512 2166 „Nos,
1533 2123 1701 2168 inquiunt,

267 2172 337 2207 Tui
359 2172 463 2218 ipsius
486 2172 665 2216 Patrisque
687 2173 738 2206 tui
762 2171 946 2206 amicissimi
966 2182 1098 2215 semper
1127 2171 1266 2205 fuimus:
1301 2170 1467 2213 [veremur
1489 2169 1612 2212 autem]
1646 2179 1702 2210 ne,

267 2219 296 2253 si
319 2217 402 2262 quid
424 2217 528 2251 secius
552 2217 734 2258 acciderit,
766 2218 839 2250 Nos
863 2216 1061 2261 proditionis
1085 2217 1374 2261 postularemur.“
1432 2213 1502 2247 Sed
1523 2213 1703 2248 movebant

267 2264 354 2297 haec
377 2262 577 2308 Imperatori
597 2263 821 2295 stomachum:
855 2262 972 2305 itaque
1002 2262 1130 2295 duobus
1151 2261 1216 2295 illis
1238 2272 1280 2295 ex
1302 2258 1432 2294 Palatio
1455 2258 1591 2302 ejectis,
1624 2258 1703 2293 Ma-

268 2308 343 2343 rino
366 2308 457 2351 Syro
479 2307 647 2351 negotium
670 2307 788 2346 dedit3
828 2306 879 2339 uti
898 2307 1112 2340 dromonibus
1136 2310 1172 2340 et
1193 2309 1321 2340 armata
1343 2315 1439 2338 manu
1460 2303 1627 2347 acceptis,
1667 2308 1704 2338 et

268 2358 434 2398 assumpto
455 2364 565 2386 secum
586 2351 664 2385 vivo
687 2352 868 2394 sulphure,
896 2351 1101 2385 Vitalianum
1120 2351 1194 2395 ipse
1216 2348 1469 2395 aggrederetur.
1516 2348 1703 2383 Vitalianus

270 2403 382 2432 autem
405 2397 463 2432 ubi
485 2397 639 2431 audierat
660 2396 838 2436 Marinum,
863 2396 966 2440 copiis
987 2396 1115 2440 magnis
1137 2396 1342 2435 instructum,
1365 2393 1430 2427 sibi
1449 2393 1619 2428 imminere
1641 2394 1704 2428 ad-

270 2442 475 2484 versarium;
516 2441 723 2485 navigiorum
763 2440 984 2485 quodcunque
1025 2441 1139 2486 potuit
1180 2439 1341 2474 corrasit:
1394 2438 1512 2483 quibus
1547 2438 1703 2473 Gothicis

270 2487 498 2532 Hunnicisque
521 2487 627 2542 copiis
648 2484 792 2526 onustis,
823 2485 1143 2530 Constantinopolim
1165 2485 1269 2529 ipsam
1291 2483 1431 2527 aggredi
1450 2483 1486 2517 in
1509 2483 1616 2518 animo
1638 2484 1703 2519 ha·-

270 2533 370 2571 buitz
391 2533 485 2566 inani
505 2533 634 2566 scilicet
655 2542 715 2576 spe
735 2531 842 2564 fretus
863 2529 968 2574 ipsam
991 2530 1200 2575 occupandi,
1232 2529 1463 2573 Marinumque
1483 2529 1616 2564 obviam
1637 2528 1703 2563 sibi

272 2578 505 2622 prodeuntem,
527 2589 600 2612 cum
623 2576 726 2621 copiis
757 2576 828 2620 ejus
857 2575 1029 2616 omnibus,
1061 2573 1278 2619 opprimendi.
1337 2573 1488 2608 Marinus
1518 2579 1627 2608 autem
1658 2573 1702 2608 de

273 2622 352 2656 vivo
374 2622 431 2656 illo
455 2622 645 2667 Sulphure,
677 2621 769 2666 quod
793 2632 813 2655 a
837 2620 1036 2664 Philosopho
1059 2623 1263 2665 acceperat,
1297 2618 1440 2663 navigiis
1463 2619 1611 2663 undique
1633 2618 1702 2652 dis-

274 2667 416 2708 tribuit3
452 2668 576 2701 Nautis
597 2667 733 2711 insuper
753 2665 902 2700 indicans
923 2669 960 2699 et
982 2665 1157 2705 militibus,
1179 2664 1227 2698 nil
1251 2663 1348 2697 armis
1371 2675 1453 2709 opus
1474 2675 1566 2705 esse3
1603 2663 1701 2698 modo

275 2716 313 2745 ut
331 2712 374 2746 de
397 2711 474 2746 vivo
495 2712 552 2745 illo
575 2712 734 2756 sulphure
756 2711 950 2756 acciperent
966 2709 1079 2753 jussit,
1099 2708 1304 2753 navibusque
1327 2709 1361 2742 in
1383 2709 1558 2743 adversum
1582 2719 1704 2743 occur-

276 2757 425 2790 rentibus
448 2756 683 2797 immitterent;
706 2767 793 2802 quae
815 2755 934 2790 exinde
956 2754 1068 2789 statim
1089 2753 1358 2798 conflagraturae
1390 2759 1509 2788 essent.
1556 2752 1656 2794 Quod
1673 2751 1702 2786 si

276 2801 466 2835 ulteriorem
490 2801 588 2835 etiam
611 2801 719 2846 ripam
741 2812 904 2846 occupare
926 2800 1114 2845 potuerint,
1142 2799 1206 2833 hoc
1227 2799 1332 2844 ipsum
1355 2799 1452 2834 tectis
1474 2797 1614 2833 hostium
1636 2797 1702 2831 Im-

275 2846 441 2890 peratoris
471 2845 521 2880 uti
549 2846 743 2890 injicerent,
775 2847 811 2881 in
833 2846 994 2882 mandatis
1025 2844 1129 2880 dedit.
1175 2844 1325 2879 Marinus
1353 2844 1491 2890 itaque,
1523 2842 1580 2878 ubi
1601 2853 1702 2888 prae-
