1838 3230
309 177 409 227 754
898 169 1167 216 BENTLEu

310 287 469 341 quidem
487 300 532 326 ea
553 299 632 326 non
662 298 769 336 esse,
796 285 866 332 sed
891 284 1269 339 παρεμβεβλημὲνα,
1298 298 1349 324 ex
1372 285 1460 338 ipso
1481 285 1624 326 statim..
1639 285 1756 326 vultu

310 352 350 385 et
368 345 500 383 colore
518 344 715 394 totiusque
734 342 832 381 adeo
852 341 1032 394 corporis
1061 342 1128 381 filo
1155 342 1340 393 cognosci
1358 356 1490 394 posse:
1529 348 1568 381 et
1586 341 1757 394 proinde

308 414 371 439 me
392 406 570 453 paratum
591 413 671 437 esse
693 395 875 450 ὀβελίζειν
895 398 1003 436 hunc
1020 399 1175 448 locum,
1205 398 1281 437 nisi
1303 399 1398 450 quid
1416 398 1492 437 tibi
1507 411 1620 438 secus
1641 398 1756 438 vide-

307 463 430 496 retur.
488 456 583 494 Cum
604 461 732 493 autem
749 455 821 493 tibi
838 455 953 494 valde
970 455 1126 506 placere
1155 455 1418 507 conjecturam
1445 467 1569 494 meam
1597 467 1692 506 prae
1713 460 1754 492 te

308 515 448 552 serres:
492 512 623 562 atqui,
659 511 842 562 inquam,
881 517 928 549 ut
960 523 1053 549 vera
1074 511 1146 548 ista
1180 511 1232 549 sit
1262 511 1346 549 sive
1376 510 1511 564 opinio
1541 510 1624 549 sive
1654 510 1754 550 adeo

309 568 479 621 suspicio
516 574 672 616 nostra,
717 580 875 606 necesse
910 572 968 606 est
1013 567 1113 605 illud
1151 565 1194 607 δὲ
1236 567 1347 618 quod
1387 580 1526 606 vocem
1562 568 1759 618 συστοιχεῖ

306 626 487 679 proxime
513 623 786 675 subsequitur,
827 637 900 675 pro
935 635 1224 687 supervacaneo
1257 624 1469 662 auser.atur
1525 622 1682 661 Dictum
1708 634 1754 660 ac

307 683 456 720 factum
477 680 685 718 editionem
710 685 818 717 tuam
842 679 1096 731 inspicimus,
1124 679 1257 730 ibique
1284 686 1455 731 quatuor
1481 677 1528 716 ad
1553 678 1756 718 minimum

309 739 413 777 MSS.
444 735 567 774 libros
604 735 866 787 comperimus
902 735 1217 787 conjunctionem
1258 735 1372 774 istam
1407 748 1487 773 non
1526 747 1755 786 agnoscere:

310 791 417 845 quod
447 794 539 830 s'ane
567 806 645 830 non
678 791 727 830 de
754 791 879 829 nihilo
910 797 989 840 est,
1018 805 1145 843 neque
1174 791 1257 829 ulla
1280 791 1485 830 commode
1517 791 1618 829 latio
1642 789 1758 829 reddi

309 855 440 902 potest
460 861 531 886 cur
553 848 739 897 absueiit3
769 848 802 886 si
820 848 964 897 verba,
993 847 1042 885 de
1065 848 1207 900 quibus
1236 846 1334 886 haec
1355 847 1530 898 quaestio
1550 853 1629 896 est,
1657 858 1758 884 nun·

309 920 425 957 quam
445 919 523 942 non
543 905 582 943 in
604 904 807 943 codicibus
830 904 1064 943 extitissent.
1121 905 1244 942 'lanta
1265 918 1328 942 res
1349 910 1428 942 tam
1450 902 1636 955 pertenui
1650 901 1758 940 indi-

308 962 369 999 cio
389 962 583 1013 patefacta
604 960 696 999 satis
721 960 866 998 refellit
886 959 1048 999 voculas
1077 960 1350 1011 imperitorum
1383 965 1452 997 aut
1471 958 1758 998 malevolorum

306 1017 531 1067 hominum,
572 1017 640 1068 qui
670 1016 912 1067 diligentiam
941 1017 1054 1055 istam
1082 1016 1251 1054 minutas
1291 1016 1511 1067 scripturae
1547 1015 1765 1054 varietates

308 1080 539 1122 sectantem,
570 1079 756 1124 tanquam
775 1073 977 1111 obscuram
1006 1079 1043 1110 et
1069 1072 1275 1111 sollicitam
1303 1078 1342 1110 et
1365 1070 1524 1109 nimiam
1542 1071 1583 1110 in
1603 1070 1758 1122 vitupe—

308 1130 495 1168 rationem
540 1129 755 1167 adducunt.
823 1129 920 1176 Quis
959 1129 1059 1167 enim
1089 1129 1242 1167 dubitet
1274 1128 1367 1179 quin
1393 1128 1533 1165 melior
1565 1127 1690 1166 multo
1720 1131 1760 1164 et

309 1186 482 1236 apertior
501 1183 568 1223 fiat
586 1185 795 1230 sententia,
826 1186 859 1222 si
894 1185 1103 1223 autoritate
1129 1184 1487 1235 Manuscriptorum
1513 1187 1760 1235 expungatur

309 1241 369 1281 δέ·
399 1247 482 1279 tum
504 1248 570 1278 aut
565 1255 632 1278 em
652 1239 785 1280 Σινᾶ’
775 1238 864 1292 όρος
883 1241 986 1281 ἐστιν
1006 1241 1048 1281 ἔν
1065 1243 1116 1297 τῇ
1134 1241 1293 1307 Αραβία
1311 1240 1360 1279 de
1383 1239 1512 1278 medio
1535 1239 1758 1287 discedant3

309 1303 347 1335 et
360 1293 467 1335 totus
488 1296 629 1334 deinde
655 1297 767 1333 locus
794 1296 852 1334 sic
880 1297 1046 1347 legatur.
1114 1294 1240 1337 Ατινά
1275 1297 1379 1337 ἐστιν
1410 1291 1754 1364 αλληγορούμενα

310 1347 424 1392 αὗται
451 1347 526 1404 γάρ
555 1352 654 1391 εἰσιν
687 1351 730 1390 αἱ
754 1347 828 1390 δύο
860 1352 1074 1402 διαθῆκαι·
1113 1354 1184 1403 μία
1214 1351 1286 1403 μὲν
1309 1348 1390 1392 nino*
1407 1348 1529 1404 ὅρους
1545 1353 1669 1398 Σινᾶ,
1701 1350 1759 1397 εἰς

185 1417 217 1451 0
239 1417 286 1453 98
310 1407 494 1449 δουλείαν
522 1419 722 1458 γεννωσα,
761 1402 848 1457 ἥτις
880 1405 983 1446 ἐστιν
1012 1411 1136 1459 Αγαρ.
1208 1404 1260 1446 To
1290 1405 1334 1445 δὲ
1355 1410 1466 1473 Αγαρ
1493 1409 1690 1457 συστοιχεῖ
1707 1407 1758 1458 τῇ

309 1466 386 1505 νῦν
408 1460 671 1516 Ιερουσαλημ,
704 1459 884 1502 δουλεύει
904 1459 978 1515 γοὲρ
998 1460 1092 1512 μετὰ
1116 1476 1197 1501 των
1213 1461 1361 1501 τέκνων
1389 1457 1522 1512 αὐτῆς.
1577 1460 1656 1500 1100
1684 1466 1756 1508 est,

310 1519 429 1572 Agar
456 1527 581 1556 autem
606 1515 804 1570 respondet
823 1515 1130 1568 Hierosolymis,
1159 1517 1326 1555 serviunt
1346 1518 1445 1554 enim
1469 1531 1556 1556 cum
1578 1516 1760 1570 progenie

311 1590 398 1614 sua.
457 1572 538 1626 Γαρ
562 1579 599 1612 et
619 1572 660 1613 δὲ
681 1574 810 1611 locum
824 1574 925 1610 inter
952 1586 992 1610 se
1014 1578 1238 1623 permutare
1262 1572 1363 1624 jussi
1389 1572 1467 1610 fide
1486 1573 1568 1612 MS.
1591 1573 1760 1611 Alexan-

311 1630 439 1680 drini,
469 1637 506 1668 et
525 1630 707 1668 aliorum:
738 1628 950 1679 quinetiam
970 1628 1102 1666 dedita
1129 1641 1248 1680 opera
1271 1626 1548 1682 Hierosolyma
1577 1627 1759 1667 dixi‘non

311 1684 546 1736 Jerusalem,
538 1702 548 1711 ·
578 1692 623 1724 ut
644 1698 693 1723 ex
713 1685 797 1736 ipsa
818 1683 988 1723 dictione
1013 1685 1115 1723 soret
1138 1684 1411 1747 perspicuum,
1444 1697 1632 1735 quorsum
1657 1683 1759 1722 illud

311 1739 490 1784 δουλεύει
505 1742 737 1793 peitineret.
793 1741 884 1791 Ipsa
908 1741 1011 1778 enim
1036 1741 1185 1790 flagitat
1216 1740 1406 1778 sententia
1428 1746 1474 1778 ut
1492 1737 1671 1781 δουλεύει
1693 1753 1758 1779 re-

308 1801 460 1837 feratur
489 1798 537 1836 ad
571 1793 827 1850 Ιερουσαλήμ.
884 1796 1001 1844 Quod
1033 1810 1119 1834 cum
1151 1797 1205 1833 ita
1233 1796 1305 1845 sit3
1342 1809 1435 1844 cur,
1467 1796 1624 1846 amabo,
1653 1796 1761 1848 Apo-

314 1856 437 1893 stolus
470 1854 541 1892 tali
576 1867 668 1891 usus
695 1859 752 1892 est
783 1853 1076 1892 constructione
1103 1852 1335 1901 verborum,
1365 1866 1442 1903 qua
1473 1848 1649 1892 δουλεύει
1667 1865 1759 1890 cum

312 1916 423 1963 Αγαρ
453 1910 673 1947 necessalio
703 1909 913 1947 convenire
946 1908 1155 1947 videatur?
1198 1915 1266 1946 aut
1301 1908 1553 1959 quamobrem
1577 1905 1621 1948 τὸ
1646 1911 1758 1961 Αγαρ

313 1979 452 2017 genere
469 1972 608 2004 neutro
628 1967 781 2016 posuit;
810 1965 922 2016 quasi
949 1978 1043 2003 vero
1069 1970 1178 2017 Αγαρ
1208 1965 1461 2003 materialiter
1480 1978 1527 2002 ac
1545 1977 1620 2016 pro
1641 1976 1757 2012 voce,

315 2036 394 2060 non
421 2035 493 2072 pro
524 2022 665 2058 ancilla
691 2020 757 2059 hic
784 2021 1026 2072 usurpetur?
1064 2021 1262 2059 Hactenus
1288 2021 1429 2072 opinor
1457 2033 1643 2072 prospere
1661 2018 1758 2057 mihi

316 2079 541 2127 conjectura
560 2076 764 2128 processit,
793 2084 838 2115 ut
857 2091 968 2114 mons
987 2077 1060 2115 iste
1080 2077 1241 2115 Arabiae
1264 2077 1442 2115 omnibus
1463 2075 1648 2114 machinis
1664 2075 1756 2113 loco

315 2133 532 2173 movendus
553 2146 635 2171 esse
660 2132 859 2171 videatur:
891 2132 961 2170 sed
985 2133 1086 2171 male
1110 2147 1205 2172 vero
1230 2146 1292 2170 me
1317 2132 1464 2171 habent
1492 2132 1534 2170 hi
1564 2131 1758 2182 scrupuli,

315 2203 442 2240 neque
470 2189 580 2227 aliud
605 2188 729 2226 habeo
759 2189 865 2238 quod
891 2189 1018 2227 dicam
1048 2196 1116 2227 aut
1146 2189 1383 2241 conjectem3
1411 2195 1686 2240 praeterquam
1707 2199 1758 2224 ex

317 2259 396 2298 quo
428 2251 604 2296 tempore
631 2244 752 2282 verba
776 2244 850 2282 ista
877 2245 925 2283 de
957 2244 1129 2295 margine
1152 2245 1194 2283 in
1224 2245 1413 2283 orationis
1438 2250 1587 2283 textum
1609 2242 1758 2280 adscita

317 2307 430 2349 sunt,
459 2301 574 2339 sicuti
605 2314 698 2339 mox
721 2300 1034 2351 conjunctionem
1065 2299 1107 2341 δὲ
1134 2300 1322 2353 quosdam
1344 2300 1518 2338 homines
1541 2298 1758 2347 intrusisse,

315 2359 369 2396 ita
389 2357 463 2394 alia
485 2357 673 2395 nonnulla
692 2356 898 2394 mutavisse
926 2356 1066 2395 leviter
1089 2363 1127 2395 et
1155 2357 1206 2395 ad
1238 2355 1539 2395 commentitiam
1574 2368 1657 2392 eam
1673 2367 1759 2391 sen-

317 2414 478 2451 tentiam
510 2412 835 2451 accommodasse.
909 2412 1006 2450 Nam
1039 2413 1218 2464 profecto
1249 2413 1361 2451 facile
1394 2411 1564 2450 animum
1596 2410 1756 2457 induco,

318 2475 364 2507 ut
385 2468 539 2507 credam
560 2468 636 2507 hoc
656 2468 773 2507 modo
795 2467 992 2519 scripsisse
1013 2469 1051 2509 S.
1071 2469 1254 2506 Paulum:
1290 2471 1348 2523 Τῇ
1369 2465 1412 2507 δὲ
1431 2470 1539 2520 Αγαρ
1566 2467 1762 2516 συστοιχεῖ

319 2523 349 2576 ἦ
373 2527 451 2564 νῦν
467 2523 735 2576 Ιερουσαλήμ,
764 2522 941 2564 δουλεύει
965 2521 1039 2576 γοῖρ
1059 2540 1151 2575 μετα
1174 2523 1322 2564 τέκνων
1347 2520 1481 2573 αὐτῆς.
1538 2525 1581 2561 Η
1605 2518 1699 2561 δὲ”
1672 2535 1757 2561 aveo

321 2579 583 2630 etc.Aga1-z
607 2590 731 2618 autem
756 2578 954 2632 respondet
981 2578 1212 2627 Jerusalem,
1240 2579 1352 2617 servit
1383 2580 1481 2616 enim
1514 2591 1599 2617 cum
1626 2574 1758 2615 liberis

319 2636 411 2674 suis.
480 2634 588 2685 Quae
621 2650 707 2673 vero
737 2650 854 2686 supra
881 2645 935 2673 est
964 2633 1172 2673 Jerusalem
1200 2633 1322 2673 libera
1343 2644 1417 2682 est,
1443 2648 1542 2687 quae
1562 2641 1684 2670 maier
1701 2639 1758 2669 est

322 2691 489 2728 omnium
509 2701 697 2729 nostrum
727 2697 861 2742 postea
879 2704 986 2759 verq
995 2690 1210 2728 adulterina
1229 2690 1303 2727 ista
1332 2703 1416 2728 sese
1443 2689 1656 2727 insinuasse
1678 2686 1759 2724 hoc

322 2747 524 2796 exemp10‚
560 2750 618 2801 Τῇ
637 2744 680 2786 δὲ
700 2751 810 2799 Αγαρ
835 2749 937 2786 Σινᾶ
962 2744 1054 2800 ὄρος
1086 2745 1189 2786 ἐστὶν
1207 2745 1249 2785 ἐν
1277 2748 1329 2801 τῆ
1346 2746 1503 2800 Αραβίᾳ
1523 2746 1717 2793 συστοιχεῖ
1728 2738 1759 2793 ἦ

322 2804 400 2842 νῦν
430 2787 688 2856 Ιερουσοιλήμ.
745 2803 842 2840 Cum
869 2808 999 2842 autem
1025 2801 1123 2841 haec
1151 2801 1296 2852 oratio,
1325 2808 1370 2842 ut
1397 2801 1546 2853 cernis,
1572 2799 1613 2838 in
1635 2797 1757 2838 mani-
