1838 3230
448 170 1056 219 CHRONOGRAPHIA.
1115 170 1163 214 L.
1195 171 1268 216 1v.
1527 174 1592 223 39

130 296 237 343 κατὰ
263 300 339 340 τοῦ
365 295 471 340 ἰδίου
500 295 594 338 υἱοῦ
617 290 860 337 Ἱππολύτου
890 292 964 336 οὐκ
994 291 1138 345 ἔδειξεν
1167 291 1330 343 αὐτοῖς·
1378 290 1520 345 λαβὼν
1549 291 1596 334 δέ

129 371 286 423 ταῦρον
305 365 446 409 λευκὸν
469 363 614 408 ἔδωκεν
636 362 761 406 αὐτὸν
778 364 932 406 θυσιάν
949 366 1007 421 τῷ
1028 363 1272 416 Ποσειδῶνι,
1306 358 1594 418 καταρώμενος
1618 369 1650 405 0
1677 370 1745 405 110

130 435 207 480 τὸν
229 434 320 478 υἱὸν
339 434 468 478 αὐτοῦ
491 430 733 476 Ἱππόλυτον
766 433 834 475 καὶ
856 429 1097 486 αἲτούμενος
1124 435 1259 482 κακῶς
1288 429 1415 474 αὐτὸν
1444 429 1593 473 ἀπολέ-

131 508 253 549 σθαι.
321 504 390 546 καὶ
420 502 570 558 συνέβη
595 501 700 557 μετὰ
719 505 854 557 μῆνας
873 508 981 557 τρεῖς
1007 502 1050 543 ἐν
1073 505 1132 560 τῷ
1154 502 1332 552 ἐξελθεῖν
1356 499 1430 543 τὸν
1454 496 1595 542 Ἱππό-

99 577 257 620 5λυτον
277 573 333 623 εἷς
357 569 498 628 θήραν
519 573 694 629 ἕφιππον
712 572 778 613 καὶ
802 572 943 620 διῶξαι
968 567 1169 627 σύαγρον,
1207 573 1281 612 τοῦ
1306 570 1435 612 ἵππου
1465 568 1595 612 αὐτοῦ
1617 575 1650 611 D

131 638 451 699 προσκόψαντος
476 641 735 695 ἐξεσελλίσθη
753 641 819 682 καὶ
838 639 950 682 ἔπεσε
966 641 1122 694 χαμαί,
1157 639 1336 694 κατέχων
1362 642 1413 695 τῇ
1433 638 1595 695 ἄριστε·-

133 715 189 772 ρᾷ
210 711 316 767 χειρὶ
335 709 407 754 τὸν
423 709 590 765 χαλινὸν
613 714 685 752 τοῦ
703 710 831 752 ἵππου
841 741 854 761 ,
891 710 958 750 καὶ
977 708 1187 765 εἶλιγέντος
1205 712 1278 751 τοῢ
1307 709 1457 764 λωρίου
1480 708 1522 750 ἐν
1542 711 1595 764 τῇ

129 781 235 838 χειρὶ
256 778 384 823 αὗτοῦ
405 777 531 835 ἓσύρη
549 776 630 822 ὑπὸ
649 783 723 821 τοῦ
735 779 863 820 ἵππου
877 792 887 801 ·
924 778 1080 833 πληγὴν
1100 779 1144 820 δὲ
1166 777 1306 831 λαβὼν
1325 778 1368 819 ἐν
1389 780 1441 834 τῇ
1465 775 1595 819 αὐτοῦ

133 852 292 907 κεφαλῇ
312 848 528 904 εἲσηνέχθη
555 845 636 890 ὕπὸ
658 851 739 890 τῶν
762 845 920 890 δούλων
937 848 993 896 εἷς
1010 847 1084 902 τὴν
1105 845 1222 890 πόλιν
1243 848 1286 889 ἐν
1304 850 1362 903 τῷ
1387 847 1594 904 παλατίῳ·

79 931 127 967 10
138 918 206 976 καὶ
231 921 285 976 τῇ
305 917 399 975 ἕκτῃ
419 915 553 977 ἡμέρᾳ
584 917 627 959 ἐκ
658 921 734 972 τῆς
755 920 911 972 πληγῆς
939 919 1013 971 τῆς
1034 915 1164 959 αὐτοῦ
1193 919 1374 973 κεφαλῆς
1405 918 1594 974 τελευτᾷ·

132 981 186 1044 ἦν
207 986 253 1029 δὲ
283 987 386 1030 ἐτῶν
403 984 482 1041 κβ’.
532 983 554 1029 ὁ
581 986 627 1028 δὲ
651 985 812 1041 Θησεὺς
836 984 1031 1040 βασιλεὺς
1057 988 1224 1027 πενθῶν
1242 984 1368 1027 αὐτὸν
1399 984 1526 1034 ἐξεῖπε
1545 987 1598 1041 τῇ

138 1057 307 1115 Φαίδρα
326 1055 402 1111 τὴν
420 1054 569 1098 ἑαυτοῦ
592 1052 738 1110 λύπην,
762 1054 961 1107 ὀνειδίζων
982 1051 1125 1109 αὐτήν,
1148 1053 1318 1111 εἰρηκὼς
1332 1051 1438 1109 αὐτῇ
1459 1054 1526 1095 καὶ
1544 1051 1594 1095 τί

134 1122 427 1178 θρυλλούμενα
448 1125 490 1166 ἒν
513 1128 563 1182 τῇ
585 1122 782 1166 πόλεικαὶ
810 1127 861 1181 τῇ
881 1120 996 1182 χώρᾳ
1018 1122 1144 1166 ἕνεκεν
1166 1126 1240 1165 τοῦ
1267 1119 1510 1164 Ἱππολύτου
1530 1122 1599 1164 καὶ

137 1191 279 1248 αὐτῆς.
309 1190 334 1249 ἦ
352 1193 397 1236 δὲ
409 1194 574 1249 Φαίδρα
598 1190 811 1235 ἀκούσασα
832 1196 965 1235 ταῦτα
983 1190 1219 1246 ἐξωμόσατο
1236 1191 1349 1250 αὐτῷ
1367 1190 1426 1246 μὴ
1449 1190 1597 1233 εἰδέναι

82 1271 128 1308 15
138 1266 338 1315 τοιοῦτον,
361 1261 465 1304 ἀλλὰ
480 1263 545 1304 καὶ
559 1261 822 1317 ἀποκειμένην
835 1261 946 1319 αὐτῷ
960 1262 1026 1303 καὶ
1037 1259 1173 1317 μάτην
1185 1260 1259 1316 τὴν
1269 1261 1479 1317 λοιδορίαν
1492 1257 1594 1302 wi·-
1617 1272 1651 1306 Ε

136 1348 212 1387 την
229 1330 326 1381 τοὺς
340 1335 415 1386 τῆς
432 1329 587 1380 πόλεως
607 1332 783 1388 φημίσαι
801 1328 1124 1386 ὑπονοήσαντας.
1163 1328 1242 1373 ὅδε)
1253 1329 1414 1385 Θησεὺς
1431 1329 1490 1384 μὴ
1511 1346 1599 1371 πει-

135 1402 255 1450 σθεὶς
264 1399 384 1457 αὐτῇ,
406 1397 695 1455 αἲσχυνόμενος
705 1401 823 1443 δὲκαὶ
837 1399 911 1455 τὴν
924 1397 1147 1455 σύγκλητον
1162 1398 1303 1452 αὐτοῦ,
1322 1400 1509 1453 ἐποίησεν
1523 1397 1599 1440 αὗ·-

136 1468 212 1525 τὴν
234 1467 313 1511 ἀπὸ
333 1467 482 1524 ὅψεως,
503 1467 847 1525 κελεύσαςμηκέτι
866 1469 978 1528 αὐτῷ
992 1466 1188 1525 δρᾶσθαι,
1208 1466 1463 1523 λυπούμενος
1476 1468 1520 1509 δὲ
1531 1469 1599 1509 καὶ

137 1537 208 1581 διὰ
217 1537 289 1582 τὸν
298 1535 486 1581 θάνατον
497 1542 570 1581 τοῦ
586 1540 691 1582 ἰδίου
705 1538 833 1581 αὐτοῦ
846 1538 937 1581 υἱοῦ
949 1552 959 1562 '
982 1538 1107 1595 ἐφίλει
1120 1537 1197 1595 γὰρ
1211 1536 1350 1580 αὐτόν.
1394 1535 1478 1592 ἡδὲ
1493 1537 1606 1579 wat:
1625 1544 1659 1579 Ο
1686 1545 1749 1581 111

80 1614 129 1651 20
138 1609 235 1663 δρα,
258 1605 314 1658 ὥς
326 1604 434 1650 πάνυ
447 1605 640 1664 σώφρων,
659 1607 887 1663 θλιβομένη
900 1607 945 1650 δὲ
957 1608 1023 1649 καὶ
1038 1607 1106 1649 διὰ
1118 1606 1191 1662 τὴν
1203 1608 1338 1661 ψευδῆ
1353 1606 1600 1662 κατηγορίαι·

135 1679 221 1719 τῶν
236 1680 311 1731 τῆς
327 1674 482 1727 πόλεως
503 1678 570 1718 καὶ
591 1681 665 1732 τῆς
680 1675 834 1733 χώρας,
854 1678 919 1718 καὶ
934 1680 1006 1718 τοῦ
1019 1675 1167 1732 ἀνδρὸς
1177 1675 1248 1729 τὸν
1259 1674 1521 1730 ἀποδιωγμόν
1533 1677 1600 1716 αι’-

139 1744 383 1800 σχυνομὲνη,
399 1743 525 1803 ἑαυτῇ
544 1744 819 1802 ἀπεχρήσατο,
835 1746 902 1787 καὶ
919 1748 1085 1805 τελευτᾷ
1106 1740 1211 1787 οὖσα
1231 1745 1332 1787 ἐτῶν
1350 1741 1435 1797 λθ’,
1457 1743 1603 1794 καθὼς

229 1854 263 1888 5.
295 1852 480 1900 ἔφιππον]
504 1850 560 1900 ἐφ’
586 1854 700 1890 ἰ’ππον
724 1854 811 1896 ΟΧ.,
835 1852 995 1897 ἔφιππος
1018 1852 1163 1889 διώκων
1186 1853 1375 1889 cedrenus·
1482 1855 1518 1891 7.
1550 1852 1601 1890 εὶ-

225 1898 387 1947 λιγέντος
407 1901 493 1945 eh„
517 1900 719 1947 εἶληγέντος
742 1901 812 1935 Ox.
859 1901 902 1935 V.
925 1912 961 1947 p.
990 1903 1046 1938 19.
1070 1901 1111 1936 C.

137 1993 226 2028 haec
254 1993 291 2028 in
313 2005 356 2028 ea
378 1993 481 2028 tulit:
519 1996 702 2029 commotus
734 1993 836 2028 etiam
859 1992 914 2028 ira
935 1993 972 2027 in
1005 1992 1109 2028 filium
1133 2004 1226 2027 suum
1249 1991 1497 2038 Hippolytum,
1536 1991 1601 2027 illis

136 2040 275 2085 quidem
298 2051 368 2075 rem
392 2051 460 2075 non
484 2040 616 2086 aperit:
654 2040 825 2075 caeterum
846 2044 979 2086 sumpto
1002 2039 1068 2074 sibi
1091 2045 1191 2074 tauro
1216 2039 1295 2073 albo
1319 2040 1483 2085 Neptuno
1506 2038 1599 2073 illum

135 2085 344 2129 immolavit3
382 2086 558 2131 filiumque
580 2087 808 2132 Hippolytum
839 2090 1038 2127 execratus,
1073 2085 1156 2120 diris
1188 2084 1338 2120 devovit.
1386 2085 1598 2131 Hippolytus

138 2144 223 2168 vero
254 2139 334 2178 post
354 2138 427 2168 tres
459 2145 587 2167 menses
608 2140 768 2167 venatum
801 2144 974 2178 egressus,
1014 2132 1093 2166 dum
1117 2143 1219 2177 eques
1251 2142 1372 2177 aprum
1395 2132 1598 2175 insequitur,

138 2190 229 2224 equo
251 2180 343 2214 forte
365 2179 577 2224 caespitante
599 2191 774 2219 excussus,
798 2180 842 2213 ad
865 2184 989 2213 terram
1012 2189 1138 2224 pronus
1160 2177 1274 2220 cadit3
1307 2181 1343 2211 et
1365 2178 1504 2212 habenis
1527 2177 1598 2211 lae-

137 2236 204 2260 vae
225 2236 342 2262 manus
364 2225 480 2271 digitis
499 2225 702 2271 implicatis,
740 2226 784 2259 ab
807 2236 894 2270 equo
917 2224 1137 2270 rapiebatur=
1174 2230 1279 2269 caput
1301 2235 1385 2258 vero
1419 2223 1498 2257 inde
1520 2223 1598 2256 vul-

137 2277 314 2315 neretum,
352 2272 444 2307 servi
475 2273 520 2306 ad
544 2273 662 2307 urbem
693 2272 906 2313 deferentes,
943 2271 978 2304 in
1002 2270 1163 2316 palatium
1192 2270 1380 2304 duxerunt.-
1420 2270 1477 2302 ubi
1500 2277 1598 2303 sexto

164 2322 218 2352 ost
237 2317 314 2361 die,
349 2330 394 2353 ex
418 2318 542 2364 capitis
563 2319 704 2353 vulnere
726 2318 880 2359 interiit,
916 2329 1038 2352 annum
1062 2329 1167 2362 agens
1190 2316 1382 2351 vicesimum
1406 2315 1597 2349 secundum.

136 2329 213 2399 Rex
234 2375 320 2399 vero
345 2364 501 2399 Theseus
526 2365 645 2410 lugens
667 2364 780 2406 illum,
805 2363 937 2398 dolores
959 2375 1034 2398 suos
1057 2362 1239 2398 Phaedrae
1263 2362 1392 2407 aperit:
1426 2361 1599 2406 Hippoly-

136 2415 209 2445 tum
233 2411 335 2444 etiam
358 2410 408 2445 illi
430 2410 467 2444 in
490 2422 526 2445 os
548 2411 680 2455 injicit,
704 2411 910 2455 exprobrans
933 2422 994 2452 ea,
1021 2422 1112 2455 quae
1135 2410 1179 2444 de
1203 2407 1443 2443 consuetudine
1464 2407 1600 2441 illorum

162 2457 282 2501 opulus
305 2456 453 2502 undique
477 2456 670 2492 dictitabat.
717 2456 896 2499 Phaedra,
927 2456 986 2490 ubi
1010 2457 1096 2491 haec
1120 2455 1289 2496 audisset,
1322 2455 1512 2498 juramento
1538 2453 1601 2487 ad-

164 2501 268 2546 ‘bito,
301 2503 366 2537 sibi
390 2515 462 2537 cum
487 2515 527 2538 eo
554 2503 637 2548 quid
660 2503 731 2537 tale
754 2514 902 2547 unquam
933 2501 1159 2536 intercessisse
1181 2500 1338 2545 negavit:
1377 2498 1459 2544 quin
1483 2503 1519 2532 et
1541 2510 1602 2533 ru-

138 2558 268 2591 mores,
306 2550 349 2583 ab
373 2549 530 2594 imperito
565 2550 666 2594 vulgo
690 2549 734 2583 de
757 2548 945 2595 Hippolyto
978 2550 1149 2594 jactatos,
1187 2548 1287 2581 falsos
1319 2557 1392 2579 esse
1429 2555 1601 2590 vanosque

139 2593 271 2629 omnino
303 2595 486 2640 adjuravit.
535 2595 689 2630 Theseus
711 2599 823 2629 autem
856 2595 958 2630 fidem
981 2594 1013 2629 ei
1035 2604 1249 2638 nequaquam
1271 2591 1455 2632 adhibens3
1490 2591 1601 2636 pude-

138 2639 251 2674 factus
273 2640 387 2684 etiam,
411 2641 504 2686 quod
526 2641 696 2677 Primores
719 2653 795 2676 suos
818 2642 903 2675 haec
925 2641 1035 2675 latere
1058 2651 1125 2674 non
1150 2638 1347 2684 potuissent,
1374 2649 1394 2670 e
1417 2643 1600 2682 conspectu

137 2696 199 2719 suo
224 2696 296 2719 eam
319 2687 464 2728 amovit,
505 2687 680 2732 visumque
701 2699 793 2726 snum
827 2688 948 2732 fugere
979 2698 1053 2721 eam
1074 2685 1173 2729 jussit
1201 2684 1235 2717 in
1259 2687 1472 2729 perpetuum.
1520 2683 1600 2729 lpse

137 2730 272 2766 interim
294 2732 400 2767 fatum
422 2733 485 2767 filii
508 2734 579 2775 sui,
603 2745 703 2778 quem
726 2733 826 2768 unice
849 2733 988 2772 dilexit,
1015 2731 1133 2767 misere
1156 2730 1307 2774 lugebat.
1353 2728 1514 2763 Phaedra
1535 2741 1598 2763 ve-

136 2787 199 2818 ro,
225 2777 442 2813 innocentiae
463 2791 546 2814 suae
561 2779 625 2814 sibi
649 2779 801 2820 conscia3
826 2791 931 2824 aegre
955 2777 1057 2812 etiam
1081 2777 1214 2818 ferens,
1239 2787 1296 2817 se,
1320 2775 1364 2809 ob
1388 2775 1509 2809 falsum
1533 2786 1598 2820 po-

138 2822 219 2867 pelli
242 2834 431 2865 rumorem‚
470 2836 492 2859 a
515 2826 660 2870 conjuge
693 2837 752 2862 suo
777 2826 919 2869 ejectam
944 2834 1037 2864 esse3
1075 2822 1209 2868 pudore
1231 2821 1342 2863 victa,
1377 2820 1510 2855 sibimet
1531 2820 1597 2866 ipsi

136 2873 275 2904 mortem
299 2869 482 2913 conscivit,
505 2882 627 2906 annum
650 2883 753 2916 agens
776 2870 983 2917 trigesimum
1006 2879 1148 2903 nonum=
1185 2867 1272 2903 sicut
1293 2867 1361 2902 ista
1383 2866 1493 2903 literis
1515 2877 1599 2913 pro·
