1838 3230
242 189 340 237 308
644 179 930 226 IOANNIS
959 181 1303 226 MALALAE

241 303 316 354 τὰς
337 301 557 358 ἐπιδρομὰς
573 305 654 345 τῶν
678 303 945 356 Σαρακηνῶν.
996 298 1142 344 ’ἔκτισε
1161 302 1206 344 δὲ
1224 302 1290 344 καὶ
1311 300 1352 344 ἓν
1365 300 1586 361 Ἀντιοχείᾳ
1607 298 1711 344 Μᾶ-’

244 390 370 427 νηταν
383 405 394 423 ,
426 370 528 413 ὥστε
554 367 841 425 χαράσσεσθαι
871 369 954 411 ἐκεῖ
975 371 1206 424 νομίσματα
1219 384 1229 393 ·
1265 365 1317 425 ἦν
1334 369 1411 427 γὰρ
1432 368 1456 424 ἦ
1481 369 1585 425 αὐτὴ
1605 367 1708 412 Μό-

196 448 226 482 Β
250 457 353 495 νητα
375 439 454 482 ἀπὸ
477 442 643 492 σεισμοῦ
663 443 995 494 καταστραφεΐσα
1008 451 1018 461 ·
1048 440 1112 480 καὶ
1133 436 1355 493 ἀνενεώθη.
1425 437 1552 480 ἔκτισε
1573 438 1618 480 δὲ
1638 439 1707 481 καὶ

244 504 440 564 λουτρόν,
487 505 583 563 ὅπερ
626 504 786 549 ἐκάλεσε
825 503 1108 561 συγκλητικόν,
1157 504 1306 560 ὁμοίως
1344 506 1390 548 δὲ
1427 508 1492 548 καὶ
1536 504 1641 548 ἄλλα
1669 502 1706 561 γ’

245 572 412 630 λουτρά.
1716 580 1740 614 5

341 641 391 684 ‘0
419 642 463 684 δὲ
495 644 661 696 Καῖσαρ
685 640 948 695 Μαξιμιανός
970 641 1163 684 ἀπελθών
1189 641 1295 684 κατὰ
1313 645 1489 697 Περσῶν
1509 643 1575 684 καὶ
1595 638 1715 696 νικῆ-“

247 728 322 760 σας
342 708 493 759 αὖτοῦς
512 709 616 752 κατὰ
637 706 786 765 κράτος
807 710 1035 764 ἐπανῆλθεν
1059 711 1101 752 ἓν
1119 709 1359 768 Ἀντιοχείᾳ,
1398 710 1536 764 λαβὼν
1557 707 1710 764 αι’χμά-

247 784 377 821 λωτον
396 777 470 832 τὴν
491 782 564 820 τοῦ
584 777 784 830 βασιλέως
803 782 885 819 τῶν
906 781 1082 833 Περσῶν
1105 785 1288 831 γυναῖκα,
1322 779 1477 820 ἐκείνων
1496 777 1708 833 φυγόντων

246 846 350 901 μετὰ
368 845 512 901 ὀλίγων
537 846 698 900 ἀνδρῶν
719 847 773 895 εἷς
791 845 838 887 τὸ
854 845 1129 900 Ἰνδολίμιτον,
1152 850 1224 888 τοῦ
1246 844 1433 899 πλήθους
1449 846 1583 888 αὐτῶν
1606 845 1710 887 ἀνα·
1768 851 1770 854 ’

248 915 466 962 λωθὲντος.
537 912 562 968 ἦ
587 914 631 955 δὲ
650 915 870 965 βασίλισσα
890 918 971 956 τῶν
990 918 1165 971 Περσῶν
1181 914 1356 969 Ἀρσανὴ
1378 913 1531 971 ᾤκησεν
1551 914 1594 956 ἓν
1614 911 1708 956 Δά-
1722 919 1766 952 10

100 992 133 1025 0
158 992 225 1027 409
250 1000 333 1040 φνῃ
353 981 638 1038 φυλαττομένη
667 981 771 1024 κατὰ
791 981 967 1024 κέλευσιν
985 987 1056 1025 τοῦ
1079 983 1278 1036 βασιλέως
1301 979 1509 1035 Ῥωμαίων
1528 983 1710 1036 Διοκλη-

250 1054 392 1093 τιανοῦ
427 1049 530 1104 μετὰ
560 1053 679 1103 τιμῆς
704 1051 768 1092 ἐπὶ
793 1047 965 1105 χρόνων.
1036 1052 1101 1092 καὶ
1130 1050 1232 1104 μετὰ
1259 1054 1389 1092 ταῦτα
1417 1047 1581 1092 πάκτων
1600 1046 1711 1106 εῗρή-

250 1136 323 1173 νης
342 1117 562 1173 γενομένων
582 1116 767 1173 ἀπεδόθη
783 1118 967 1175 Πέρσαις
983 1123 1041 1178 τῷ
1059 1120 1149 1179 ἰδίῳ
1170 1118 1296 1173 αὐτῆς
1311 1118 1443 1175 ἀνδρί,
1484 1121 1713 1175 φυλαχθεῖ-

253 1204 306 1229 σα
329 1186 433 1240 μετὰ
452 1190 584 1239 τιμῆς.

202 1262 232 1295 C
350 1254 419 1296 Ἐν
441 1253 551 1310 αὐτῷ
576 1253 620 1295 δὲ
641 1257 698 1310 τῷ
715 1250 849 1311 χρόνῳ
871 1255 1018 1309 δωρεαὶ
1036 1253 1350 1311 παρεσχὲθησαν
1368 1252 1481 1310 παρὰ
1497 1257 1571 1296 τοῦ
1588 1257 1709 1308 βασι-
1723 1258 1768 1293 15

253 1322 354 1371 λέως
377 1319 488 1377 πάσῃ
508 1325 559 1377 τῇ
575 1319 785 1374 Ῥωμαίων
804 1323 982 1381 πολιτεία
998 1320 1099 1378 ὑπὲρ
1121 1327 1205 1381 ,τῶν
1225 1323 1433 1365 ἐπινικίων.

347 1388 505 1431 ’Έκτισε
533 1389 577 1430 δὲ
603 1389 670 1431 καὶ
701 1390 755 1438 εἷς
783 1389 835 1431 τὰ
861 1389 998 1443 λίμιτα
1027 1386 1236 1446 uslutoda
1265 1389 1390 1438 αὐτὸς
1417 1387 1713 1443 Διοκλητιανός
1749 1396 1757 1444 ὶ,ἑ

257 1457 339 1501 ἀπὸ
365 1461 439 1512 τῆς
471 1454 684 1512 Αἰγύπτου
722 1457 796 1506 ἕως
829 1462 910 1499 τῶν
938 1461 1152 1513 Περσικῶν
1182 1455 1311 1513 ὅρων,
1345 1455 1472 1507 τάξας
1501 1457 1544 1499 ἓν
1573 1456 1713 1504 αὐτοῖς
1754 1448 1757 1459 Κ

257 1522 511 1581 στρατιώτας
528 1524 794 1578 λιμιτανέους,
831 1524 1184 1581 προχειρισάμενος
1204 1527 1270 1567 καὶ
1290 1527 1440 1574 ὃοῦκας
1462 1524 1567 1567 κατὰ
1586 1524 1713 1578 ἐπαρ-

254 1595 350 1648 χίαν
376 1591 571 1649 ἐνδοτέρω
602 1596 683 1634 τῶν
708 1590 893 1648 κάστρων
921 1594 1169 1646 καθέζεσθαι
1202 1592 1305 1646 μετὰ
1334 1597 1488 1648 πολλῆς
1515 1593 1770 1646 βοηθείαςΞΟ

259 1661 362 1716 πρὸς
391 1658 704 1716 παραφυλακήν.
775 1663 840 1703 καὶ
873 1659 1091 1717 ἀνήνεγκαν
1115 1666 1173 1721 τῷ
1197 1664 1359 1714 βασιλεῖ
1374 1662 1439 1703 καὶ
1459 1664 1517 1720 τῷ
1533 1661 1714 1716 Καίσαρι

261 1727 415 1784 στήλας
436 1729 476 1770 ἓν
494 1733 551 1786 τῷ
576 1729 718 1786 λιμίτῳ
739 1732 811 1783 τῆς
831 1731 996 1785 Συρίας.

357 1796 424 1838 Ἐν
449 1796 561 1854 αὐτῷ
584 1797 627 1838 δὲ
646 1800 703 1854 τῷ
720 1788 859 1855 ’χρόνῳ
876 1796 1151 1852 ἐτυράννησαν
1172 1796 1211 1839 οἶ
1226 1793 1443 1852 Αἰγύπτιοι
1463 1796 1528 1838 καὶ
1546 1791 1714 1852 ἐφόνευ-

263 1880 341 1906 σαν
371 1863 467 1913 τοῦς
492 1863 692 1921 ἄρχοντας
714 1863 862 1909 αὐτῶν.
931 1867 998 1908 καὶ
1020 1862 1306 1922 ἐπεστράτευσε
1328 1863 1414 1907 κατ’
1437 1863 1572 1907 αὐτῶν
1595 1861 1617 1906 ὅ
1638 1862 1714 1905 αὗ-

353 1950 387 1982 9.
409 1945 638 1993 Ἷνδολιμιτὸν
661 1950 729 1984 Ox.

264 2015 467 2050 Antiochiae
489 2017 590 2051 etiam
612 2018 828 2053 Monetarum
852 2019 1033 2062 officinam,
1058 2030 1126 2065 qua
1149 2018 1269 2054 nummi
1293 2019 1509 2060 cuderentur,
1530 2021 1719 2053 terraemo-⁴

264 2062 355 2095 tibus
380 2061 579 2106 collapsam,
616 2063 874 2109 redintegravit.
940 2066 1102 2099 Balneum
1138 2065 1259 2106 etiam,
1296 2070 1435 2109 praeter
1458 2064 1524 2099 alia
1545 2063 1614 2098 tria
1637 2073 1658 2097 a
1680 2074 1717 2098 se

267 2106 424 2147 condita,
448 2111 601 2151 quartum
626 2120 761 2153 quoque
785 2110 952 2150 extruxit,
986 2111 1077 2155 quod
1100 2110 1315 2145 Senatorium
1338 2109 1533 2144 nominavit.

358 2152 580 2186 Maximianus
602 2152 736 2188 interim
759 2155 898 2197 Caesar,
922 2156 1032 2190 Persis
1056 2156 1188 2201 penitus
1212 2156 1400 2196 debellatis,
1428 2154 1636 2189 Antiochiam
1659 2165 1717 2188 re-

267 2197 437 2238 verutum
471 2197 650 2242 Captivam
671 2210 782 2234 secum
805 2201 929 2235 ducens
954 2202 1082 2236 Persici
1104 2201 1195 2246 regis
1217 2212 1370 2236 uxorem:
1394 2211 1494 2244 quam
1515 2199 1632 2245 paucis
1654 2198 1716 2232 sti-

268 2246 401 2288 patam,
437 2242 614 2286 (exercitu
635 2243 766 2289 reliquo
798 2247 947 2280 funditus
968 2247 1130 2291 deleto‚)
1169 2246 1213 2280 ad
1235 2246 1352 2281 Indiae
1373 2245 1514 2286 limites,
1550 2255 1617 2278 una
1640 2255 1716 2278 cum

268 2289 365 2332 Rege
387 2288 514 2322 Marito
537 2287 721 2331 fugientem
737 2314 748 2330 ‚
773 2297 940 2326 assecutus
964 2293 1086 2327 fuerat.
1134 2291 1267 2335 Regina
1289 2294 1399 2325 autem
1421 2290 1616 2331 Persarum,
1647 2291 1716 2324 Ar·

268 2344 360 2374 sane,
384 2333 589 2367 Diocletiani
605 2333 746 2368 Romani
764 2335 980 2380 Imperatoris
997 2339 1101 2382 jussu,
1124 2337 1159 2381 iu
1181 2337 1325 2382 Daphne
1347 2334 1440 2369 annis
1463 2335 1603 2379 aliquot,
1627 2334 1716 2369 omni

269 2389 342 2411 cum
367 2380 495 2413 honore
518 2379 778 2413 custodiebatur.
824 2382 906 2416 Post
928 2394 1030 2424 vero,
1063 2382 1156 2428 pacis
1180 2380 1424 2416 conditionibus
1446 2380 1590 2415 invicem
1611 2379 1715 2423 initis,

268 2422 415 2467 Regina,
438 2424 473 2457 in
497 2424 665 2465 Persidem
688 2423 796 2466 missa,
820 2427 957 2471 conjugi
980 2440 1038 2462 suo
1062 2427 1220 2461 restituta
1244 2431 1306 2461 est.

359 2469 487 2503 Eodem
510 2475 663 2514 tempore
684 2471 892 2515 Imperator,
924 2473 966 2506 ob
990 2477 1123 2518 partam
1145 2471 1343 2513 victoriam,
1378 2470 1503 2517 ubique
1524 2482 1587 2517 per
1609 2470 1718 2517 impe—

269 2513 354 2548 rium
376 2514 561 2549 Romanum
584 2515 796 2559 Largitiones
818 2516 1000 2550 distribuit.

359 2559 451 2594 Idem
475 2559 706 2595 Diocletianus
727 2560 850 2595 Castra
871 2562 991 2606 passim
1014 2573 1077 2606 per
1100 2561 1244 2596 confinia
1266 2561 1440 2604 extruxit,
1476 2562 1519 2596 ab
1555 2562 1715 2607 Aegypto

270 2614 376 2648 usque
399 2605 443 2638 ad
466 2605 548 2639 fines
570 2605 741 2647 Persicon
763 2606 937 2641 collocatis
959 2607 1007 2640 ibi
1030 2606 1223 2641 Limitaneis
1245 2606 1416 2648 militibus,
1439 2607 1590 2641 Ducibus
1613 2608 1715 2642 etiam

271 2661 334 2693 per
357 2649 545 2694 provincias
568 2651 774 2692 constitutis,
809 2651 868 2696 qui
890 2651 1017 2686 Castris
1039 2652 1129 2686 hisce
1151 2663 1225 2685 cum
1248 2657 1378 2686 armata
1399 2664 1496 2687 manu
1517 2652 1712 2694 insidentes,

271 2694 349 2727 loca
378 2696 598 2729 custodirent.
642 2697 845 2742 Imperatori
873 2696 990 2742 itaque
1020 2701 1056 2731 et
1078 2696 1217 2731 Caesari
1238 2697 1378 2731 stativas
1401 2698 1526 2744 ubique
1547 2709 1610 2744 per
1633 2708 1716 2732 con-

271 2739 353 2772 finia
374 2740 500 2783 Syriae
524 2747 720 2785 posuerunt.

361 2784 434 2818 Sub
458 2786 522 2819 hoc
544 2791 672 2831 tempus
695 2787 857 2833 Aegyptii
876 2787 912 2822 in
935 2788 1130 2822 Praefectos
1152 2799 1226 2823 suos
1248 2788 1468 2833 insurgentes,
1492 2800 1550 2824 eos
1571 2787 1713 2822 interfe-

272 2834 399 2865 cerunt,
445 2830 632 2876 Imperator
661 2832 780 2878 itaque
802 2833 837 2868 in
860 2845 916 2869 eos
949 2844 1039 2869 anna
1063 2833 1187 2877 movit,
1229 2834 1531 2880 Alexandriamque
1554 2834 1712 2879 Magnam
