1838 3230
309 178 406 224 616
808 169 1277 215 ANNOTATIONES.

311 287 480 337 Tauria,
507 305 533 341 η
548 285 710 334 Θέωνος
729 280 910 352 θυγάτηρ
930 288 1003 326 τοῦ
1027 284 1301 339 Αλεξανδρὲως
1321 282 1559 338 φιλοσόφου,
1586 283 1660 327 καὶ
1671 301 1745 332 ntu-

306 359 353 396 τη
382 340 616 394 φιλόσοφος,
647 338 870 410 διεσπάσθη
888 339 967 381 ’ὑπὸ
994 341 1294 408 Αλεξανδρέων,
1320 342 1388 383 καὶ
1418 339 1462 383 τὸ
1484 345 1596 394 σωμα
1622 336 1747 394 αυτῆς

307 398 555 452 ἐνυβρισθὲν,
584 393 680 438 καθ’
714 394 808 448 όλης
825 399 898 449 τῆς
923 392 1068 445 πόλεως
1087 394 1291 464 διεσπαρη.
1347 401 1461 439 τοῦτο
1492 395 1535 438 δὲ
1552 395 1745 447 πέπονθε,

308 453 374 495 διὰ
394 453 467 508 τὴν
486 450 811 507 ὖπερβαλλουσαν
829 453 996 501 σοφίαν,
1023 452 1091 493 καὶ
1118 450 1283 505 μάλιστα
1306 453 1362 502 εἰς
1381 469 1430 494 τα
1450 452 1541 505 περὶ
1560 448 1747 507 οἷστρουο-

308 512 411 563 μίας.
471 510 547 548 Sed
581 509 674 554 vide
703 508 817 547 ctiam
843 510 1040 547 Socratem
1059 508 1129 548 lib.
1152 513 1192 552 7.
1214 523 1300 561 cap.
1324 509 1386 553 15
1408 509 1478 547 ubi
1492 508 1649 562 plenior
1664 508 1748 560 Hy-

305 567 435 619 patiae
455 565 572 618 hujus
595 565 724 604 caedis
743 564 914 602 narratio
931 563 1112 603 habetur.

420 622 637 673 Pag.359.
670 623 735 662 16-
772 617 859 671 ἥτις
877 617 975 671 εἶχεν
994 620 1037 660 ἐν
1057 619 1160 683 μέσῳ
1176 616 1381 671 θαλάσσης
1397 616 1653 672 υπαρχουσας
1672 616 1748 661 πό-

307 679 387 723 λεις
403 673 573 724 ἓκατόν.]
598 676 832 727 Pomponius
847 676 945 713 Mela
968 675 1018 714 de
1038 675 1099 715 sit.
1121 675 1217 715 Orb.
1241 676 1306 713 lib.
1321 681 1359 718 2.
1380 689 1465 727 cap.
1478 680 1516 717 7.
1545 674 1668 728 Super
1685 689 1749 714 eas

303 734 386 784 iam
403 733 444 770 in
463 730 588 770 medio
615 733 727 780 mari,
756 733 902 781 ingens,
934 741 968 769 et
992 741 1139 770 centum
1166 729 1361 784 quondam
1383 729 1541 768 urbibus
1559 729 1748 778 habitam,

313 786 428 835 (It-,eie
454 786 508 825 acl
524 788 699 825 orientem
715 787 1019 839 promontorium
1040 784 1279 832 Samonium,
1306 783 1360 823 ad
1380 784 1612 825 occidentem
1633 788 1750 838 κριοῦ

308 842 487 894 μέτωπον
510 843 704 891 immittit,
736 849 808 882 etc.
868 842 1010 893 Scylax
1040 842 1153 878 etiam
1180 840 1440 893 Caryandens.
1463 839 1602 879 dehac
1621 841 1748 879 insula

307 899 428 936 verba
447 897 612 945 habens3
639 904 678 936 et
698 897 931 962 quibusdam
953 897 1035 949 ejus
1056 897 1220 935 urbibus
1240 896 1486 946 enumeratis,
1516 896 1645 948 addit3
1673 897 1750 937 εἶσὶ

309 952 352 993 δὲ
371 954 440 994 καὶ
461 952 573 994 ἄλλαι
591 949 723 1001 πόλεις
748 953 791 993 ἐν
810 949 971 1009 Κρήτῃ·
1001 952 1149 1006 λέγεται
1169 951 1212 993 δὲ
1232 949 1334 993 εἶναι
1351 949 1614 1005 ἕκατόμπολις.
1672 953 1748 991 Un-

310 1010 358 1049 de
376 1011 571 1049 Homerus
590 1009 703 1047 Iliad.
704 1006 770 1080 ,ζβΙ

524 1067 646 1104 Αλλοι
668 1059 714 1104 θ’
739 1065 779 1105 οὶ
797 1060 961 1116 Κρήτην
990 1059 1249 1131 ἑκατόμπολιν
1268 1060 1556 1115 ἀμφενέμοντο.

421 1120 644 1173 Pag.359.
674 1123 737 1162 17.
774 1117 911 1166 καθως
926 1118 1015 1172 περὶ
1036 1122 1107 1171 τῆς
1123 1115 1245 1168 αὐτῆς
1263 1116 1388 1170 νήσου
1409 1116 1601 1168 ἔξέθετο’
1579 1135 1600 1159 o
1620 1116 1751 1170 σοφω-

309 1190 424 1224 τατος
451 1176 692 1229 Ευριπίδης·
703 1175 719 1227 ]
756 1175 819 1213 Nil
834 1175 911 1214 tale
933 1181 1092 1227 apparet
1120 1175 1226 1227 apud
1247 1174 1474 1227 Euripidem
1496 1188 1611 1227 quem
1631 1174 1751 1214 habe-

310 1245 398 1271 mus
424 1232 554 1270 hodie.

426 1290 518 1339 Pag.
548 1287 639 1328 359.
670 1290 737 1328 20.
768 1285 856 1337 ἔχον
879 1282 1076 1333 ἰδιάζοντα
1092 1282 1198 1326 θόλοι
1219 1282 1306 1337 ιβ’.]
1339 1282 1384 1325 vd
1402 1281 1535 1335 θόλον,
1554 1291 1752 1335 neutrum,

311 1342 419 1381 haud
441 1349 582 1381 temere
601 1341 693 1379 alibi
714 1342 898 1380 invenies.
955 1341 1103 1379 Tholus
1121 1355 1215 1379 vero
1237 1341 1454 1379 aedificium
1475 1348 1533 1380 est
1546 1340 1672 1379 'forma
1689 1356 1753 1380 ro-

311 1398 436 1437 tunda
460 1403 702 1445 extructum,
731 1404 769 1434 et
798 1397 838 1434 in
863 1402 1017 1434 acutum
1047 1397 1244 1445 fastigium
1267 1397 1456 1435 desinens.
1513 1396 1753 1448 Hesychius:

316 1450 452 1503 Θόλος,
481 1451 797 1504 στρογγυλοειὸἠς
816 1449 938 1500 οἶκος,
966 1448 1021 1491 δι’
1042 1449 1237 1504 ὀστράκων
1259 1450 1499 1502 εἰλημμένος.
1547 1452 1753 1490 Caeterum

316 1509 365 1546 de
384 1509 446 1546 his
468 1509 582 1560 plura
605 1508 675 1545 tibi
702 1508 965 1559 suppeditabit
982 1507 1153 1547 Lexicon
1172 1507 1466 1554 Vitruvianum,
1493 1520 1516 1544 a
1535 1507 1680 1546 Joanne
1702 1508 1753 1546 de

314 1565 411 1603 Laet
425 1577 562 1602 recens
584 1564 742 1601 editum.

427 1620 525 1671 Pag.
555 1619 646 1661 359
674 1622 741 1660 21.
783 1618 853 1669 μία
869 1617 1058 1669 διοίκησις
1085 1614 1223 1658 θόλων
1243 1619 1459 1671 παρεῖχεν]
1501 1618 1628 1657 Locus
1643 1632 1752 1658 men-

319 1676 457 1714 dosus:
494 1675 594 1714 sorte
612 1674 838 1724 legendum,
869 1675 963 1725 μίαν
978 1675 1173 1740 διοίκησιν
1193 1679 1266 1712 etc.

427 1729 648 1783 Pag.360.
683 1734 720 1771 1.
765 1727 850 1777 ἓνὸς
879 1731 1064 1781 καμινίου
1093 1725 1231 1781 μόνου.
1221 1732 1256 1776 .]
1288 1723 1491 1780 Καμινος,
1517 1730 1685 1781 καμίνη,
1713 1736 1753 1769 et

321 1785 429 1838 apud
448 1792 623 1823 nostrum
648 1786 843 1836 καμίνιον,
876 1784 1055 1824 Cominus
1072 1791 1142 1834 est,
1172 1785 1252 1823 sive
1270 1784 1437 1823 Fornax.

430 1839 524 1892 Pag.
554 1844 647 1882 360
674 1845 742 1882 20.
773 1840 816 1880 ἐν
842 1835 872 1895 ᾧ
887 1837 1011 1894 χρόνῳ
1032 1836 1257 1893 ἀπηγγέλθη
1276 1839 1299 1879 ὁ
1318 1836 1493 1886 θάνατος
1508 1842 1754 1881 Βαλεντινια-

320 1899 406 1936 νοῦ.
417 1895 437 1948 ]
470 1897 667 1943 Quaenam
689 1896 872 1934 habemus
889 1896 955 1934 hic
974 1897 1184 1960 portenta?
1218 1895 1509 1934 Valentinianus
1527 1897 1641 1944 enim,
1662 1902 1755 1948 post

320 1958 517 1989 mortuum
533 1951 806 2000 Theodosium,
835 1965 877 1990 1v
900 1953 1008 1989 annis
1027 1958 1222 2002 superstes
1242 1957 1336 1991 erat.
1408 1951 1588 2002 Consule,
1617 1951 1650 1988 si
1667 1952 1754 2003 pla·-

323 2013 395 2055 cet,
424 2007 659 2057 Prosperum
679 2007 862 2058 Aquitan.
883 2014 923 2045 et
940 2007 1208 2045 Marcellinum
1229 2006 1428 2044 Comitem.

433 2063 533 2112 Pssg-
559 2066 653 2103 361.
683 2066 720 2104 4.
758 2063 800 2103 ἐν
817 2066 866 2118 τῇ
884 2065 962 2115 ζωῇ
980 2066 1052 2102 τοῦ
1079 2059 1199 2102 αὐτοῦ
1223 2058 1403 2113 πατρός.]
1437 2060 1512 2099 Alii
1529 2060 1624 2099 haec
1643 2061 1755 2100 aliter

323 2123 505 2165 narrant3
530 2105 850 2169 Antiochumque
863 2119 909 2156 ab
930 2118 1125 2168 Isdigerde
1147 2119 1284 2155 Persai
1288 2130 1350 2154 um
1377 2118 1488 2166 Rege,
1510 2129 1624 2167 quem
1639 2117 1758 2155 Arca-

326 2172 414 2210 dius
442 2145 540 2223 Imp.
567 2172 799 2222 moriturus,
829 2173 898 2211 filii
927 2175 987 2211 sui
1012 2173 1166 2224 parvuli
1193 2172 1401 2210 Theodosii
1431 2173 1616 2209 Tutorem
1632 2178 1757 2210 testa-

326 2233 457 2265 mento
488 2227 758 2274 constituelat,
801 2229 849 2265 ad
882 2229 1131 2279 Imperatoris
1158 2227 1281 2265 teneri
1307 2240 1441 2265 curem
1475 2227 1758 2278 suscipiendam

326 2283 484 2320 missum
504 2283 653 2320 volunt.
709 2282 808 2321 Vide
838 2284 1023 2322 Zonaram
1044 2291 1083 2322 et
1103 2283 1330 2321 cedrenum.

438 2337 535 2389 Pag.
562 2341 654 2379 361.
681 2341 718 2379 8.
762 2337 919 2388 ἐποίησε
942 2342 1079 2378 παπᾶν
1107 2341 1178 2389 τῆς
1208 2334 1375 2389 μεγάλης
1406 2336 1610 2386 ἐκκλησίας
1642 2340 1755 2378 Κων-

330 2389 717 2443 σταντινουπόλεως.]
748 2394 915 2430 Zonaras
938 2393 1170 2432 Antiochum
1205 2393 1400 2431 Ecclesiae
1431 2391 1756 2431 Chalcedonensis

329 2448 511 2485 clericum
532 2449 677 2485 factum
695 2448 804 2497 vult,
831 2448 872 2485 in
891 2448 985 2486 aede
1009 2451 1048 2487 S.
1071 2449 1131 2486 Ma
1136 2449 1254 2498 11311s
1273 2447 1528 2499 Euphemiae:
1558 2443 1758 2517 αφαιρεῖ-

330 2517 394 2542 ται
409 2501 451 2541 δὲ
468 2502 535 2542 καὶ
561 2507 692 2543 πᾶσαν
709 2518 782 2554 την
799 2500 989 2556 ὕπαρξιν,
1018 2500 1136 2551 αὐτος
1163 2502 1205 2543 δὲ
1221 2505 1386 2569 κείρεται
1410 2501 1594 2556 κληρικὸς
1613 2504 1668 2551 εἷς
1685 2518 1756 2544 τον

332 2558 374 2597 ἐν
398 2556 620 2621 Χαλκηδόνι
655 2557 755 2598 ναόν
775 2561 849 2623 τῆς
877 2556 1140 2609 πανευφήμου
1181 2554 1376 2610 μάρτυρος
1402 2559 1636 2611 Ευφημίας·
1689 2558 1758 2600 καὶ

332 2609 500 2663 θνήσκει
518 2610 600 2665 μετ’
621 2629 667 2653 ου
683 2608 797 2653 πολύ.

445 2671 662 2723 Pag.361.
704 2672 769 2711 11.
826 2683 918 2719 μετα
956 2666 998 2707 τό
1035 2665 1227 2720 πλήρωμα
1260 2670 1331 2719 τῆς
1359 2665 1488 2708 αὐτῶν
1523 2669 1731 2721 στρατείας
1741 2671 1754 2720 ]

334 2724 521 2775 Στρατεία
538 2722 616 2761 hoc
638 2724 741 2772 loco,
770 2725 827 2762 uti
850 2731 887 2762 et
903 2723 1103 2774 aliquoties
1122 2724 1234 2762 ctiam
1253 2724 1368 2774 infra,
1387 2738 1460 2775 pro
1483 2725 1642 2788 Ordine,
1675 2725 1771 2763 sive.

336 2779 527 2829 Dignitate
558 2792 810 2831 quacunque,
843 2793 920 2831 qua
940 2779 1016 2818 ab'
1005 2793 1083 2818 uno
1112 2792 1235 2831 usque
1257 2779 1304 2817 ad
1327 2793 1549 2832 supremum
1569 2780 1651 2833 ejus
1669 2793 1756 2831 gra·-
