1838 3230
314 183 414 234 596
805 177 1271 223 ANNOTATIONES.

425 292 517 348 Pag.
546 297 640 338 312.
681 297 744 336 17.
792 291 835 333 ἐκ
872 295 953 332 τῶν
989 291 1318 346 Περσαρμενίων]
1369 291 1624 332 Persarmenii
1657 292 1755 346 dieti

314 356 426 399 sunt,
457 351 524 402 qui
557 349 777 388 Armeniam
808 348 994 399 majorem
1025 349 1220 397 incolunt;
1258 349 1434 386 Romano
1461 349 1630 400 Imperio
1660 344 1756 391 clim

314 407 530 456 subditam,
560 421 582 444 a
599 405 782 455 Philippo
800 416 917 458 Vero,
947 404 1016 455 qui
1042 404 1242 442 Gordiano
1263 399 1468 453 successit,
1497 404 1639 456 Sapori
1666 399 1755 459 Pei·-

314 476 444 502 sarum
471 461 553 513 regi
581 461 803 513 proditam:
833 459 889 497 uti
920 465 1086 498 testatur
1113 460 1323 510 EvagriuS‚
1361 460 1509 500 Eccles.
1532 459 1634 499 Hist.
1661 460 1689 498 l.
1711 459 1752 502 5.

315 533 358 556 ca
392 547 400 557 .
422 521 461 560 7.
1115 547 1119 550 .

361 532 387 570 P
423 575 522 624 Pag.
552 573 646 615 313.
678 573 717 612 3.
746 567 979 611 ἐπανελθών
1007 569 1051 611 ἐν
1070 572 1122 626 τῇ
1151 566 1268 625 Ροόμῃ
1298 566 1504 626 ἀνῃρέθη]
1531 568 1669 608 Mortis
1689 581 1753 621 ge-

313 641 388 667 nus
411 627 490 666 hoc
508 627 666 664 Galerio
688 640 768 663 non
786 627 982 665 convenit.
1600 646 1603 649 ·

427 687 520 734 Pag.
553 685 647 723 313.
677 682 714 723 4.
756 679 872 722 Μετὰ
892 680 934 721 δὲ
956 678 1029 733 τήν
1051 681 1250 732 βασιλείαν
1270 681 1498 729 Μαξεντίου
1519 677 1620 731 οἱα]
1651 679 1755 718 Con-

314 739 502 786 stantius,
543 744 583 776 et
613 737 792 775 Galerius
822 737 1100 784 Maximianus,
1141 750 1254 787 quem
1289 735 1356 774 hic
1387 736 1537 774 Auctor
1561 732 1756 785 intelligit,

313 795 447 833 eodem
463 800 642 845 tempore
655 793 837 831 Caesares
858 793 976 831 creati
997 798 1100 840 suut,
1129 798 1168 829 et
1188 793 1229 830 in
1247 792 1356 843 Reip.
1379 790 1755 830 administrationem

314 850 523 901 assumpti,
554 863 576 886 a
603 848 866 895 Diocletiano,
910 855 948 886 et
972 848 1204 886 Maximiano
1239 848 1440 885 Herculio:
1468 847 1525 886 uti
1557 859 1676 899 supra
1694 846 1755 883 di-

314 913 441 944 ctum:
470 905 620 955 solique
648 904 856 955 deinceps,
885 910 974 956 post
1008 915 1226 955 purpuram
1254 903 1301 940 ab
1326 902 1389 940 his
1420 902 1610 954 positam,
1639 901 1755 940 simul

314 962 578 1012 imperarunt,
610 960 860 998 Constantius
889 958 1046 1010 quidem
1072 959 1214 1007 Gallis,
1242 958 1506 1010 Britaniisque
1535 964 1754 1003 contentus,

313 1018 465 1068 reliquo
489 1016 650 1066 imperio
673 1015 779 1053 omni
801 1015 957 1053 Galerio
980 1027 1176 1052 concesso.
1719 1062 1723 1066 ,

429 1075 523 1123 Pag.
553 1073 648 1113 313.
678 1074 716 1113 8.
764 1067 988 1122 Σαλαμιοές,
1027 1066 1140 1117 πόλις
1174 1065 1375 1121 Κύπρου]
1412 1068 1536 1118 forte,
1564 1066 1754 1120 Σαλαμὶς.

313 1127 553 1178 Pomponius
573 1127 683 1174 Mela,
713 1126 762 1164 de
780 1127 857 1164 situ
881 1126 975 1163 orb.
995 1126 1021 1165 l.
1043 1129 1080 1167 2.
1102 1139 1187 1176 cap.
1211 1129 1248 1166 7.
1269 1125 1317 1162 de
1336 1125 1467 1176 Cypro
1488 1125 1629 1173 insula,
1651 1124 1758 1176 ejus—

314 1197 390 1234 que
417 1181 682 1232 magnitudine
701 1182 821 1219 verba
850 1181 1016 1230 habens,
1056 1180 1152 1218 haec
1182 1180 1314 1218 addit:
1347 1190 1389 1218 ut
1416 1194 1515 1233 quae
1538 1177 1754 1232 aliquando

314 1252 446 1277 novem
477 1251 595 1288 regna
629 1238 786 1287 ceperit,
817 1247 851 1274 et
878 1251 979 1274 nunc
1007 1234 1158 1289 aliquot
1187 1235 1298 1273 urbes
1311 1234 1453 1290 ferat,·
1482 1249 1643 1287 quarum
1668 1232 1756 1274 cla-

316 1294 513 1342 rissimae,
552 1289 746 1341 Salamis,
783 1301 817 1329 et
853 1290 1029 1343 Paphos,
1072 1298 1144 1329 etc.
1184 1290 1406 1343 Stephanus
1441 1290 1558 1330 etiam
1586 1287 1751 1330 de'utb.

314 1344 614 1394 Κωνστᾶντεια,
644 1345 674 1398 ἦ
690 1346 732 1386 ἐν
753 1342 904 1400 Κύπρῳ
928 1346 1118 1398 Σαλαμίς.

430 1406 523 1455 Pag.
554 1405 646 1443 313.
680 1405 744 1442 16.
789 1399 987 1441 ἀπέστειλε
1017 1401 1209 1453 Μάξιμον
1241 1398 1312 1441 τὸν
1340 1398 1626 1451 Καλλικιανὸν]
1663 1402 1751 1440 Sor.

314 1457 381 1500 τόν
404 1458 473 1498 καὶ
490 1454 728 1497 Λικινιανόν
762 1458 822 1495 uti
849 1457 974 1507 insra3
1015 1457 1096 1495 sive
1124 1457 1330 1496 Λικίνιον·
1371 1462 1541 1507 utroque
1558 1457 1659 1495 enim
1680 1470 1752 1494 no-

314 1514 417 1552 mine
441 1513 658 1565 appellatus
677 1518 754 1550 est:
783 1512 1014 1551 Maximum
1051 1519 1180 1551 tamen
1215 1511 1320 1549 hunc
1351 1511 1519 1561 dictum,
1558 1525 1752 1563 nusquam

315 1569 482 1621 reperio.
532 1568 688 1606 Nummi
717 1567 800 1618 ejus
832 1569 980 1606 Graece
1007 1568 1061 1605 ita
1090 1567 1376 1606 inscribuntur:
1407 1571 1492 1607 AT.
1514 1570 1564 1607 K.
1592 1570 1751 1608 OYAA.

316 1627 604 1665 AIKINIAN.
633 1626 925 1663 ΛΙΚΙΑΝΟΣ.
965 1626 1082 1662 ΣΕΒ.
1129 1620 1391 1674 Αὐτοκράτωρ
1425 1623 1578 1675 Καίσαρ
1609 1619 1754 1663 Ουάλέ.

316 1695 401 1732 ριος
418 1676 654 1726 Λικινιανὸς
673 1679 855 1726 Λικίνιος
877 1677 1075 1730 Σεβαστός
1093 1685 1165 1717 etc.
1185 1684 1224 1716 et
1250 1679 1406 1716 Latine:
1436 1678 1491 1716 1M
1500 1679 1538 1718 Ρ.
1571 1679 1612 1718 C.
1639 1678 1752 1717 VAL.

316 1736 462 1775 LICIN.
493 1735 703 1772 LtclNIUS
724 1735 768 1774 Ρ.
787 1734 829 1772 F.
851 1734 970 1773 AUG.
1030 1733 1243 1786 Imperator
1265 1731 1405 1772 Caesar·
1430 1732 1612 1772 Valerius·
1637 1732 1752 1773 Lici-

316 1792 456 1829 nianus
485 1789 665 1829 Licinius
698 1791 797 1827 Pius
832 1788 976 1828 Foeliae
1000 1789 1214 1842 Augustus,
1286 1789 1459 1827 Licinius
1496 1802 1593 1828 vero
1619 1803 1696 1827 non
1729 1804 1751 1827 a

318 1846 570 1895 Constantio,
599 1844 669 1883 sed
690 1859 711 1882 a
737 1845 895 1883 Galerio
923 1845 1140 1896 Imperator
1169 1846 1317 1893 factus,
1346 1844 1513 1896 ideoque
1538 1844 1753 1896 probabili-

317 1907 379 1939 ter
395 1902 436 1938 in
455 1901 558 1939 bella
587 1901 662 1938 ista
684 1900 898 1938 Orientalia
928 1901 1067 1938 missus
1097 1907 1165 1940 est.
1221 1901 1434 1952 Eutropius
1459 1901 1529 1938 lib.
1555 1904 1617 1942 10.
1660 1903 1752 1949 1Ρη·

317 1955 393 1995 hoc
408 1966 553 2007 tempus
570 1955 750 1994 Licinius
770 1970 796 1993 α
817 1954 972 1994 Galerio
991 1954 1202 2008 Imperator
1222 1955 1445 2010 estfacius,
1473 1955 1603 1994 Dacia
1621 1957 1751 1994 oriun-

318 2009 414 2059 dus,
444 2020 558 2048 natus
582 2012 617 2048 ei
639 2012 801 2064 antiqua
824 2009 1113 2060 consuetudine,
1141 2020 1176 2048 et
1199 2013 1240 2049 in
1269 2009 1388 2058 bello,
1418 2009 1523 2063 quod
1551 2009 1750 2049 adversum

317 2064 506 2104 Narseum
525 2075 717 2116 gessera1,·
743 2076 914 2104 strenuus
934 2064 1152 2116 laboribus,
1181 2076 1215 2104 et
1233 2064 1379 2121 officiis
1393 2075 1582 2118 acceptus.

432 2123 526 2171 Pag.
556 2120 650 2161 314.
681 2124 718 2161 6.
754 2120 951 2161 ἐκέλευσεν
983 2119 1090 2174 ἅρμα
1115 2117 1203 2161 κατ’
1240 2119 1369 2161 αὐτῶν
1395 2119 1590 2171 ἐξελθεῖν]
1617 2123 1749 2174 Αρμα,

319 2175 466 2225 Singul.
486 2175 598 2214 Num.
619 2180 658 2212 et
680 2173 852 2227 ἅρματα,
882 2177 1023 2227 plural.
1058 2191 1133 2228 pro
1163 2176 1322 2224 Armis,
1351 2176 1578 2226 frequenter
1603 2189 1749 2214 occur-

319 2237 412 2269 runt
437 2230 542 2283 apud
566 2231 820 2269 recentiores:
849 2231 927 2270 hoc
957 2239 1085 2271 tamen
1111 2233 1201 2271 loco
1235 2245 1309 2284 pro
1329 2231 1542 2277 Exercitu‚
1567 2230 1649 2271 sive
1665 2231 1748 2270 Ar-

319 2287 457 2335 matis,
490 2285 582 2337 poni
599 2285 767 2325 videtur.

430 2344 532 2393 Pag.
561 2341 653 2382 314.
685 2344 747 2382 11.
778 2339 1055 2394 τρακταϊστῆς]
1086 2342 1224 2394 cyrilli
1249 2342 1340 2382 Lex.
1370 2340 1631 2393 τρακταΐστέα.
1660 2352 1750 2383 σκο-

319 2395 468 2444 πιστέα,
489 2395 705 2445 ἐξεταστέα·
734 2410 755 2434 a
777 2397 896 2435 verbo
909 2399 1131 2450 τρακταῖζω,
1154 2398 1309 2436 Tracta.
1338 2397 1443 2434 Infra
1464 2396 1578 2435 etiam
1598 2397 1665 2438 lib.
1685 2395 1748 2441 16.

319 2451 507 2491 habemus
525 2447 745 2504 τρακτεύειν
763 2458 803 2490 et
821 2451 1073 2504 τρακτευτής,
1103 2453 1150 2491 ab
1169 2452 1302 2491 eodem
1321 2452 1441 2493 fonte.

428 2506 527 2559 Pag.
556 2507 653 2549 314.
685 2510 749 2548 12.
784 2507 983 2559 ἐχαρίσατο
1012 2508 1239 2561 ἐλευθερίαν
1261 2511 1343 2555 τοῖς
1367 2507 1620 2560 χριστιανοῖς]
1650 2506 1749 2548 Vide

320 2562 461 2602 Euseb.
481 2562 629 2602 Eccles.
650 2562 750 2602 Hist.
769 2563 798 2601 l.
819 2566 883 2604 10.
907 2576 989 2614 cap.
1007 2565 1046 2605 5.

434 2620 528 2670 Pag.
555 2617 648 2660 314.
679 2619 745 2661 15.
773 2612 826 2668 ἦν
843 2616 915 2670 yolo
935 2619 1052 2670 μῖμος
1069 2615 1268 2670 δεύτερος]
1299 2618 1440 2671 Μίμον
1464 2614 1645 2671 δεύτερον
1672 2630 1747 2657 vo·-

322 2679 405 2721 cat,
435 2686 547 2724 quem
565 2674 720 2722 Cicero,
749 2673 935 2712 Actorem
953 2671 1204 2712 secundarum
1222 2675 1407 2726 partium.
1464 2675 1543 2712 Cic.
1567 2674 1607 2712 in
1633 2673 1744 2714 Verr.

327 2728 378 2765 Ut
397 2729 437 2765 in
467 2727 680 2767 Actor-ibus
711 2726 867 2768 Graecis
879 2730 976 2783 fieri
1003 2726 1193 2776 videmus,
1233 2743 1341 2782 saepe
1362 2728 1474 2768 illum
1507 2730 1574 2782 qui
1601 2738 1654 2767 est
1682 2743 1743 2766 se-

323 2781 555 2833 cundarum,
594 2794 661 2823 aut
684 2786 878 2825 tertiarum
898 2784 1087 2839 partium,
1123 2799 1238 2838 quum
1268 2787 1391 2837 possit
1420 2784 1620 2839 aliquanto
1657 2781 1742 2824 cla-
