<?xml version="1.0" encoding="UTF-8"?>
<!DOCTYPE html PUBLIC "-//W3C//DTD XHTML 1.0 Transitional//EN"
    "http://www.w3.org/TR/xhtml1/DTD/xhtml1-transitional.dtd">
<html xmlns="http://www.w3.org/1999/xhtml" xml:lang="en" lang="en">
 <head>
  <title>
</title>
<meta http-equiv="Content-Type" content="text/html;charset=utf-8" />
  <meta name='ocr-system' content='tesseract 3.04.00' />
  <meta name='ocr-capabilities' content='ocr_page ocr_carea ocr_par ocr_line ocrx_word'/>
</head>
<body>
  <div class='ocr_page' id='page_1' title='image "./corpusscriptorum28niebuoft_0227.png"; bbox 0 0 1838 3230; ppageno 0'>
   <div class='ocr_carea' id='block_1_1' title="bbox 0 0 33 182">
    <p class='ocr_par' dir='ltr' id='par_1_1' title="bbox 0 0 33 182">
     <span class='ocr_line' id='line_1_1' title="bbox 0 0 26 182; textangle 90"><span class='ocrx_word' id='word_1_1' title='bbox 0 174 12 182; x_wconf 71' lang='lat'>¹</span> <span class='ocrx_word' id='word_1_2' title='bbox 0 139 15 162; x_wconf 55' lang='lat'>’⁷&#39;</span> <span class='ocrx_word' id='word_1_3' title='bbox 0 113 19 131; x_wconf 70' lang='lat'>11</span> <span class='ocrx_word' id='word_1_4' title='bbox 0 0 26 100; x_wconf 48' lang='lat' dir='ltr'>&#39;’1¹5³&#39;ss</span> 
     </span>
     <span class='ocr_line' id='line_1_2' title="bbox 23 98 33 123; textangle 90"><span class='ocrx_word' id='word_1_5' title='bbox 23 120 25 123; x_wconf 87' lang='lat'>&#39;</span> <span class='ocrx_word' id='word_1_6' title='bbox 25 98 33 102; x_wconf 77' lang='grc' dir='ltr'><em>ι</em></span> 
     </span>
    </p>
   </div>
   <div class='ocr_carea' id='block_1_2' title="bbox 461 183 1600 239">
    <p class='ocr_par' dir='ltr' id='par_1_2' title="bbox 461 183 1600 239">
     <span class='ocr_line' id='line_1_3' title="bbox 461 183 1600 239; baseline 0.01 -11"><span class='ocrx_word' id='word_1_7' title='bbox 461 183 1086 230; x_wconf 81' lang='lat' dir='ltr'>CHRONOGRAPHIA.</span> <span class='ocrx_word' id='word_1_8' title='bbox 1136 184 1187 228; x_wconf 89' lang='lat' dir='ltr'>L.</span> <span class='ocrx_word' id='word_1_9' title='bbox 1215 185 1267 229; x_wconf 93' lang='lat' dir='ltr'>V.</span> <span class='ocrx_word' id='word_1_10' title='bbox 1467 221 1471 226; x_wconf 85' lang='lat'><strong>.</strong></span> <span class='ocrx_word' id='word_1_11' title='bbox 1501 189 1600 239; x_wconf 85' lang='lat'>145</span> 
     </span>
    </p>
   </div>
   <div class='ocr_carea' id='block_1_3' title="bbox 77 300 1753 1458">
    <p class='ocr_par' dir='ltr' id='par_1_3' title="bbox 77 300 1753 1458">
     <span class='ocr_line' id='line_1_4' title="bbox 111 300 1600 362; baseline 0.001 -14"><span class='ocrx_word' id='word_1_12' title='bbox 111 301 247 360; x_wconf 75' lang='grc' dir='ltr'><strong><em>’ὖμῶν</em></strong></span> <span class='ocrx_word' id='word_1_13' title='bbox 273 302 473 360; x_wconf 71' lang='grc' dir='ltr'><strong><em>ἇνέβημεν</em></strong></span> <span class='ocrx_word' id='word_1_14' title='bbox 503 303 567 348; x_wconf 73' lang='lat'>3212</span> <span class='ocrx_word' id='word_1_15' title='bbox 601 300 678 360; x_wconf 78' lang='grc' dir='ltr'>τὴν</span> <span class='ocrx_word' id='word_1_16' title='bbox 702 300 848 360; x_wconf 74' lang='grc' dir='ltr'><strong><em>χώραν</em></strong></span> <span class='ocrx_word' id='word_1_17' title='bbox 873 301 1029 361; x_wconf 78' lang='grc' dir='ltr'><em>ταύτην</em></span> <span class='ocrx_word' id='word_1_18' title='bbox 1060 306 1289 361; x_wconf 82' lang='grc' dir='ltr'><em>πολεμῆσαι</em></span> <span class='ocrx_word' id='word_1_19' title='bbox 1326 302 1483 362; x_wconf 58' lang='lat' dir='ltr'>miz-riv,-</span> <span class='ocrx_word' id='word_1_20' title='bbox 1530 309 1600 350; x_wconf 81' lang='grc' dir='ltr'>καὶ</span> 
     </span>
     <span class='ocr_line' id='line_1_5' title="bbox 78 370 1596 431; baseline 0.002 -15"><span class='ocrx_word' id='word_1_21' title='bbox 78 383 81 385; x_wconf 86' lang='grc'><strong>’</strong></span> <span class='ocrx_word' id='word_1_22' title='bbox 130 371 237 417; x_wconf 73' lang='grc' dir='ltr'><strong><em>εἶπεν</em></strong></span> <span class='ocrx_word' id='word_1_23' title='bbox 281 373 386 431; x_wconf 84' lang='grc' dir='ltr'>πρὸς</span> <span class='ocrx_word' id='word_1_24' title='bbox 429 372 556 417; x_wconf 74' lang='grc' dir='ltr'><strong><em>αὐτὸν</em></strong></span> <span class='ocrx_word' id='word_1_25' title='bbox 595 371 797 426; x_wconf 80' lang='grc' dir='ltr'><em>Ἐλιακεὶμ</em></span> <span class='ocrx_word' id='word_1_26' title='bbox 841 370 863 415; x_wconf 82' lang='grc' dir='ltr'>ὅ</span> <span class='ocrx_word' id='word_1_27' title='bbox 905 377 980 416; x_wconf 81' lang='grc' dir='ltr'>τοῦ</span> <span class='ocrx_word' id='word_1_28' title='bbox 1022 374 1204 418; x_wconf 78' lang='grc' dir='ltr'><strong><em>Χελκίου·</em></strong></span> <span class='ocrx_word' id='word_1_29' title='bbox 1243 375 1312 417; x_wconf 78' lang='grc' dir='ltr'>καὶ</span> <span class='ocrx_word' id='word_1_30' title='bbox 1357 378 1523 429; x_wconf 61' lang='lat' dir='ltr'>§omag-</span> <span class='ocrx_word' id='word_1_31' title='bbox 1572 373 1596 419; x_wconf 84' lang='grc' dir='ltr'><strong><em>ὃ</em></strong></span> 
     </span>
     <span class='ocr_line' id='line_1_6' title="bbox 129 439 1595 501; baseline 0.001 -16"><span class='ocrx_word' id='word_1_32' title='bbox 129 442 393 499; x_wconf 77' lang='grc' dir='ltr'><em>γραμματεὺς</em></span> <span class='ocrx_word' id='word_1_33' title='bbox 416 443 483 485; x_wconf 81' lang='grc' dir='ltr'>καὶ</span> <span class='ocrx_word' id='word_1_34' title='bbox 506 439 622 491; x_wconf 85' lang='grc' dir='ltr'><em>Ἰωάς</em></span> <span class='ocrx_word' id='word_1_35' title='bbox 631 474 646 494; x_wconf 83' lang='grc'>,</span> <span class='ocrx_word' id='word_1_36' title='bbox 683 439 891 496; x_wconf 87' lang='grc' dir='ltr'><em>Λάλησον</em></span> <span class='ocrx_word' id='word_1_37' title='bbox 908 441 1010 497; x_wconf 78' lang='grc' dir='ltr'>πρὸς</span> <span class='ocrx_word' id='word_1_38' title='bbox 1029 442 1127 493; x_wconf 69' lang='grc' dir='ltr'><em>τοὺς</em></span> <span class='ocrx_word' id='word_1_39' title='bbox 1146 440 1298 494; x_wconf 78' lang='grc' dir='ltr'><em>παῖδάς</em></span> <span class='ocrx_word' id='word_1_40' title='bbox 1315 459 1390 486; x_wconf 89' lang='grc' dir='ltr'>σου</span> <span class='ocrx_word' id='word_1_41' title='bbox 1410 444 1576 501; x_wconf 81' lang='grc' dir='ltr'>συριστί</span> <span class='ocrx_word' id='word_1_42' title='bbox 1585 458 1595 468; x_wconf 94' lang='grc'>·</span> 
     </span>
     <span class='ocr_line' id='line_1_7' title="bbox 130 505 1599 571; baseline 0.001 -17"><span class='ocrx_word' id='word_1_43' title='bbox 130 512 199 554; x_wconf 73' lang='grc' dir='ltr'>καὶ</span> <span class='ocrx_word' id='word_1_44' title='bbox 222 511 293 553; x_wconf 72' lang='grc' dir='ltr'>ἵνα</span> <span class='ocrx_word' id='word_1_45' title='bbox 320 511 366 553; x_wconf 76' lang='grc' dir='ltr'>τί</span> <span class='ocrx_word' id='word_1_46' title='bbox 388 513 544 554; x_wconf 81' lang='grc' dir='ltr'><em>λαλεῖτε</em></span> <span class='ocrx_word' id='word_1_47' title='bbox 576 511 632 560; x_wconf 78' lang='grc' dir='ltr'>εἰς</span> <span class='ocrx_word' id='word_1_48' title='bbox 660 510 714 552; x_wconf 76' lang='grc' dir='ltr'>τὰ</span> <span class='ocrx_word' id='word_1_49' title='bbox 736 505 823 552; x_wconf 79' lang='grc' dir='ltr'>ὦτα</span> <span class='ocrx_word' id='word_1_50' title='bbox 843 514 924 553; x_wconf 82' lang='grc' dir='ltr'>τῶν</span> <span class='ocrx_word' id='word_1_51' title='bbox 943 509 1178 567; x_wconf 80' lang='grc' dir='ltr'><strong><em>ἀνθρώπων</em></strong></span> <span class='ocrx_word' id='word_1_52' title='bbox 1196 515 1279 554; x_wconf 81' lang='grc' dir='ltr'>τῶν</span> <span class='ocrx_word' id='word_1_53' title='bbox 1300 511 1363 554; x_wconf 72' lang='grc' dir='ltr'>ἐπὶ</span> <span class='ocrx_word' id='word_1_54' title='bbox 1382 516 1441 571; x_wconf 78' lang='grc' dir='ltr'>τῷ</span> <span class='ocrx_word' id='word_1_55' title='bbox 1456 513 1599 568; x_wconf 85' lang='grc' dir='ltr'><em>τείχει,·</em></span> 
     </span>
     <span class='ocr_line' id='line_1_8' title="bbox 97 576 1601 638; baseline 0.001 -16"><span class='ocrx_word' id='word_1_56' title='bbox 97 580 200 627; x_wconf 78' lang='grc' dir='ltr'><em>5καὶ</em></span> <span class='ocrx_word' id='word_1_57' title='bbox 227 577 309 622; x_wconf 77' lang='grc' dir='ltr'><strong><em>εἶπε</em></strong></span> <span class='ocrx_word' id='word_1_58' title='bbox 330 576 543 634; x_wconf 83' lang='grc' dir='ltr'><strong><em>Ῥαψάκης</em></strong></span> <span class='ocrx_word' id='word_1_59' title='bbox 570 577 674 634; x_wconf 81' lang='grc' dir='ltr'>πρὸς</span> <span class='ocrx_word' id='word_1_60' title='bbox 705 576 854 629; x_wconf 75' lang='grc' dir='ltr'><em>αὐτούς</em></span> <span class='ocrx_word' id='word_1_61' title='bbox 862 611 876 631; x_wconf 88' lang='grc'>,</span> <span class='ocrx_word' id='word_1_62' title='bbox 913 579 994 634; x_wconf 86' lang='grc' dir='ltr'>Μὴ</span> <span class='ocrx_word' id='word_1_63' title='bbox 1025 580 1127 636; x_wconf 83' lang='grc' dir='ltr'>πρὸς</span> <span class='ocrx_word' id='word_1_64' title='bbox 1155 577 1294 637; x_wconf 79' lang='grc' dir='ltr'><strong><em>κύριον</em></strong></span> <span class='ocrx_word' id='word_1_65' title='bbox 1320 578 1436 635; x_wconf 72' lang='grc' dir='ltr'><strong><em>ὑμῶν</em></strong></span> <span class='ocrx_word' id='word_1_66' title='bbox 1455 581 1479 636; x_wconf 83' lang='grc' dir='ltr'>ἢ</span> <span class='ocrx_word' id='word_1_67' title='bbox 1497 581 1601 638; x_wconf 86' lang='grc' dir='ltr'>πρὸς</span> 
     </span>
     <span class='ocr_line' id='line_1_9' title="bbox 129 644 1597 705; baseline 0.001 -15"><span class='ocrx_word' id='word_1_68' title='bbox 129 645 240 703; x_wconf 71' lang='grc' dir='ltr'><em>ὑμᾶς</em></span> <span class='ocrx_word' id='word_1_69' title='bbox 265 647 496 691; x_wconf 74' lang='grc' dir='ltr'><em>οἷπέσταλκὲ</em></span> <span class='ocrx_word' id='word_1_70' title='bbox 517 664 568 701; x_wconf 90' lang='grc' dir='ltr'>με</span> <span class='ocrx_word' id='word_1_71' title='bbox 596 645 618 690; x_wconf 82' lang='grc' dir='ltr'><em>ὅ</em></span> <span class='ocrx_word' id='word_1_72' title='bbox 643 644 782 704; x_wconf 78' lang='grc' dir='ltr'><em>κύριός</em></span> <span class='ocrx_word' id='word_1_73' title='bbox 807 664 889 702; x_wconf 89' lang='grc' dir='ltr'>μου</span> <span class='ocrx_word' id='word_1_74' title='bbox 921 651 1098 703; x_wconf 80' lang='grc' dir='ltr'><em>λαλῆσαι</em></span> <span class='ocrx_word' id='word_1_75' title='bbox 1124 648 1221 699; x_wconf 70' lang='grc' dir='ltr'>τούς</span> <span class='ocrx_word' id='word_1_76' title='bbox 1242 646 1389 705; x_wconf 82' lang='grc' dir='ltr'><em>λόγους</em></span> <span class='ocrx_word' id='word_1_77' title='bbox 1409 647 1597 703; x_wconf 77' lang='grc' dir='ltr'><strong><em>τούτους,</em></strong></span> 
     </span>
     <span class='ocr_line' id='line_1_10' title="bbox 131 713 1599 776; baseline 0.001 -17"><span class='ocrx_word' id='word_1_78' title='bbox 131 715 223 772; x_wconf 72' lang='grc' dir='ltr'>οὐχὶ</span> <span class='ocrx_word' id='word_1_79' title='bbox 239 715 354 773; x_wconf 82' lang='grc' dir='ltr'>,πρὸς</span> <span class='ocrx_word' id='word_1_80' title='bbox 378 715 477 766; x_wconf 78' lang='grc' dir='ltr'><em>τοὺς</em></span> <span class='ocrx_word' id='word_1_81' title='bbox 505 713 758 773; x_wconf 71' lang='grc' dir='ltr'><strong><em>ἀνθρώπους</em></strong></span> <span class='ocrx_word' id='word_1_82' title='bbox 786 716 884 766; x_wconf 79' lang='grc' dir='ltr'>τούς</span> <span class='ocrx_word' id='word_1_83' title='bbox 908 717 1170 772; x_wconf 76' lang='grc' dir='ltr'>καθημένους</span> <span class='ocrx_word' id='word_1_84' title='bbox 1190 718 1255 760; x_wconf 74' lang='grc' dir='ltr'>ἐπὶ</span> <span class='ocrx_word' id='word_1_85' title='bbox 1275 721 1333 776; x_wconf 79' lang='grc' dir='ltr'>τῷ</span> <span class='ocrx_word' id='word_1_86' title='bbox 1355 718 1494 772; x_wconf 81' lang='grc' dir='ltr'><em>τείχει,</em></span> <span class='ocrx_word' id='word_1_87' title='bbox 1527 719 1599 760; x_wconf 73' lang='grc' dir='ltr'>ἵνα</span> 
     </span>
     <span class='ocr_line' id='line_1_11' title="bbox 131 781 1652 842; baseline 0.001 -14"><span class='ocrx_word' id='word_1_88' title='bbox 131 785 240 842; x_wconf 81' lang='grc' dir='ltr'>[μὴ]</span> <span class='ocrx_word' id='word_1_89' title='bbox 276 781 437 841; x_wconf 79' lang='grc' dir='ltr'><em>φάγωσι</em></span> <span class='ocrx_word' id='word_1_90' title='bbox 471 782 624 841; x_wconf 81' lang='grc' dir='ltr'><strong><em>κόπρον</em></strong></span> <span class='ocrx_word' id='word_1_91' title='bbox 659 786 726 827; x_wconf 84' lang='grc' dir='ltr'>καὶ</span> <span class='ocrx_word' id='word_1_92' title='bbox 760 785 904 827; x_wconf 78' lang='grc' dir='ltr'><strong><em>πίωσιν</em></strong></span> <span class='ocrx_word' id='word_1_93' title='bbox 940 781 1063 842; x_wconf 78' lang='grc' dir='ltr'><strong><em>οὖρον</em></strong></span> <span class='ocrx_word' id='word_1_94' title='bbox 1090 785 1188 841; x_wconf 75' lang='grc' dir='ltr'>μεθ’</span> <span class='ocrx_word' id='word_1_95' title='bbox 1221 783 1337 840; x_wconf 75' lang='grc' dir='ltr'><strong><em>ὑμῶν</em></strong></span> <span class='ocrx_word' id='word_1_96' title='bbox 1373 784 1486 842; x_wconf 71' lang='grc' dir='ltr'><em>ἅμας</em></span> <span class='ocrx_word' id='word_1_97' title='bbox 1533 788 1600 829; x_wconf 82' lang='grc' dir='ltr'>καὶ</span> <span class='ocrx_word' id='word_1_98' title='bbox 1621 799 1652 833; x_wconf 88' lang='grc' dir='ltr'><strong>Β</strong></span> 
     </span>
     <span class='ocr_line' id='line_1_12' title="bbox 130 850 1598 911; baseline 0.001 -14"><span class='ocrx_word' id='word_1_99' title='bbox 130 852 228 910; x_wconf 67' lang='grc' dir='ltr'>ἵστη</span> <span class='ocrx_word' id='word_1_100' title='bbox 262 850 476 908; x_wconf 78' lang='grc' dir='ltr'><em>Ῥαψάκης</em></span> <span class='ocrx_word' id='word_1_101' title='bbox 509 855 576 896; x_wconf 81' lang='grc' dir='ltr'>καὶ</span> <span class='ocrx_word' id='word_1_102' title='bbox 610 851 756 909; x_wconf 70' lang='grc' dir='ltr'>ἐβόησε</span> <span class='ocrx_word' id='word_1_103' title='bbox 797 857 914 910; x_wconf 83' lang='grc' dir='ltr'><em>φωνῇ</em></span> <span class='ocrx_word' id='word_1_104' title='bbox 942 852 1098 911; x_wconf 80' lang='grc' dir='ltr'><em>μεγάλῃ</em></span> <span class='ocrx_word' id='word_1_105' title='bbox 1136 856 1337 898; x_wconf 76' lang='grc' dir='ltr'><em>ἴουδαϊστὶ</em></span> <span class='ocrx_word' id='word_1_106' title='bbox 1371 855 1439 897; x_wconf 82' lang='grc' dir='ltr'>καὶ</span> <span class='ocrx_word' id='word_1_107' title='bbox 1474 853 1598 908; x_wconf 70' lang='grc' dir='ltr'><strong><em>εἶπεν,</em></strong></span> 
     </span>
     <span class='ocr_line' id='line_1_13' title="bbox 77 919 1602 980; baseline 0.001 -15"><span class='ocrx_word' id='word_1_108' title='bbox 77 919 344 971; x_wconf 74' lang='grc' dir='ltr'>ιοἈκούσατε</span> <span class='ocrx_word' id='word_1_109' title='bbox 369 921 468 972; x_wconf 71' lang='grc' dir='ltr'><em>τοὺς</em></span> <span class='ocrx_word' id='word_1_110' title='bbox 495 920 641 978; x_wconf 85' lang='grc' dir='ltr'><strong><em>λόγους</em></strong></span> <span class='ocrx_word' id='word_1_111' title='bbox 663 927 738 965; x_wconf 80' lang='grc' dir='ltr'>τοῦ</span> <span class='ocrx_word' id='word_1_112' title='bbox 766 920 944 978; x_wconf 81' lang='grc' dir='ltr'>μεγάλου</span> <span class='ocrx_word' id='word_1_113' title='bbox 969 922 1170 976; x_wconf 75' lang='grc' dir='ltr'><em>βασιλέως</em></span> <span class='ocrx_word' id='word_1_114' title='bbox 1192 922 1431 980; x_wconf 82' lang='grc' dir='ltr'><strong><em>Ἀσσυρίων.</em></strong></span> <span class='ocrx_word' id='word_1_115' title='bbox 1501 921 1602 967; x_wconf 74' lang='grc' dir='ltr'><em>τάδε</em></span> 
     </span>
     <span class='ocr_line' id='line_1_14' title="bbox 129 988 1602 1047; baseline 0 -13"><span class='ocrx_word' id='word_1_116' title='bbox 129 991 232 1047; x_wconf 68' lang='grc' dir='ltr'><em>λέγει</em></span> <span class='ocrx_word' id='word_1_117' title='bbox 252 988 274 1035; x_wconf 83' lang='grc' dir='ltr'><strong><em>ὃ</em></strong></span> <span class='ocrx_word' id='word_1_118' title='bbox 291 989 495 1043; x_wconf 79' lang='grc' dir='ltr'><em>βασιλεύς.</em></span> <span class='ocrx_word' id='word_1_119' title='bbox 539 991 620 1046; x_wconf 86' lang='grc' dir='ltr'>Μὴ</span> <span class='ocrx_word' id='word_1_120' title='bbox 643 989 840 1034; x_wconf 76' lang='grc' dir='ltr'>ἀπατάτω</span> <span class='ocrx_word' id='word_1_121' title='bbox 859 989 968 1045; x_wconf 68' lang='grc' dir='ltr'><em>ὑμᾶς</em></span> <span class='ocrx_word' id='word_1_122' title='bbox 980 991 1154 1043; x_wconf 83' lang='grc' dir='ltr'><em>Ἐζεκίας</em></span> <span class='ocrx_word' id='word_1_123' title='bbox 1172 989 1327 1047; x_wconf 84' lang='grc' dir='ltr'>λόγοις·</span> <span class='ocrx_word' id='word_1_124' title='bbox 1364 991 1412 1033; x_wconf 82' lang='grc' dir='ltr'>οὗ</span> <span class='ocrx_word' id='word_1_125' title='bbox 1431 988 1602 1047; x_wconf 76' lang='grc' dir='ltr'>δύνηται</span> 
     </span>
     <span class='ocr_line' id='line_1_15' title="bbox 130 1057 1605 1117; baseline 0.001 -15"><span class='ocrx_word' id='word_1_126' title='bbox 130 1058 342 1117; x_wconf 77' lang='grc' dir='ltr'>ῥύσασθαι</span> <span class='ocrx_word' id='word_1_127' title='bbox 369 1057 489 1114; x_wconf 77' lang='grc' dir='ltr'><em>ὖμᾶς.</em></span> <span class='ocrx_word' id='word_1_128' title='bbox 563 1061 630 1102; x_wconf 84' lang='grc' dir='ltr'>καὶ</span> <span class='ocrx_word' id='word_1_129' title='bbox 663 1059 721 1115; x_wconf 87' lang='grc' dir='ltr'>μὴ</span> <span class='ocrx_word' id='word_1_130' title='bbox 750 1059 894 1115; x_wconf 73' lang='grc' dir='ltr'><em>λεγέτω</em></span> <span class='ocrx_word' id='word_1_131' title='bbox 922 1057 1017 1113; x_wconf 74' lang='grc' dir='ltr'><strong><em>ὑμῖν</em></strong></span> <span class='ocrx_word' id='word_1_132' title='bbox 1036 1060 1210 1112; x_wconf 86' lang='grc' dir='ltr'><em>Ἐζεκίας</em></span> <span class='ocrx_word' id='word_1_133' title='bbox 1228 1058 1290 1102; x_wconf 85' lang='grc' dir='ltr'>ὅτι</span> <span class='ocrx_word' id='word_1_134' title='bbox 1312 1057 1478 1117; x_wconf 82' lang='grc' dir='ltr'><em>ῥύσεται</em></span> <span class='ocrx_word' id='word_1_135' title='bbox 1494 1058 1605 1114; x_wconf 67' lang='grc' dir='ltr'><em>ὑμᾶς</em></span> 
     </span>
     <span class='ocr_line' id='line_1_16' title="bbox 130 1125 1603 1186; baseline 0 -14"><span class='ocrx_word' id='word_1_136' title='bbox 130 1126 244 1180; x_wconf 80' lang='grc' dir='ltr'><em>θεός,</em></span> <span class='ocrx_word' id='word_1_137' title='bbox 281 1129 348 1171; x_wconf 78' lang='grc' dir='ltr'>καὶ</span> <span class='ocrx_word' id='word_1_138' title='bbox 368 1127 415 1171; x_wconf 80' lang='grc' dir='ltr'>οὗ</span> <span class='ocrx_word' id='word_1_139' title='bbox 435 1127 493 1183; x_wconf 86' lang='grc' dir='ltr'>μὴ</span> <span class='ocrx_word' id='word_1_140' title='bbox 514 1130 739 1185; x_wconf 78' lang='grc' dir='ltr'><strong><em>παραδοθῇ</em></strong></span> <span class='ocrx_word' id='word_1_141' title='bbox 759 1125 783 1183; x_wconf 82' lang='grc' dir='ltr'><em>ἦ</em></span> <span class='ocrx_word' id='word_1_142' title='bbox 804 1125 920 1177; x_wconf 84' lang='grc' dir='ltr'><em>πόλις</em></span> <span class='ocrx_word' id='word_1_143' title='bbox 938 1126 1043 1182; x_wconf 78' lang='grc' dir='ltr'><em>αὕτη</em></span> <span class='ocrx_word' id='word_1_144' title='bbox 1062 1130 1118 1178; x_wconf 75' lang='grc' dir='ltr'>εἷς</span> <span class='ocrx_word' id='word_1_145' title='bbox 1131 1135 1270 1186; x_wconf 83' lang='grc' dir='ltr'><em>χεῖρας</em></span> <span class='ocrx_word' id='word_1_146' title='bbox 1288 1129 1491 1182; x_wconf 80' lang='grc' dir='ltr'><em>βασιλέως</em></span> <span class='ocrx_word' id='word_1_147' title='bbox 1506 1129 1603 1172; x_wconf 86' lang='grc' dir='ltr'>Ἀσ-</span> 
     </span>
     <span class='ocr_line' id='line_1_17' title="bbox 131 1194 1753 1255; baseline 0.001 -15"><span class='ocrx_word' id='word_1_148' title='bbox 131 1198 296 1254; x_wconf 77' lang='grc' dir='ltr'><strong><em>συρίων.</em></strong></span> <span class='ocrx_word' id='word_1_149' title='bbox 353 1196 411 1252; x_wconf 80' lang='grc' dir='ltr'>μὴ</span> <span class='ocrx_word' id='word_1_150' title='bbox 433 1194 596 1240; x_wconf 80' lang='grc' dir='ltr'><em>ἀκούετε</em></span> <span class='ocrx_word' id='word_1_151' title='bbox 622 1196 810 1249; x_wconf 84' lang='grc' dir='ltr'><strong><em>Ἐζεκίου.</em></strong></span> <span class='ocrx_word' id='word_1_152' title='bbox 868 1195 965 1240; x_wconf 76' lang='grc' dir='ltr'><em>τάδε</em></span> <span class='ocrx_word' id='word_1_153' title='bbox 986 1197 1086 1252; x_wconf 76' lang='grc' dir='ltr'><em>λέγει</em></span> <span class='ocrx_word' id='word_1_154' title='bbox 1108 1194 1129 1240; x_wconf 81' lang='grc' dir='ltr'>ὅ</span> <span class='ocrx_word' id='word_1_155' title='bbox 1147 1196 1341 1251; x_wconf 76' lang='grc' dir='ltr'><em>βασιλεὺς</em></span> <span class='ocrx_word' id='word_1_156' title='bbox 1363 1196 1600 1255; x_wconf 84' lang='grc' dir='ltr'><strong><em>Ἀσσυρίων.</em></strong></span> <span class='ocrx_word' id='word_1_157' title='bbox 1628 1205 1660 1240; x_wconf 95' lang='grc' dir='ltr'>Ο</span> <span class='ocrx_word' id='word_1_158' title='bbox 1687 1205 1753 1241; x_wconf 86' lang='grc'>185</span> 
     </span>
     <span class='ocr_line' id='line_1_18' title="bbox 79 1263 1607 1323; baseline 0.001 -15"><span class='ocrx_word' id='word_1_159' title='bbox 79 1263 430 1312; x_wconf 78' lang='grc' dir='ltr'><em>15Βουλεύσασθε</em></span> <span class='ocrx_word' id='word_1_160' title='bbox 458 1265 756 1322; x_wconf 79' lang='grc' dir='ltr'><em>εὖλογηθῆναι·</em></span> <span class='ocrx_word' id='word_1_161' title='bbox 792 1263 1062 1320; x_wconf 74' lang='grc' dir='ltr'><strong><em>ἕκπορεύεσθε</em></strong></span> <span class='ocrx_word' id='word_1_162' title='bbox 1092 1264 1195 1322; x_wconf 88' lang='grc' dir='ltr'>πρός</span> <span class='ocrx_word' id='word_1_163' title='bbox 1220 1283 1294 1320; x_wconf 87' lang='grc' dir='ltr'>με,</span> <span class='ocrx_word' id='word_1_164' title='bbox 1334 1267 1401 1308; x_wconf 81' lang='grc' dir='ltr'>καὶ</span> <span class='ocrx_word' id='word_1_165' title='bbox 1433 1264 1607 1323; x_wconf 79' lang='grc' dir='ltr'><em>φάγεται</em></span> 
     </span>
     <span class='ocr_line' id='line_1_19' title="bbox 131 1332 1604 1392; baseline 0 -14"><span class='ocrx_word' id='word_1_166' title='bbox 131 1335 302 1384; x_wconf 68' lang='grc' dir='ltr'>ἕκαστος</span> <span class='ocrx_word' id='word_1_167' title='bbox 318 1333 394 1389; x_wconf 80' lang='grc' dir='ltr'>τὴν</span> <span class='ocrx_word' id='word_1_168' title='bbox 414 1332 593 1389; x_wconf 83' lang='grc' dir='ltr'><em>ι’ίμπελον</em></span> <span class='ocrx_word' id='word_1_169' title='bbox 614 1334 743 1377; x_wconf 81' lang='grc' dir='ltr'><em>αὐτοῦ</em></span> <span class='ocrx_word' id='word_1_170' title='bbox 762 1335 829 1376; x_wconf 78' lang='grc' dir='ltr'>καὶ</span> <span class='ocrx_word' id='word_1_171' title='bbox 849 1333 900 1375; x_wconf 79' lang='grc' dir='ltr'>τὰ</span> <span class='ocrx_word' id='word_1_172' title='bbox 922 1338 1026 1377; x_wconf 79' lang='grc' dir='ltr'>σῦκα</span> <span class='ocrx_word' id='word_1_173' title='bbox 1047 1333 1175 1377; x_wconf 76' lang='grc' dir='ltr'><em>αὐτοῦ</em></span> <span class='ocrx_word' id='word_1_174' title='bbox 1183 1368 1198 1388; x_wconf 85' lang='lat'><em>,</em></span> <span class='ocrx_word' id='word_1_175' title='bbox 1235 1335 1303 1377; x_wconf 81' lang='grc' dir='ltr'>καὶ</span> <span class='ocrx_word' id='word_1_176' title='bbox 1326 1336 1470 1378; x_wconf 88' lang='grc' dir='ltr'><strong><em>πίεσθε</em></strong></span> <span class='ocrx_word' id='word_1_177' title='bbox 1489 1334 1604 1392; x_wconf 75' lang='grc' dir='ltr'><em>ὕδωρ</em></span> 
     </span>
     <span class='ocr_line' id='line_1_20' title="bbox 131 1399 1606 1458; baseline 0 -11"><span class='ocrx_word' id='word_1_178' title='bbox 131 1403 176 1447; x_wconf 69' lang='grc' dir='ltr'>ἐκ</span> <span class='ocrx_word' id='word_1_179' title='bbox 194 1407 270 1447; x_wconf 87' lang='grc' dir='ltr'>τοῦ</span> <span class='ocrx_word' id='word_1_180' title='bbox 290 1400 441 1446; x_wconf 88' lang='grc' dir='ltr'><em>λάκκου</em></span> <span class='ocrx_word' id='word_1_181' title='bbox 463 1399 602 1457; x_wconf 70' lang='grc' dir='ltr'><strong><em>ὑμῶν,</em></strong></span> <span class='ocrx_word' id='word_1_182' title='bbox 639 1403 715 1452; x_wconf 71' lang='grc' dir='ltr'><em>ἕως</em></span> <span class='ocrx_word' id='word_1_183' title='bbox 745 1401 796 1445; x_wconf 74' lang='grc' dir='ltr'><strong><em>ἂν</em></strong></span> <span class='ocrx_word' id='word_1_184' title='bbox 826 1401 939 1445; x_wconf 66' lang='grc' dir='ltr'><em>ἔλθω</em></span> <span class='ocrx_word' id='word_1_185' title='bbox 973 1404 1039 1445; x_wconf 76' lang='grc' dir='ltr'>καὶ</span> <span class='ocrx_word' id='word_1_186' title='bbox 1070 1401 1187 1458; x_wconf 77' lang='grc' dir='ltr'><em>λάβω</em></span> <span class='ocrx_word' id='word_1_187' title='bbox 1203 1400 1315 1458; x_wconf 72' lang='grc' dir='ltr'><em>ὑμᾶς</em></span> <span class='ocrx_word' id='word_1_188' title='bbox 1337 1405 1394 1453; x_wconf 81' lang='grc' dir='ltr'>εἰς</span> <span class='ocrx_word' id='word_1_189' title='bbox 1412 1407 1510 1458; x_wconf 82' lang='grc' dir='ltr'><strong><em>γῆν,</em></strong></span> <span class='ocrx_word' id='word_1_190' title='bbox 1550 1401 1606 1454; x_wconf 80' lang='grc' dir='ltr'>ὥς</span> 
     </span>
    </p>
   </div>
   <div class='ocr_carea' id='block_1_4' title="bbox 55 1469 1601 1529">
    <p class='ocr_par' dir='ltr' id='par_1_4' title="bbox 55 1469 1601 1529">
     <span class='ocr_line' id='line_1_21' title="bbox 55 1469 1601 1529; baseline 0.001 -15"><span class='ocrx_word' id='word_1_191' title='bbox 55 1499 57 1502; x_wconf 61' lang='lat'>&lt;</span> <span class='ocrx_word' id='word_1_192' title='bbox 129 1469 158 1528; x_wconf 76' lang='grc' dir='ltr'><strong><em>ἦ</em></strong></span> <span class='ocrx_word' id='word_1_193' title='bbox 197 1475 248 1529; x_wconf 82' lang='grc' dir='ltr'>γῆ</span> <span class='ocrx_word' id='word_1_194' title='bbox 287 1469 427 1526; x_wconf 70' lang='grc' dir='ltr'><strong><em>ὑμῶν,</em></strong></span> <span class='ocrx_word' id='word_1_195' title='bbox 471 1475 523 1527; x_wconf 82' lang='grc' dir='ltr'>γῆ</span> <span class='ocrx_word' id='word_1_196' title='bbox 563 1473 679 1515; x_wconf 85' lang='grc' dir='ltr'><strong><em>σίτου</em></strong></span> <span class='ocrx_word' id='word_1_197' title='bbox 725 1473 792 1514; x_wconf 84' lang='grc' dir='ltr'>καὶ</span> <span class='ocrx_word' id='word_1_198' title='bbox 838 1471 950 1514; x_wconf 75' lang='grc' dir='ltr'><strong><em>οἴνου</em></strong></span> <span class='ocrx_word' id='word_1_199' title='bbox 992 1473 1060 1514; x_wconf 85' lang='grc' dir='ltr'>καὶ</span> <span class='ocrx_word' id='word_1_200' title='bbox 1108 1471 1236 1529; x_wconf 75' lang='grc' dir='ltr'><strong><em>ἄρτου</em></strong></span> <span class='ocrx_word' id='word_1_201' title='bbox 1282 1473 1349 1514; x_wconf 80' lang='grc' dir='ltr'>καὶ</span> <span class='ocrx_word' id='word_1_202' title='bbox 1395 1471 1601 1527; x_wconf 77' lang='grc' dir='ltr'><em>ἀμπέλων.</em></span> 
     </span>
    </p>
   </div>
   <div class='ocr_carea' id='block_1_5' title="bbox 135 1535 1599 1597">
    <p class='ocr_par' dir='ltr' id='par_1_5' title="bbox 135 1535 1599 1597">
     <span class='ocr_line' id='line_1_22' title="bbox 135 1535 1599 1597; baseline -0.001 -14"><span class='ocrx_word' id='word_1_203' title='bbox 135 1540 192 1595; x_wconf 82' lang='grc' dir='ltr'>μὴ</span> <span class='ocrx_word' id='word_1_204' title='bbox 213 1535 286 1584; x_wconf 75' lang='grc' dir='ltr'><strong><em>οὖν</em></strong></span> <span class='ocrx_word' id='word_1_205' title='bbox 301 1538 410 1595; x_wconf 71' lang='grc' dir='ltr'><em>ὑμᾶς</em></span> <span class='ocrx_word' id='word_1_206' title='bbox 429 1538 628 1584; x_wconf 79' lang='grc' dir='ltr'><em>ἀπατάτω</em></span> <span class='ocrx_word' id='word_1_207' title='bbox 647 1540 823 1593; x_wconf 79' lang='grc' dir='ltr'><em>Ἐζεκίας</em></span> <span class='ocrx_word' id='word_1_208' title='bbox 843 1540 982 1596; x_wconf 79' lang='grc' dir='ltr'><em>λέγων,</em></span> <span class='ocrx_word' id='word_1_209' title='bbox 1014 1538 1063 1583; x_wconf 87' lang='grc' dir='ltr'><em>Ὁ</em></span> <span class='ocrx_word' id='word_1_210' title='bbox 1083 1540 1184 1590; x_wconf 84' lang='grc' dir='ltr'>θεὸς</span> <span class='ocrx_word' id='word_1_211' title='bbox 1200 1538 1310 1594; x_wconf 68' lang='grc' dir='ltr'><em>ὑμᾶς</em></span> <span class='ocrx_word' id='word_1_212' title='bbox 1329 1538 1506 1597; x_wconf 80' lang='grc' dir='ltr'>ῥύσεται.</span> <span class='ocrx_word' id='word_1_213' title='bbox 1541 1540 1599 1595; x_wconf 81' lang='grc' dir='ltr'>μὴ</span> 
     </span>
    </p>
   </div>
   <div class='ocr_carea' id='block_1_6' title="bbox 0 1607 1653 1666">
    <p class='ocr_par' dir='ltr' id='par_1_6' title="bbox 0 1607 1653 1666">
     <span class='ocr_line' id='line_1_23' title="bbox 0 1607 1653 1666; baseline -0.004 -10"><span class='ocrx_word' id='word_1_214' title='bbox 0 1634 4 1639; x_wconf 88' lang='grc'><em>·</em></span> <span class='ocrx_word' id='word_1_215' title='bbox 75 1619 123 1656; x_wconf 79' lang='lat'>20</span> <span class='ocrx_word' id='word_1_216' title='bbox 135 1607 356 1666; x_wconf 73' lang='grc' dir='ltr'>ἓῤῥόσαντο</span> <span class='ocrx_word' id='word_1_217' title='bbox 379 1609 418 1652; x_wconf 80' lang='grc' dir='ltr'>οἳ</span> <span class='ocrx_word' id='word_1_218' title='bbox 438 1612 530 1652; x_wconf 83' lang='grc' dir='ltr'><strong><em>θεοὶ</em></strong></span> <span class='ocrx_word' id='word_1_219' title='bbox 543 1614 626 1653; x_wconf 85' lang='grc' dir='ltr'>τῶν</span> <span class='ocrx_word' id='word_1_220' title='bbox 645 1611 781 1653; x_wconf 74' lang='grc' dir='ltr'><strong><em>ἐθνῶν</em></strong></span> <span class='ocrx_word' id='word_1_221' title='bbox 801 1609 970 1658; x_wconf 67' lang='grc' dir='ltr'>ἕκαστος</span> <span class='ocrx_word' id='word_1_222' title='bbox 989 1609 1062 1663; x_wconf 85' lang='grc' dir='ltr'>τὴν</span> <span class='ocrx_word' id='word_1_223' title='bbox 1079 1608 1228 1652; x_wconf 75' lang='grc' dir='ltr'><em>ἑαυτοῦ</em></span> <span class='ocrx_word' id='word_1_224' title='bbox 1244 1607 1387 1664; x_wconf 83' lang='grc' dir='ltr'><strong><em>χώραν</em></strong></span> <span class='ocrx_word' id='word_1_225' title='bbox 1407 1609 1450 1651; x_wconf 78' lang='grc' dir='ltr'>ἐκ</span> <span class='ocrx_word' id='word_1_226' title='bbox 1465 1607 1598 1664; x_wconf 85' lang='grc' dir='ltr'><em>χειρὸς</em></span> <span class='ocrx_word' id='word_1_227' title='bbox 1622 1623 1653 1657; x_wconf 85' lang='lat' dir='ltr'>c</span> 
     </span>
    </p>
   </div>
   <div class='ocr_carea' id='block_1_7' title="bbox 130 1674 1605 1735">
    <p class='ocr_par' dir='ltr' id='par_1_7' title="bbox 130 1674 1605 1735">
     <span class='ocr_line' id='line_1_24' title="bbox 130 1674 1605 1735; baseline -0.001 -15"><span class='ocrx_word' id='word_1_228' title='bbox 130 1677 332 1732; x_wconf 80' lang='grc' dir='ltr'><em>βασιλέως</em></span> <span class='ocrx_word' id='word_1_229' title='bbox 354 1677 605 1735; x_wconf 70' lang='grc' dir='ltr'><strong><em>Ἀσσυρίωνς</em></strong></span> <span class='ocrx_word' id='word_1_230' title='bbox 642 1683 722 1722; x_wconf 75' lang='grc' dir='ltr'>ποῦ</span> <span class='ocrx_word' id='word_1_231' title='bbox 749 1679 858 1721; x_wconf 77' lang='grc' dir='ltr'><strong><em>ἐστιν</em></strong></span> <span class='ocrx_word' id='word_1_232' title='bbox 879 1675 901 1720; x_wconf 82' lang='grc' dir='ltr'><em>ὃ</em></span> <span class='ocrx_word' id='word_1_233' title='bbox 924 1677 1023 1727; x_wconf 82' lang='grc' dir='ltr'>θεὸς</span> <span class='ocrx_word' id='word_1_234' title='bbox 1039 1677 1196 1732; x_wconf 79' lang='grc' dir='ltr'>Αἰθὰμ</span> <span class='ocrx_word' id='word_1_235' title='bbox 1226 1679 1295 1720; x_wconf 79' lang='grc' dir='ltr'>καὶ</span> <span class='ocrx_word' id='word_1_236' title='bbox 1313 1674 1501 1734; x_wconf 52' lang='lat' dir='ltr'>nequid,-</span> <span class='ocrx_word' id='word_1_237' title='bbox 1537 1678 1605 1719; x_wconf 82' lang='grc' dir='ltr'>καὶ</span> 
     </span>
    </p>
   </div>
   <div class='ocr_carea' id='block_1_8' title="bbox 223 1793 1607 2074">
    <p class='ocr_par' dir='ltr' id='par_1_8' title="bbox 223 1793 1607 2074">
     <span class='ocr_line' id='line_1_25' title="bbox 225 1793 1603 1843; baseline -0.001 -10"><span class='ocrx_word' id='word_1_238' title='bbox 225 1798 261 1833; x_wconf 90' lang='grc'>8.</span> <span class='ocrx_word' id='word_1_239' title='bbox 290 1795 341 1842; x_wconf 81' lang='grc' dir='ltr'>μή</span> <span class='ocrx_word' id='word_1_240' title='bbox 366 1794 532 1842; x_wconf 79' lang='grc' dir='ltr'><em>φάγωσι]</em></span> <span class='ocrx_word' id='word_1_241' title='bbox 557 1796 609 1843; x_wconf 82' lang='grc' dir='ltr'>μὴ</span> <span class='ocrx_word' id='word_1_242' title='bbox 634 1809 706 1833; x_wconf 91' lang='lat' dir='ltr'>cum</span> <span class='ocrx_word' id='word_1_243' title='bbox 730 1797 835 1833; x_wconf 80' lang='lat' dir='ltr'>Esaia</span> <span class='ocrx_word' id='word_1_244' title='bbox 857 1797 950 1832; x_wconf 86' lang='lat' dir='ltr'>delet</span> <span class='ocrx_word' id='word_1_245' title='bbox 973 1796 1038 1832; x_wconf 85' lang='lat' dir='ltr'>Ch.</span> <span class='ocrx_word' id='word_1_246' title='bbox 1129 1797 1212 1831; x_wconf 74' lang='lat' dir='ltr'>ibid.</span> <span class='ocrx_word' id='word_1_247' title='bbox 1237 1793 1316 1842; x_wconf 79' lang='grc' dir='ltr'>ἅμα</span> <span class='ocrx_word' id='word_1_248' title='bbox 1339 1795 1474 1839; x_wconf 82' lang='lat' dir='ltr'>Esaias,</span> <span class='ocrx_word' id='word_1_249' title='bbox 1498 1796 1603 1841; x_wconf 83' lang='lat' dir='ltr'>Reg.,</span> 
     </span>
     <span class='ocr_line' id='line_1_26' title="bbox 223 1839 1603 1888; baseline -0.001 -10"><span class='ocrx_word' id='word_1_250' title='bbox 223 1843 302 1886; x_wconf 66' lang='lat' dir='ltr'>ch„</span> <span class='ocrx_word' id='word_1_251' title='bbox 328 1841 402 1887; x_wconf 80' lang='grc' dir='ltr'>ἄρα</span> <span class='ocrx_word' id='word_1_252' title='bbox 425 1844 492 1877; x_wconf 87' lang='lat' dir='ltr'>Ox.</span> <span class='ocrx_word' id='word_1_253' title='bbox 587 1848 639 1880; x_wconf 90' lang='lat'>11.</span> <span class='ocrx_word' id='word_1_254' title='bbox 662 1842 823 1888; x_wconf 76' lang='grc' dir='ltr'>Ἐζεκίας</span> <span class='ocrx_word' id='word_1_255' title='bbox 846 1863 890 1869; x_wconf 89' lang='grc'><strong>-</strong></span> <span class='ocrx_word' id='word_1_256' title='bbox 918 1845 971 1878; x_wconf 77' lang='grc'>12.</span> <span class='ocrx_word' id='word_1_257' title='bbox 996 1841 1142 1888; x_wconf 78' lang='grc' dir='ltr'>ῥύσεται</span> <span class='ocrx_word' id='word_1_258' title='bbox 1165 1839 1264 1887; x_wconf 76' lang='grc' dir='ltr'><em>ὑμᾶς</em></span> <span class='ocrx_word' id='word_1_259' title='bbox 1287 1843 1406 1878; x_wconf 81' lang='lat' dir='ltr'>addidi</span> <span class='ocrx_word' id='word_1_260' title='bbox 1427 1855 1471 1877; x_wconf 87' lang='lat' dir='ltr'>ex</span> <span class='ocrx_word' id='word_1_261' title='bbox 1487 1843 1603 1877; x_wconf 77' lang='lat' dir='ltr'>Esaia.</span> 
     </span>
     <span class='ocr_line' id='line_1_27' title="bbox 225 1889 1601 1935; baseline -0.001 -11"><span class='ocrx_word' id='word_1_262' title='bbox 225 1889 327 1924; x_wconf 81' lang='lat' dir='ltr'>Conf.</span> <span class='ocrx_word' id='word_1_263' title='bbox 347 1890 434 1935; x_wconf 83' lang='lat' dir='ltr'>Reg.</span> <span class='ocrx_word' id='word_1_264' title='bbox 454 1889 515 1926; x_wconf 90' lang='lat' dir='ltr'>IV.</span> <span class='ocrx_word' id='word_1_265' title='bbox 535 1891 587 1925; x_wconf 83' lang='lat'>18.</span> <span class='ocrx_word' id='word_1_266' title='bbox 606 1892 664 1926; x_wconf 78' lang='lat'>29.</span> <span class='ocrx_word' id='word_1_267' title='bbox 710 1892 847 1925; x_wconf 84' lang='lat' dir='ltr'>Partem</span> <span class='ocrx_word' id='word_1_268' title='bbox 868 1891 983 1924; x_wconf 87' lang='lat' dir='ltr'>horum</span> <span class='ocrx_word' id='word_1_269' title='bbox 1009 1900 1073 1935; x_wconf 87' lang='lat' dir='ltr'>per</span> <span class='ocrx_word' id='word_1_270' title='bbox 1094 1889 1338 1935; x_wconf 76' lang='lat' dir='ltr'>negligentiam</span> <span class='ocrx_word' id='word_1_271' title='bbox 1361 1889 1509 1923; x_wconf 85' lang='lat' dir='ltr'>omisisse</span> <span class='ocrx_word' id='word_1_272' title='bbox 1533 1889 1601 1922; x_wconf 89' lang='lat' dir='ltr'>Ox.</span> 
     </span>
     <span class='ocr_line' id='line_1_28' title="bbox 226 1933 1607 1982; baseline -0.001 -12"><span class='ocrx_word' id='word_1_273' title='bbox 226 1935 343 1982; x_wconf 82' lang='lat' dir='ltr'>prodit</span> <span class='ocrx_word' id='word_1_274' title='bbox 365 1937 618 1980; x_wconf 77' lang='lat' dir='ltr'>interpretatio.</span> <span class='ocrx_word' id='word_1_275' title='bbox 758 1938 811 1972; x_wconf 89' lang='lat'>13.</span> <span class='ocrx_word' id='word_1_276' title='bbox 842 1939 962 1981; x_wconf 79' lang='grc' dir='ltr'><strong><em>χεῖρος</em></strong></span> <span class='ocrx_word' id='word_1_277' title='bbox 985 1936 1054 1970; x_wconf 83' lang='lat' dir='ltr'>Ox.</span> <span class='ocrx_word' id='word_1_278' title='bbox 1192 1936 1245 1971; x_wconf 86' lang='lat'>15.</span> <span class='ocrx_word' id='word_1_279' title='bbox 1270 1933 1543 1982; x_wconf 77' lang='grc' dir='ltr'>βουλεύσασθε]</span> <span class='ocrx_word' id='word_1_280' title='bbox 1570 1935 1607 1969; x_wconf 87' lang='grc' dir='ltr'>εἰ</span> 
     </span>
     <span class='ocr_line' id='line_1_29' title="bbox 225 1977 1600 2029; baseline -0.001 -11"><span class='ocrx_word' id='word_1_281' title='bbox 225 1982 406 2029; x_wconf 76' lang='grc' dir='ltr'><em>βούλεσθε</em></span> <span class='ocrx_word' id='word_1_282' title='bbox 437 1980 684 2028; x_wconf 74' lang='grc' dir='ltr'><em>εὐλογηθῆναι</em></span> <span class='ocrx_word' id='word_1_283' title='bbox 713 1983 853 2023; x_wconf 73' lang='lat' dir='ltr'>Esaias,</span> <span class='ocrx_word' id='word_1_284' title='bbox 888 1979 1066 2025; x_wconf 77' lang='grc' dir='ltr'>ποιήσατε</span> <span class='ocrx_word' id='word_1_285' title='bbox 1095 1977 1173 2027; x_wconf 82' lang='grc' dir='ltr'>μετ’</span> <span class='ocrx_word' id='word_1_286' title='bbox 1197 1979 1291 2027; x_wconf 76' lang='grc' dir='ltr'>ἐμοῦ</span> <span class='ocrx_word' id='word_1_287' title='bbox 1321 1979 1488 2027; x_wconf 68' lang='grc' dir='ltr'><em>εὐλογίαν</em></span> <span class='ocrx_word' id='word_1_288' title='bbox 1511 1980 1600 2025; x_wconf 85' lang='lat' dir='ltr'>Reg.</span> 
     </span>
     <span class='ocr_line' id='line_1_30' title="bbox 225 2027 1028 2074; baseline -0.002 -10"><span class='ocrx_word' id='word_1_289' title='bbox 225 2030 280 2065; x_wconf 87' lang='lat'>17.</span> <span class='ocrx_word' id='word_1_290' title='bbox 304 2027 401 2065; x_wconf 76' lang='grc' dir='ltr'><em>ἔλθω</em></span> <span class='ocrx_word' id='word_1_291' title='bbox 425 2029 534 2074; x_wconf 85' lang='lat' dir='ltr'>Reg.,</span> <span class='ocrx_word' id='word_1_292' title='bbox 558 2029 700 2071; x_wconf 81' lang='lat' dir='ltr'>Esaias,</span> <span class='ocrx_word' id='word_1_293' title='bbox 726 2029 811 2071; x_wconf 58' lang='lat' dir='ltr'>Ch„</span> <span class='ocrx_word' id='word_1_294' title='bbox 835 2027 933 2064; x_wconf 77' lang='grc' dir='ltr'><em>θέλω</em></span> <span class='ocrx_word' id='word_1_295' title='bbox 958 2030 1028 2063; x_wconf 90' lang='lat' dir='ltr'>Ox.</span> 
     </span>
    </p>
   </div>
   <div class='ocr_carea' id='block_1_9' title="bbox 133 2130 1603 2910">
    <p class='ocr_par' dir='ltr' id='par_1_9' title="bbox 133 2130 1603 2910">
     <span class='ocr_line' id='line_1_31' title="bbox 133 2130 1602 2177; baseline -0.001 -11"><span class='ocrx_word' id='word_1_296' title='bbox 133 2142 247 2174; x_wconf 86' lang='lat' dir='ltr'>nunc,</span> <span class='ocrx_word' id='word_1_297' title='bbox 276 2142 355 2166; x_wconf 89' lang='lat' dir='ltr'>num</span> <span class='ocrx_word' id='word_1_298' title='bbox 376 2130 449 2166; x_wconf 87' lang='lat' dir='ltr'>sine</span> <span class='ocrx_word' id='word_1_299' title='bbox 470 2130 615 2166; x_wconf 90' lang='lat' dir='ltr'>Domino</span> <span class='ocrx_word' id='word_1_300' title='bbox 641 2131 847 2166; x_wconf 80' lang='lat' dir='ltr'>ascendimus</span> <span class='ocrx_word' id='word_1_301' title='bbox 870 2142 973 2176; x_wconf 77' lang='lat' dir='ltr'>super</span> <span class='ocrx_word' id='word_1_302' title='bbox 993 2130 1167 2175; x_wconf 85' lang='lat' dir='ltr'>regionem</span> <span class='ocrx_word' id='word_1_303' title='bbox 1190 2131 1297 2173; x_wconf 81' lang='lat' dir='ltr'>hanc,</span> <span class='ocrx_word' id='word_1_304' title='bbox 1332 2130 1375 2166; x_wconf 80' lang='lat' dir='ltr'>ad</span> <span class='ocrx_word' id='word_1_305' title='bbox 1401 2140 1602 2177; x_wconf 68' lang='lat' dir='ltr'>oppugnan-</span> 
     </span>
     <span class='ocr_line' id='line_1_32' title="bbox 134 2176 1601 2221; baseline -0.001 -9"><span class='ocrx_word' id='word_1_306' title='bbox 134 2177 213 2212; x_wconf 77' lang='lat' dir='ltr'>dam</span> <span class='ocrx_word' id='word_1_307' title='bbox 237 2178 339 2212; x_wconf 62' lang='lat' dir='ltr'>eam?</span> <span class='ocrx_word' id='word_1_308' title='bbox 387 2178 435 2212; x_wconf 80' lang='lat' dir='ltr'>Et</span> <span class='ocrx_word' id='word_1_309' title='bbox 457 2177 546 2212; x_wconf 80' lang='lat' dir='ltr'>dixit</span> <span class='ocrx_word' id='word_1_310' title='bbox 570 2178 614 2212; x_wconf 86' lang='lat' dir='ltr'>ad</span> <span class='ocrx_word' id='word_1_311' title='bbox 647 2189 722 2212; x_wconf 88' lang='lat' dir='ltr'>eum</span> <span class='ocrx_word' id='word_1_312' title='bbox 755 2176 900 2212; x_wconf 86' lang='lat' dir='ltr'>Eliacim</span> <span class='ocrx_word' id='word_1_313' title='bbox 932 2182 968 2212; x_wconf 86' lang='lat' dir='ltr'>et</span> <span class='ocrx_word' id='word_1_314' title='bbox 997 2177 1138 2212; x_wconf 71' lang='lat' dir='ltr'>Somnus</span> <span class='ocrx_word' id='word_1_315' title='bbox 1171 2181 1207 2213; x_wconf 90' lang='lat' dir='ltr'>et</span> <span class='ocrx_word' id='word_1_316' title='bbox 1237 2178 1338 2212; x_wconf 81' lang='lat' dir='ltr'>Joas:</span> <span class='ocrx_word' id='word_1_317' title='bbox 1373 2178 1532 2221; x_wconf 82' lang='lat' dir='ltr'>Loquere</span> <span class='ocrx_word' id='word_1_318' title='bbox 1556 2176 1601 2210; x_wconf 83' lang='lat' dir='ltr'>ad</span> 
     </span>
     <span class='ocr_line' id='line_1_33' title="bbox 134 2221 1602 2268; baseline -0.002 -10"><span class='ocrx_word' id='word_1_319' title='bbox 134 2235 250 2258; x_wconf 76' lang='lat' dir='ltr'>servos</span> <span class='ocrx_word' id='word_1_320' title='bbox 272 2228 349 2259; x_wconf 85' lang='lat' dir='ltr'>tuos</span> <span class='ocrx_word' id='word_1_321' title='bbox 372 2223 540 2268; x_wconf 79' lang='lat' dir='ltr'>Syriace3</span> <span class='ocrx_word' id='word_1_322' title='bbox 576 2223 791 2268; x_wconf 83' lang='lat' dir='ltr'>intelligimus</span> <span class='ocrx_word' id='word_1_323' title='bbox 814 2223 900 2258; x_wconf 88' lang='lat' dir='ltr'>enim</span> <span class='ocrx_word' id='word_1_324' title='bbox 923 2234 1000 2258; x_wconf 83' lang='lat' dir='ltr'>nos:</span> <span class='ocrx_word' id='word_1_325' title='bbox 1036 2228 1072 2258; x_wconf 87' lang='lat' dir='ltr'>et</span> <span class='ocrx_word' id='word_1_326' title='bbox 1095 2235 1138 2258; x_wconf 87' lang='lat' dir='ltr'>ne</span> <span class='ocrx_word' id='word_1_327' title='bbox 1161 2222 1310 2268; x_wconf 82' lang='lat' dir='ltr'>loquaris</span> <span class='ocrx_word' id='word_1_328' title='bbox 1334 2224 1376 2258; x_wconf 82' lang='lat' dir='ltr'>ad</span> <span class='ocrx_word' id='word_1_329' title='bbox 1399 2234 1460 2257; x_wconf 90' lang='lat' dir='ltr'>nos</span> <span class='ocrx_word' id='word_1_330' title='bbox 1481 2221 1602 2256; x_wconf 81' lang='lat' dir='ltr'>Judai-</span> 
     </span>
     <span class='ocr_line' id='line_1_34' title="bbox 134 2266 1602 2315; baseline -0.003 -11"><span class='ocrx_word' id='word_1_331' title='bbox 134 2281 195 2304; x_wconf 77' lang='lat' dir='ltr'>ce:</span> <span class='ocrx_word' id='word_1_332' title='bbox 235 2274 272 2304; x_wconf 86' lang='lat' dir='ltr'>et</span> <span class='ocrx_word' id='word_1_333' title='bbox 295 2274 336 2304; x_wconf 90' lang='lat' dir='ltr'>ut</span> <span class='ocrx_word' id='word_1_334' title='bbox 367 2270 448 2315; x_wconf 87' lang='lat' dir='ltr'>quid</span> <span class='ocrx_word' id='word_1_335' title='bbox 472 2270 620 2315; x_wconf 85' lang='lat' dir='ltr'>loqueris</span> <span class='ocrx_word' id='word_1_336' title='bbox 653 2269 688 2303; x_wconf 88' lang='lat' dir='ltr'>in</span> <span class='ocrx_word' id='word_1_337' title='bbox 713 2281 811 2303; x_wconf 86' lang='lat' dir='ltr'>aures</span> <span class='ocrx_word' id='word_1_338' title='bbox 843 2268 1011 2304; x_wconf 85' lang='lat' dir='ltr'>hominum</span> <span class='ocrx_word' id='word_1_339' title='bbox 1042 2281 1142 2315; x_wconf 84' lang='lat' dir='ltr'>super</span> <span class='ocrx_word' id='word_1_340' title='bbox 1165 2270 1322 2304; x_wconf 67' lang='lat' dir='ltr'>murum?</span> <span class='ocrx_word' id='word_1_341' title='bbox 1366 2269 1414 2302; x_wconf 89' lang='lat' dir='ltr'>Et</span> <span class='ocrx_word' id='word_1_342' title='bbox 1437 2267 1525 2301; x_wconf 86' lang='lat' dir='ltr'>dixit</span> <span class='ocrx_word' id='word_1_343' title='bbox 1557 2266 1602 2301; x_wconf 83' lang='lat' dir='ltr'>ad</span> 
     </span>
     <span class='ocr_line' id='line_1_35' title="bbox 135 2312 1602 2361; baseline -0.002 -11"><span class='ocrx_word' id='word_1_344' title='bbox 135 2326 196 2350; x_wconf 77' lang='lat' dir='ltr'>eos</span> <span class='ocrx_word' id='word_1_345' title='bbox 218 2315 411 2350; x_wconf 77' lang='lat' dir='ltr'>Rabsaces=</span> <span class='ocrx_word' id='word_1_346' title='bbox 453 2315 627 2361; x_wconf 84' lang='lat' dir='ltr'>Numquid</span> <span class='ocrx_word' id='word_1_347' title='bbox 652 2315 696 2350; x_wconf 84' lang='lat' dir='ltr'>ad</span> <span class='ocrx_word' id='word_1_348' title='bbox 718 2315 895 2349; x_wconf 88' lang='lat' dir='ltr'>Dominum</span> <span class='ocrx_word' id='word_1_349' title='bbox 915 2321 1082 2357; x_wconf 83' lang='lat' dir='ltr'>vestrum,</span> <span class='ocrx_word' id='word_1_350' title='bbox 1115 2316 1172 2350; x_wconf 85' lang='lat' dir='ltr'>vel</span> <span class='ocrx_word' id='word_1_351' title='bbox 1194 2315 1238 2349; x_wconf 79' lang='lat' dir='ltr'>ad</span> <span class='ocrx_word' id='word_1_352' title='bbox 1260 2326 1320 2349; x_wconf 87' lang='lat' dir='ltr'>vos</span> <span class='ocrx_word' id='word_1_353' title='bbox 1343 2313 1432 2348; x_wconf 82' lang='lat' dir='ltr'>misit</span> <span class='ocrx_word' id='word_1_354' title='bbox 1454 2324 1507 2347; x_wconf 86' lang='lat' dir='ltr'>me</span> <span class='ocrx_word' id='word_1_355' title='bbox 1527 2312 1602 2347; x_wconf 90' lang='lat' dir='ltr'>Do-</span> 
     </span>
     <span class='ocr_line' id='line_1_36' title="bbox 133 2359 1602 2407; baseline -0.003 -12"><span class='ocrx_word' id='word_1_356' title='bbox 133 2359 241 2395; x_wconf 80' lang='lat' dir='ltr'>minus</span> <span class='ocrx_word' id='word_1_357' title='bbox 263 2372 379 2402; x_wconf 86' lang='lat' dir='ltr'>meus,</span> <span class='ocrx_word' id='word_1_358' title='bbox 402 2361 497 2406; x_wconf 90' lang='lat' dir='ltr'>loqui</span> <span class='ocrx_word' id='word_1_359' title='bbox 520 2363 629 2395; x_wconf 83' lang='lat' dir='ltr'>verba</span> <span class='ocrx_word' id='word_1_360' title='bbox 653 2362 766 2396; x_wconf 64' lang='lat' dir='ltr'>haec?</span> <span class='ocrx_word' id='word_1_361' title='bbox 788 2372 896 2395; x_wconf 90' lang='lat' dir='ltr'>nonne</span> <span class='ocrx_word' id='word_1_362' title='bbox 919 2362 963 2396; x_wconf 80' lang='lat' dir='ltr'>ad</span> <span class='ocrx_word' id='word_1_363' title='bbox 987 2361 1158 2403; x_wconf 83' lang='lat' dir='ltr'>homines,</span> <span class='ocrx_word' id='word_1_364' title='bbox 1181 2361 1239 2407; x_wconf 91' lang='lat' dir='ltr'>qui</span> <span class='ocrx_word' id='word_1_365' title='bbox 1262 2360 1382 2395; x_wconf 81' lang='lat' dir='ltr'>sedent</span> <span class='ocrx_word' id='word_1_366' title='bbox 1404 2370 1505 2404; x_wconf 89' lang='lat' dir='ltr'>super</span> <span class='ocrx_word' id='word_1_367' title='bbox 1529 2369 1602 2392; x_wconf 91' lang='lat' dir='ltr'>mu-</span> 
     </span>
     <span class='ocr_line' id='line_1_37' title="bbox 134 2403 1600 2452; baseline -0.003 -12"><span class='ocrx_word' id='word_1_368' title='bbox 134 2415 231 2449; x_wconf 81' lang='lat' dir='ltr'>rum,</span> <span class='ocrx_word' id='word_1_369' title='bbox 253 2411 292 2440; x_wconf 82' lang='lat' dir='ltr'>ut</span> <span class='ocrx_word' id='word_1_370' title='bbox 316 2408 400 2452; x_wconf 88' lang='lat' dir='ltr'>[ne]</span> <span class='ocrx_word' id='word_1_371' title='bbox 426 2408 603 2442; x_wconf 80' lang='lat' dir='ltr'>comedant</span> <span class='ocrx_word' id='word_1_372' title='bbox 619 2413 748 2442; x_wconf 86' lang='lat' dir='ltr'>stercus</span> <span class='ocrx_word' id='word_1_373' title='bbox 770 2412 807 2441; x_wconf 87' lang='lat' dir='ltr'>et</span> <span class='ocrx_word' id='word_1_374' title='bbox 830 2407 948 2442; x_wconf 80' lang='lat' dir='ltr'>bibant</span> <span class='ocrx_word' id='word_1_375' title='bbox 964 2407 1093 2441; x_wconf 80' lang='lat' dir='ltr'>urinam</span> <span class='ocrx_word' id='word_1_376' title='bbox 1112 2407 1302 2442; x_wconf 81' lang='lat' dir='ltr'>vobiscum:</span> <span class='ocrx_word' id='word_1_377' title='bbox 1335 2410 1371 2440; x_wconf 85' lang='lat' dir='ltr'>et</span> <span class='ocrx_word' id='word_1_378' title='bbox 1390 2403 1486 2438; x_wconf 81' lang='lat' dir='ltr'>stetit</span> <span class='ocrx_word' id='word_1_379' title='bbox 1503 2403 1600 2437; x_wconf 78' lang='lat' dir='ltr'>Rab-</span> 
     </span>
     <span class='ocr_line' id='line_1_38' title="bbox 137 2449 1602 2497; baseline -0.003 -10"><span class='ocrx_word' id='word_1_380' title='bbox 137 2461 252 2494; x_wconf 67' lang='lat' dir='ltr'>snces,</span> <span class='ocrx_word' id='word_1_381' title='bbox 275 2457 312 2487; x_wconf 86' lang='lat' dir='ltr'>et</span> <span class='ocrx_word' id='word_1_382' title='bbox 335 2453 540 2488; x_wconf 81' lang='lat' dir='ltr'>exclamavit</span> <span class='ocrx_word' id='word_1_383' title='bbox 562 2464 649 2488; x_wconf 83' lang='lat' dir='ltr'>voce</span> <span class='ocrx_word' id='word_1_384' title='bbox 672 2464 794 2497; x_wconf 81' lang='lat' dir='ltr'>magna</span> <span class='ocrx_word' id='word_1_385' title='bbox 815 2453 976 2496; x_wconf 60' lang='lat' dir='ltr'>Judffice,</span> <span class='ocrx_word' id='word_1_386' title='bbox 1011 2458 1046 2487; x_wconf 87' lang='lat' dir='ltr'>et</span> <span class='ocrx_word' id='word_1_387' title='bbox 1068 2453 1167 2488; x_wconf 85' lang='lat' dir='ltr'>dixit.</span> <span class='ocrx_word' id='word_1_388' title='bbox 1212 2451 1338 2486; x_wconf 80' lang='lat' dir='ltr'>Audite</span> <span class='ocrx_word' id='word_1_389' title='bbox 1358 2451 1464 2484; x_wconf 78' lang='lat' dir='ltr'>verba</span> <span class='ocrx_word' id='word_1_390' title='bbox 1487 2449 1602 2493; x_wconf 82' lang='lat' dir='ltr'>magni</span> 
     </span>
     <span class='ocr_line' id='line_1_39' title="bbox 136 2495 1601 2544; baseline -0.003 -13"><span class='ocrx_word' id='word_1_391' title='bbox 136 2497 230 2542; x_wconf 63' lang='lat' dir='ltr'>regis</span> <span class='ocrx_word' id='word_1_392' title='bbox 250 2498 478 2544; x_wconf 77' lang='lat' dir='ltr'>Assyriorum.</span> <span class='ocrx_word' id='word_1_393' title='bbox 527 2499 607 2534; x_wconf 92' lang='lat' dir='ltr'>Non</span> <span class='ocrx_word' id='word_1_394' title='bbox 630 2499 773 2534; x_wconf 80' lang='lat' dir='ltr'>seducat</span> <span class='ocrx_word' id='word_1_395' title='bbox 803 2511 862 2533; x_wconf 82' lang='lat' dir='ltr'>vos</span> <span class='ocrx_word' id='word_1_396' title='bbox 885 2498 1071 2540; x_wconf 77' lang='lat' dir='ltr'>Ezechias3</span> <span class='ocrx_word' id='word_1_397' title='bbox 1110 2497 1192 2544; x_wconf 88' lang='lat' dir='ltr'>quia</span> <span class='ocrx_word' id='word_1_398' title='bbox 1215 2502 1312 2531; x_wconf 87' lang='lat' dir='ltr'>eruet</span> <span class='ocrx_word' id='word_1_399' title='bbox 1335 2507 1395 2531; x_wconf 86' lang='lat' dir='ltr'>vos</span> <span class='ocrx_word' id='word_1_400' title='bbox 1417 2495 1528 2537; x_wconf 86' lang='lat' dir='ltr'>Deus,</span> <span class='ocrx_word' id='word_1_401' title='bbox 1565 2499 1601 2528; x_wconf 90' lang='lat' dir='ltr'>et</span> 
     </span>
     <span class='ocr_line' id='line_1_40' title="bbox 136 2539 1602 2590; baseline -0.001 -15"><span class='ocrx_word' id='word_1_402' title='bbox 136 2553 205 2576; x_wconf 84' lang='lat' dir='ltr'>non</span> <span class='ocrx_word' id='word_1_403' title='bbox 226 2544 382 2579; x_wconf 73' lang='lat' dir='ltr'>tradetur</span> <span class='ocrx_word' id='word_1_404' title='bbox 405 2545 528 2580; x_wconf 83' lang='lat' dir='ltr'>civitas</span> <span class='ocrx_word' id='word_1_405' title='bbox 550 2546 636 2580; x_wconf 83' lang='lat' dir='ltr'>haec</span> <span class='ocrx_word' id='word_1_406' title='bbox 658 2544 693 2579; x_wconf 86' lang='lat' dir='ltr'>in</span> <span class='ocrx_word' id='word_1_407' title='bbox 716 2556 831 2579; x_wconf 86' lang='lat' dir='ltr'>manus</span> <span class='ocrx_word' id='word_1_408' title='bbox 853 2544 944 2590; x_wconf 82' lang='lat' dir='ltr'>regis</span> <span class='ocrx_word' id='word_1_409' title='bbox 959 2545 1183 2589; x_wconf 84' lang='lat' dir='ltr'>Assyriorum.</span> <span class='ocrx_word' id='word_1_410' title='bbox 1229 2542 1348 2576; x_wconf 85' lang='lat' dir='ltr'>Nolite</span> <span class='ocrx_word' id='word_1_411' title='bbox 1370 2540 1492 2575; x_wconf 82' lang='lat' dir='ltr'>audire</span> <span class='ocrx_word' id='word_1_412' title='bbox 1509 2539 1602 2574; x_wconf 80' lang='lat' dir='ltr'>Eze-</span> 
     </span>
     <span class='ocr_line' id='line_1_41' title="bbox 137 2585 1602 2636; baseline -0.002 -15"><span class='ocrx_word' id='word_1_413' title='bbox 137 2587 272 2623; x_wconf 76' lang='lat' dir='ltr'>chiam</span> <span class='ocrx_word' id='word_1_414' title='bbox 305 2589 404 2624; x_wconf 81' lang='lat' dir='ltr'>Haec</span> <span class='ocrx_word' id='word_1_415' title='bbox 427 2590 510 2625; x_wconf 86' lang='lat' dir='ltr'>dicit</span> <span class='ocrx_word' id='word_1_416' title='bbox 532 2603 596 2626; x_wconf 87' lang='lat' dir='ltr'>rex</span> <span class='ocrx_word' id='word_1_417' title='bbox 618 2591 846 2636; x_wconf 79' lang='lat' dir='ltr'>Assyriorum:</span> <span class='ocrx_word' id='word_1_418' title='bbox 881 2591 1086 2632; x_wconf 83' lang='lat' dir='ltr'>consultate,</span> <span class='ocrx_word' id='word_1_419' title='bbox 1111 2597 1150 2624; x_wconf 88' lang='lat' dir='ltr'>ut</span> <span class='ocrx_word' id='word_1_420' title='bbox 1173 2587 1311 2623; x_wconf 89' lang='lat' dir='ltr'>foelices</span> <span class='ocrx_word' id='word_1_421' title='bbox 1334 2586 1424 2621; x_wconf 82' lang='lat' dir='ltr'>sitis:</span> <span class='ocrx_word' id='word_1_422' title='bbox 1462 2597 1482 2620; x_wconf 87' lang='lat' dir='ltr'>e</span> <span class='ocrx_word' id='word_1_423' title='bbox 1527 2585 1602 2619; x_wconf 84' lang='lat' dir='ltr'>edi-</span> 
     </span>
     <span class='ocr_line' id='line_1_42' title="bbox 135 2631 1602 2683; baseline -0.002 -15"><span class='ocrx_word' id='word_1_424' title='bbox 135 2633 216 2668; x_wconf 86' lang='lat' dir='ltr'>mini</span> <span class='ocrx_word' id='word_1_425' title='bbox 249 2633 294 2668; x_wconf 79' lang='lat' dir='ltr'>ad</span> <span class='ocrx_word' id='word_1_426' title='bbox 315 2646 389 2677; x_wconf 86' lang='lat' dir='ltr'>me,</span> <span class='ocrx_word' id='word_1_427' title='bbox 426 2640 463 2670; x_wconf 87' lang='lat' dir='ltr'>et</span> <span class='ocrx_word' id='word_1_428' title='bbox 484 2637 651 2672; x_wconf 86' lang='lat' dir='ltr'>comedite</span> <span class='ocrx_word' id='word_1_429' title='bbox 681 2638 823 2683; x_wconf 88' lang='lat' dir='ltr'>quisque</span> <span class='ocrx_word' id='word_1_430' title='bbox 852 2637 956 2672; x_wconf 87' lang='lat' dir='ltr'>vitem</span> <span class='ocrx_word' id='word_1_431' title='bbox 987 2647 1079 2670; x_wconf 82' lang='lat' dir='ltr'>suam</span> <span class='ocrx_word' id='word_1_432' title='bbox 1115 2641 1151 2670; x_wconf 89' lang='lat' dir='ltr'>et</span> <span class='ocrx_word' id='word_1_433' title='bbox 1187 2635 1271 2668; x_wconf 86' lang='lat' dir='ltr'>ficus</span> <span class='ocrx_word' id='word_1_434' title='bbox 1303 2643 1398 2667; x_wconf 83' lang='lat' dir='ltr'>suas=</span> <span class='ocrx_word' id='word_1_435' title='bbox 1434 2636 1471 2666; x_wconf 88' lang='lat' dir='ltr'>et</span> <span class='ocrx_word' id='word_1_436' title='bbox 1518 2631 1602 2666; x_wconf 85' lang='lat' dir='ltr'>ibite</span> 
     </span>
     <span class='ocr_line' id='line_1_43' title="bbox 137 2676 1600 2729; baseline -0.002 -16"><span class='ocrx_word' id='word_1_437' title='bbox 137 2690 259 2724; x_wconf 77' lang='lat' dir='ltr'>aquam</span> <span class='ocrx_word' id='word_1_438' title='bbox 282 2679 326 2714; x_wconf 80' lang='lat' dir='ltr'>de</span> <span class='ocrx_word' id='word_1_439' title='bbox 349 2680 496 2716; x_wconf 83' lang='lat' dir='ltr'>cisterna</span> <span class='ocrx_word' id='word_1_440' title='bbox 519 2690 656 2725; x_wconf 58' lang='lat' dir='ltr'>vestran</span> <span class='ocrx_word' id='word_1_441' title='bbox 693 2683 914 2729; x_wconf 82' lang='lat' dir='ltr'>quoadusque</span> <span class='ocrx_word' id='word_1_442' title='bbox 937 2682 1092 2724; x_wconf 79' lang='lat' dir='ltr'>veniam,</span> <span class='ocrx_word' id='word_1_443' title='bbox 1116 2685 1151 2715; x_wconf 87' lang='lat' dir='ltr'>et</span> <span class='ocrx_word' id='word_1_444' title='bbox 1175 2679 1295 2713; x_wconf 78' lang='lat' dir='ltr'>ducam</span> <span class='ocrx_word' id='word_1_445' title='bbox 1317 2689 1379 2712; x_wconf 80' lang='lat' dir='ltr'>vos</span> <span class='ocrx_word' id='word_1_446' title='bbox 1400 2676 1437 2711; x_wconf 81' lang='lat' dir='ltr'>in</span> <span class='ocrx_word' id='word_1_447' title='bbox 1459 2681 1600 2718; x_wconf 81' lang='lat' dir='ltr'>terram,</span> 
     </span>
     <span class='ocr_line' id='line_1_44' title="bbox 137 2722 1600 2770; baseline -0.002 -11"><span class='ocrx_word' id='word_1_448' title='bbox 137 2735 227 2770; x_wconf 83' lang='lat' dir='ltr'>quae</span> <span class='ocrx_word' id='word_1_449' title='bbox 249 2729 300 2759; x_wconf 87' lang='lat' dir='ltr'>est</span> <span class='ocrx_word' id='word_1_450' title='bbox 322 2725 411 2760; x_wconf 82' lang='lat' dir='ltr'>sicut</span> <span class='ocrx_word' id='word_1_451' title='bbox 432 2730 526 2763; x_wconf 79' lang='lat' dir='ltr'>terra</span> <span class='ocrx_word' id='word_1_452' title='bbox 548 2734 680 2770; x_wconf 80' lang='lat' dir='ltr'>vestra,</span> <span class='ocrx_word' id='word_1_453' title='bbox 715 2733 810 2764; x_wconf 77' lang='lat' dir='ltr'>terra</span> <span class='ocrx_word' id='word_1_454' title='bbox 842 2727 1003 2764; x_wconf 87' lang='lat' dir='ltr'>frumenti</span> <span class='ocrx_word' id='word_1_455' title='bbox 1038 2731 1074 2762; x_wconf 88' lang='lat' dir='ltr'>et</span> <span class='ocrx_word' id='word_1_456' title='bbox 1106 2726 1177 2760; x_wconf 87' lang='lat' dir='ltr'>vini</span> <span class='ocrx_word' id='word_1_457' title='bbox 1208 2729 1244 2760; x_wconf 85' lang='lat' dir='ltr'>et</span> <span class='ocrx_word' id='word_1_458' title='bbox 1276 2723 1371 2770; x_wconf 82' lang='lat' dir='ltr'>panis</span> <span class='ocrx_word' id='word_1_459' title='bbox 1402 2726 1440 2757; x_wconf 84' lang='lat' dir='ltr'>et</span> <span class='ocrx_word' id='word_1_460' title='bbox 1470 2722 1600 2757; x_wconf 82' lang='lat' dir='ltr'>vitium.</span> 
     </span>
     <span class='ocr_line' id='line_1_45' title="bbox 136 2767 1601 2817; baseline -0.002 -12"><span class='ocrx_word' id='word_1_461' title='bbox 136 2769 195 2805; x_wconf 80' lang='lat' dir='ltr'>Ne</span> <span class='ocrx_word' id='word_1_462' title='bbox 216 2770 358 2805; x_wconf 81' lang='lat' dir='ltr'>seducat</span> <span class='ocrx_word' id='word_1_463' title='bbox 380 2770 489 2816; x_wconf 71' lang='lat' dir='ltr'>igitur</span> <span class='ocrx_word' id='word_1_464' title='bbox 511 2784 572 2809; x_wconf 87' lang='lat' dir='ltr'>vos</span> <span class='ocrx_word' id='word_1_465' title='bbox 594 2775 783 2817; x_wconf 81' lang='lat' dir='ltr'>Ezechias,</span> <span class='ocrx_word' id='word_1_466' title='bbox 822 2774 955 2809; x_wconf 80' lang='lat' dir='ltr'>dicens:</span> <span class='ocrx_word' id='word_1_467' title='bbox 998 2773 1092 2806; x_wconf 85' lang='lat' dir='ltr'>Deus</span> <span class='ocrx_word' id='word_1_468' title='bbox 1115 2770 1277 2806; x_wconf 78' lang='lat' dir='ltr'>liberabit</span> <span class='ocrx_word' id='word_1_469' title='bbox 1299 2780 1370 2804; x_wconf 76' lang='lat' dir='ltr'>vos.</span> <span class='ocrx_word' id='word_1_470' title='bbox 1425 2767 1601 2814; x_wconf 86' lang='lat' dir='ltr'>Numquid</span> 
     </span>
     <span class='ocr_line' id='line_1_46' title="bbox 135 2814 1603 2865; baseline 0.007 -15"><span class='ocrx_word' id='word_1_471' title='bbox 135 2815 372 2852; x_wconf 77' lang='lat' dir='ltr'>liberaverunt</span> <span class='ocrx_word' id='word_1_472' title='bbox 394 2817 452 2851; x_wconf 87' lang='lat' dir='ltr'>Dii</span> <span class='ocrx_word' id='word_1_473' title='bbox 474 2820 624 2862; x_wconf 86' lang='lat' dir='ltr'>gentium</span> <span class='ocrx_word' id='word_1_474' title='bbox 646 2820 874 2865; x_wconf 84' lang='lat' dir='ltr'>unusquisque</span> <span class='ocrx_word' id='word_1_475' title='bbox 899 2818 1070 2863; x_wconf 84' lang='lat' dir='ltr'>regionem</span> <span class='ocrx_word' id='word_1_476' title='bbox 1093 2829 1204 2858; x_wconf 70' lang='lat' dir='ltr'>suam,</span> <span class='ocrx_word' id='word_1_477' title='bbox 1236 2816 1280 2850; x_wconf 69' lang='lat' dir='ltr'>de</span> <span class='ocrx_word' id='word_1_478' title='bbox 1302 2825 1403 2850; x_wconf 63' lang='lat' dir='ltr'><strong>manu</strong></span> <span class='ocrx_word' id='word_1_479' title='bbox 1424 2814 1515 2859; x_wconf 53' lang='lat' dir='ltr'>¹⁸08ss</span> <span class='ocrx_word' id='word_1_480' title='bbox 1538 2816 1603 2848; x_wconf 68' lang='lat' dir='ltr'>As·</span> 
     </span>
     <span class='ocr_line' id='line_1_47' title="bbox 136 2860 1599 2910; baseline -0.003 -13"><span class='ocrx_word' id='word_1_481' title='bbox 136 2861 331 2908; x_wconf 68' lang='lat' dir='ltr'>syriorum?</span> <span class='ocrx_word' id='word_1_482' title='bbox 377 2862 448 2896; x_wconf 89' lang='lat' dir='ltr'>Ubi</span> <span class='ocrx_word' id='word_1_483' title='bbox 470 2869 523 2898; x_wconf 73' lang='lat' dir='ltr'>est</span> <span class='ocrx_word' id='word_1_484' title='bbox 543 2864 639 2901; x_wconf 81' lang='lat' dir='ltr'>Deus</span> <span class='ocrx_word' id='word_1_485' title='bbox 662 2866 805 2901; x_wconf 68' lang='lat' dir='ltr'>Aetnam</span> <span class='ocrx_word' id='word_1_486' title='bbox 829 2870 867 2901; x_wconf 86' lang='lat' dir='ltr'>et</span> <span class='ocrx_word' id='word_1_487' title='bbox 889 2862 1062 2910; x_wconf 63' lang='lat' dir='ltr'>Arphad‘k</span> <span class='ocrx_word' id='word_1_488' title='bbox 1098 2867 1136 2898; x_wconf 87' lang='lat' dir='ltr'>et</span> <span class='ocrx_word' id='word_1_489' title='bbox 1156 2861 1216 2897; x_wconf 85' lang='lat' dir='ltr'>ubi</span> <span class='ocrx_word' id='word_1_490' title='bbox 1239 2866 1291 2896; x_wconf 84' lang='lat' dir='ltr'>est</span> <span class='ocrx_word' id='word_1_491' title='bbox 1312 2860 1407 2896; x_wconf 86' lang='lat' dir='ltr'>Deus</span> <span class='ocrx_word' id='word_1_492' title='bbox 1441 2861 1599 2907; x_wconf 74' lang='lat' dir='ltr'>Sepharo</span> 
     </span>
    </p>
   </div>
   <div class='ocr_carea' id='block_1_10' title="bbox 195 2912 1323 2951">
    <p class='ocr_par' dir='ltr' id='par_1_10' title="bbox 195 2912 1323 2951">
     <span class='ocr_line' id='line_1_48' title="bbox 195 2912 1323 2951; baseline 0.001 -2"><span class='ocrx_word' id='word_1_493' title='bbox 195 2915 340 2949; x_wconf 79' lang='lat' dir='ltr'>loannes</span> <span class='ocrx_word' id='word_1_494' title='bbox 377 2914 546 2951; x_wconf 74' lang='lat' dir='ltr'>Malatas.</span> <span class='ocrx_word' id='word_1_495' title='bbox 1113 2916 1121 2926; x_wconf 93' lang='grc'><em>“</em></span> <span class='ocrx_word' id='word_1_496' title='bbox 1272 2912 1323 2950; x_wconf 90' lang='grc'>10</span> 
     </span>
    </p>
   </div>
  </div>
 </body>
</html>
