1838 3230
434 152 1069 201 CHRONOGRAPHIA.
1127 151 1175 196 L.
1207 151 1260 197 V.
1488 155 1588 203 139

112 273 273 334 πλάτην
305 273 435 321 auito&
468 274 543 320 τὸν
574 273 704 326 δεξιὸν
737 272 817 318 εἶδε
846 274 895 318 τὸ
923 270 1151 318 Πελόπειαν
1189 269 1404 329 σύσσημον
1441 269 1588 328 ἔχοντα

113 343 264 390 αὐτόν·
300 347 369 389 καὶ
394 341 686 402 περιεπτύξατο
715 343 788 387 τὸν
808 343 1020 401 Ὀρέστην,
1059 345 1125 387 καὶ
1146 343 1347 387 ἐκέλευσεν
1363 343 1587 399 ἅνενεχθῆ-
1610 356 1642 392 c

113 432 182 460 ναι
199 414 254 459 τὰ
271 418 397 459 πλοῖα
417 415 474 466 εἰς
495 413 570 470 τὴν
588 417 664 470 γῆν
684 414 752 456 καὶ
771 412 870 464 τούς
889 413 932 457 ἐν
956 413 1097 464 αὐτοῖς
1113 410 1267 464 ναύτας
1279 426 1290 437 ·
1325 413 1395 456 καὶ
1411 410 1590 470 νεωλκή-

113 499 260 535 σαντες
280 482 388 528 αὐτὰ
404 482 565 538 ἔμειναν
584 481 657 526 τὸν
674 486 867 538 χειμῶνα.

81 565 105 602 5
220 557 310 598 Τοῦ
327 553 373 603 δὲ
390 551 545 609 θέρους
562 550 918 609 καταφθάσαντος
927 584 940 604 ,
977 549 1054 607 τὴν
1068 548 1299 607 Ἰφιγένειαν
1333 551 1402 594 καὶ
1429 550 1476 595 τὸ
1495 547 1591 595 ‹526-

111 638 270 678 χρυσον
287 621 452 679 ἄγαλμα
470 625 546 677 τῆς
561 620 799 678 ,Ἀρτέμιδος
822 619 966 681 λάθρᾳ
996 616 1221 675 λαμβάνων
1246 617 1268 663 ὃ
1292 619 1488 678 Ὀρέστης
1521 622 1591 664 καὶ

115 688 138 734 ὃ
165 689 371 748 Πυλάδης
403 690 553 749 ἔφυγον
580 690 649 733 διὰ
678 684 735 733 ὧν
752 688 859 745 εἶχον
878 692 993 733 ἰδίων
1011 690 1183 733 πλοίων·
1219 690 1288 732 καὶ
1307 689 1588 747 ἀντεπέρασαν
1608 705 1644 742 0
1670 707 1736 744 177

115 761 180 804 ἐπὶ
199 760 274 815 τὴν
287 758 431 818 χώραν
460 764 543 803 τῶν
565 759 831 815 Ἀδιαβηνῶν.
904 758 1093 802 κάκεῖθεν
1113 753 1247 813 ἦλθον
1272 760 1329 809 εἷς
1349 759 1424 814 τὴν
1441 759 1592 803 ἀνατο-

114 829 190 885 λὴν
209 829 267 880 εἷς
285 829 334 873 τὸ
354 828 638 887 Σαρακηνικόν
657 830 838 883 λίμιτον·
875 829 943 871 καὶ
975 827 1159 883 ἀνῆλθον
1187 829 1244 877 εἷς
1264 827 1339 883 τὴν
1355 826 1499 886 χώραν
1518 833 1594 885 τῆς

58 899 401 955 1οΠαλαιστίνης
443 899 507 941 ἐπὶ
544 898 619 953 τὴν
659 898 909 955 Τρικωμίαν.
980 898 1049 940 καὶ
1086 895 1409 954 προσεσχηκότες
1447 898 1486 941 οἱ
1517 903 1592 954 τῆς

118 967 358 1025 Τρικωμίας
389 967 436 1011 τὸ
469 966 670 1024 ἱερατικὸν
698 971 772 1022 τῆς
796 967 1029 1025 Ἰφιγενείας
1056 970 1217 1021 σχῆμα,
1256 966 1444 1016 ἐδέξαντο
1465 966 1594 1023 αὐτὴν

116 1036 159 1080 ἓν
187 1041 310 1095 τιμῇ·
347 1038 415 1079 καὶ
446 1036 650 1094 διέτριβον
683 1037 783 1089 ἐκεῖ,
820 1041 895 1080 τοῦ
925 1035 1120 1093 Ὀρέστου
1149 1034 1384 1092 ληφθέντος
1412 1036 1497 1079 ἐκεῖ
1523 1038 1591 1079 καὶ
1613 1051 1647 1088 1)

115 1106 379 1161 μαινομένου.
450 1107 660 1156 κτίσαντες
687 1106 733 1148 δὲ
754 1105 794 1149 οἶ
819 1110 1073 1163 Τρικωμῖται
1095 1104 1203 1162 ἱερὸν
1218 1104 1453 1162 Ἀρτέμιδος
1471 1106 1590 1162 μέγα,

117 1173 401 1233 παρεκάλεσαν
420 1173 495 1230 τὴν
517 1175 750 1232 Ἰφιγένειαν
777 1172 979 1225 θυσιάσαι
998 1173 1202 1232 Ἀρτέμιδι
1220 1172 1346 1231 κόρην
1364 1175 1591 1231 παρθένον,

62 1252 108 1288 15
120 1246 188 1287 καὶ
206 1243 254 1288 τὸ
282 1243 414 1299 ὄνομα
443 1243 571 1299 αὐτῆς
599 1245 800 1287 ἐπιθεῖναι
830 1248 882 1302 τῇ
910 1241 1052 1302 κώμῃ·
1086 1241 1230 1298 ἥντινα
1261 1241 1388 1301 κόρην
1422 1242 1595 1300 ὀνόματι

115 1311 291 1357 Νύσσαν
324 1310 652 1370 προσαγαγόντες
687 1313 794 1371 αὐτῇ
828 1314 1023 1368 ἐποίησαν
1053 1313 1209 1356 θυσίαν
1239 1312 1458 1370 Ἀρτέμιδι.
1522 1315 1592 1357 καὶ

116 1380 359 1438 ποιήσαντες
374 1386 449 1437 τῆς
459 1383 788 1440 σφαγιασθείσης
806 1380 930 1439 κόρης
947 1379 1100 1438 στήλην
1115 1385 1276 1438 χαλκῆν
1294 1384 1478 1437 τυχαιάς,
1499 1381 1594 1426 ἐκά-

117 1454 207 1495 λεσε
226 1450 303 1506 τὴν
329 1449 446 1495 πόλιν
480 1451 556 1507 τὴν
584 1449 728 1510 πρῴην
757 1447 884 1495 οὖσαν
916 1449 1058 1519 κώμην
1091 1449 1210 1495 πόλιν
1239 1448 1416 1497 Nisam
1443 1450 1467 1507 ἦ
1495 1452 1597 1509 Ἰφι-

117 1520 248 1577 γένεια
282 1522 339 1571 εἷς
370 1519 503 1575 ὄνομα
531 1525 607 1576 τῆς
621 1518 690 1564 ὕπ’
715 1519 844 1576 αὐτῆς
860 1519 1191 1578 σφαγιασθείσης
1210 1517 1349 1577 κόρης,
1386 1519 1597 1576 ποιήσασα

61 1589 226 1647 Ξοαῦτῇ
248 1591 316 1632 καὶ
335 1587 506 1645 βωμόν,
543 1590 586 1633 ἐν
609 1583 643 1649 ᾧ
667 1589 870 1646 ἐπέγραψε
891 1594 1024 1633 ταῦτα
1037 1603 1047 1614 ·
1086 1589 1199 1639 Τοῦς
1219 1590 1262 1631 ἐκ
1286 1590 1475 1644 Σκυθίης
1495 1587 1596 1647 φεύ-

117 1675 266 1714 γοντας
283 1658 478 1714 δέχνυσο,
513 1658 596 1702 θεοὶ
615 1656 701 1703 πόα
720 1656 886 1703 Νύσσα.
957 1656 1076 1702 ἅτινα
1096 1657 1172 1708 ἕως
1188 1662 1260 1701 νῦν
1281 1657 1558 1716 ἐγγέγραπται.

211 1803 247 1839 1.
270 1799 358 1846 τὸν]
381 1798 425 1838 τὸ
448 1801 531 1843 Ox.‚
553 1801 623 1847 τὴν
643 1821 688 1827 -
711 1800 779 1848 τὴν
803 1800 929 1845 δεξιὰν
953 1800 1019 1838 Ch.
1098 1802 1134 1836 9.
1157 1801 1322 1846 λίμιτον]
1347 1801 1501 1846 λίμητον
1523 1803 1593 1837 ΟΧ.

214 1848 272 1884 15.
305 1846 515 1893 ἐπιθεῖναι]
550 1846 730 1893 ἐπιθῆνοιι
763 1848 832 1883 Ox·
926 1849 980 1886 17.
1015 1849 1170 1893 τυχαίας
1202 1848 1358 1894 Toupius
1391 1848 1535 1883 Emend.
1558 1848 1594 1883 in

212 1894 366 1940 Hesych.
391 1894 461 1929 vol.
483 1893 548 1929 111.
570 1907 606 1942 p.
631 1894 710 1932 475.
725 1920 736 1938 ,
759 1893 890 1939 τυχέας
913 1894 983 1929 Ox.
1075 1895 1133 1930 21.
1155 1891 1257 1941 πόᾳ]
1281 1892 1358 1930 πόα
1381 1894 1594 1931 annotationi

212 1951 295 1977 suae
317 1940 480 1988 praefixit
501 1940 566 1976 ch.
612 1940 710 1977 Fort.
733 1939 871 1978 πότνια
892 1941 950 1976 vel
970 1939 1102 1978 πότνα.

120 2067 259 2102 ractere
282 2065 511 2112 deprehenso,
535 2067 693 2102 Orestem
716 2066 866 2114 arripuit
886 2066 922 2102 in
945 2067 1137 2114 amplexum
1156 2066 1348 2112 jubensque
1369 2065 1485 2108 simul,
1506 2076 1594 2100 nau-

120 2116 180 2148 tae
197 2118 240 2148 ut
260 2113 492 2158 appellerent,
516 2125 690 2160 navesque
712 2113 748 2149 in
770 2114 894 2149 navale
915 2114 1207 2156 subducerentur,
1231 2124 1295 2160 per
1310 2114 1462 2158 hyemem
1485 2115 1593 2147 totam

120 2170 181 2195 eos
202 2158 352 2205 hospitio
375 2159 524 2206 excepit.

213 2206 355 2241 Aestate
378 2212 493 2241 autem
514 2205 667 2248 ineunte,
689 2207 843 2247 Orestes,
866 2217 936 2241 una
959 2218 1034 2241 cum
1053 2205 1198 2252 Pylade,
1223 2205 1308 2240 clam
1332 2203 1484 2249 abreptis
1500 2202 1597 2248 Iphi-

122 2250 248 2297 genia,
283 2257 319 2287 et
340 2252 474 2287 Dianae
497 2253 589 2298 quod
613 2265 656 2287 ex
680 2264 763 2288 auro
793 2252 899 2288 solido
923 2257 1001 2288 erat
1033 2252 1255 2292 simulachro,
1289 2249 1477 2286 conscensis
1498 2249 1596 2283 navi-

121 2298 205 2341 bus,
241 2299 325 2344 suga
345 2299 427 2334 inde
457 2303 655 2341 suaserunt,
690 2299 726 2333 in
748 2304 875 2334 terram
898 2298 1105 2334 Adiabenem
1135 2297 1356 2343 trajicientes,
1403 2296 1489 2329 lnde
1511 2307 1596 2330 vero

122 2344 302 2379 Orientem
325 2357 464 2388 versus,
507 2346 552 2380 ad
576 2345 799 2381 Saracenicos
821 2346 924 2388 fines,
957 2345 1161 2390 tandemque
1183 2344 1219 2378 in
1241 2342 1458 2378 Palaestinae
1480 2341 1597 2386 regio-

122 2401 218 2433 nem,
242 2391 286 2426 ad
310 2391 519 2427 Tricomiam
543 2397 783 2438 pervenerunt.
832 2392 1044 2427 Tricomitae
1068 2402 1150 2426 vero
1175 2389 1434 2424 sacerdotalem
1457 2387 1598 2433 Iphige-

123 2436 202 2471 niae
224 2437 376 2473 habitum
399 2438 459 2472 nbi
483 2443 753 2484 conspexerunt,
776 2438 965 2474 honorifice
986 2438 1079 2472 illam
1103 2439 1330 2482 exceperunt:
1366 2435 1491 2469 Oreste
1513 2445 1599 2468 vero

122 2481 160 2516 in
181 2481 345 2519 insanium
369 2495 462 2519 suam
485 2485 645 2531 relapso,
709 2497 748 2519 er
770 2489 901 2530 tempus
924 2484 1065 2529 aliquod
1088 2483 1137 2518 ibi
1161 2480 1358 2517 commorati
1380 2483 1468 2515 sunt.
1516 2479 1601 2514 Tri-

124 2529 272 2564 comitae
293 2541 376 2565 vero
400 2531 516 2565 fanum
542 2530 663 2575 ingens
719 2531 819 2566 ianae
843 2535 1059 2572 extruentes,
1094 2528 1306 2575 Iphigeniam
1329 2527 1515 2571 rogabant,
1548 2524 1602 2561 uti

124 2573 294 2619 virginem
315 2587 416 2621 quam
440 2575 714 2620 destinaverant,
751 2577 885 2613 Dianae
908 2575 1080 2612 victimam
1107 2576 1262 2615 faceret3
1302 2583 1492 2616 nomenque
1515 2572 1600 2616 ejus,

125 2619 217 2665 quod
249 2620 394 2665 Nyssam
428 2622 568 2664 habuit,
603 2622 680 2659 vico
716 2623 915 2670 imponeret.
963 2622 1079 2657 Sacris
1102 2621 1221 2675 itaque
1242 2619 1311 2654 rite
1332 2617 1502 2664 peractis,
1536 2618 1600 2652 im-

123 2665 271 2700 molatae
302 2666 437 2712 Virgini
469 2672 615 2704 statuam
638 2681 774 2705 aeream
799 2673 1002 2716 posuerunt,
1041 2667 1135 2703 urbis
1165 2678 1201 2700 m
1223 2667 1432 2701 Fortunam:
1468 2663 1598 2719 quique

125 2711 219 2747 vicus
243 2716 324 2747 ante
346 2714 478 2756 fuerat,
499 2714 537 2749 in
559 2715 677 2750 urbem
699 2717 849 2760 factum,
883 2716 900 2750 Ι
927 2714 1084 2760 higenia,
1107 2713 1275 2747 Sacratae
1299 2709 1454 2765 Virginis
1476 2722 1511 2745 ιιι
1533 2722 1599 2745 no—

124 2769 221 2799 men,
254 2758 401 2803 Nymm
423 2760 580 2795 vocavit.-
621 2761 733 2797 Altari
755 2763 858 2797 etiam
881 2762 991 2797 eidem
1015 2762 1193 2801 extructo,
1224 2757 1397 2804 inscripsit
1418 2760 1496 2793 lsta.
1543 2758 1598 2791 Ea.-

124 2804 329 2849 Scytharum
351 2810 448 2839 terra
464 2807 646 2851 fugientes
667 2810 821 2855 excepit,
845 2810 923 2844 Dea
946 2808 1022 2842 Ροα
1046 2805 1172 2851 Nyssa.
1202 2816 1293 2852 quae
1314 2803 1451 2851 quidem
1472 2802 1596 2839 ibidem

122 2849 290 2897 inscripta
311 2850 423 2887 adhuc
445 2850 616 2889 videntur.
