1838 3230
609 154 1072 214 PROLEGOMENA.
1491 174 1589 202 Lvn

107 281 192 321 lum
201 259 227 326 ,β
243 274 386 318 sedet
410 289 575 315 mensem
605 281 646 314 et
676 270 777 312 diem
797 272 941 311 mensis
962 273 1081 312 valde
1103 272 1374 326 particulatim
1392 271 1592 311 adhibeat.

108 342 205 397 Arg.
221 343 442 384 secundm
468 356 518 382 ex
540 356 588 382 eo
611 341 702 394 quis
725 340 972 387 arcessierit,
1005 339 1114 393 quod
1133 340 1259 392 lmpp.
1279 337 1593 390 Constantinum,

117 409 376 452 Theodosium
392 442 403 462 ‚
435 417 475 450 et
501 409 673 451 Leonem
700 409 900 460 Senior-es,
931 409 979 449 ab
1011 409 1170 448 illorum
1195 409 1410 448 Nominum
1423 410 1595 463 juniori-

112 479 184 520 bus
205 479 537 534 Imperatoribus,
574 493 650 532 per
677 477 865 532 Epitheta
894 481 970 519 τοῦ
999 474 1183 532 μεγάλου,
1202 476 1229 519 i.
1260 490 1291 516 e.
1319 476 1516 528 Senioris,
1559 484 1598 517 et

110 551 186 590 τοῦ
213 552 386 605 μικροῦ,
417 547 460 587 id
495 556 554 588 est
580 548 773 603 junioris,
818 547 1063 599 distinguere
1093 546 1236 585 solitus
1265 546 1316 584 sit
1327 561 1339 598 5
1371 544 1442 584 sed
1459 544 1508 584 <le
1527 543 1599 584 Ju-

111 618 285 658 stiniano
308 618 393 672 ejus
411 616 591 655 Nominis
609 617 760 670 primo,
789 619 863 657 τοῦ
883 612 1054 671 μεγάλου
1084 613 1300 667 Epitheton
1323 629 1404 654 non
1422 628 1598 666 unquam

113 692 304 740 usurpat:
345 686 455 740 quod
489 676 579 726 euin
608 683 816 736 scripsisse
846 690 937 722 ante
973 682 1239 722 ‚fustinianum
1271 684 1488 735 juniorem,
1529 683 1600 735 qui

112 755 328 808 imperium
356 762 416 795 est
443 756 675 810 auspicatus
704 766 807 791 anno
853 766 968 791 aerae
1000 752 1228 790 Dominicae
1257 752 1374 802 685⁰,
1414 751 1600 790 videatur

114 823 336 863 ostendere.
393 824 459 863 Ad
476 824 577 863 haec
598 821 785 875 adjiciaS‚
817 819 929 872 quod
957 818 1027 873 (ut
1049 820 1172 859 semel
1188 820 1413 872 iterumque
1439 819 1600 873 jamjam

112 891 193 931 fuit
222 888 504 947 observatum)
544 905 596 930 ex
635 904 681 930 eo
722 888 953 927 nominatim
994 890 1141 928 citetur
1176 889 1457 940 Fragmentum
1492 887 1602 940 apud

113 960 276 1000 Librum
305 976 380 1016 pro
418 957 669 1012 Imaginibus
697 957 860 996 tertium
888 956 954 999 Jo.
980 957 1230 997 Damascena
1259 956 1478 1005 tributum3
1506 970 1600 994 nam

113 1030 198 1071 vita
216 1045 290 1071 sua
310 1031 525 1071 defunctus
552 1034 612 1067 est
631 1025 693 1067 Jo.
719 1026 992 1066 Damas-oenus
1015 1025 1121 1064 circa
1151 1038 1297 1063 annum
1320 1026 1364 1064 D.
1385 1038 1500 1065 Dch.
1531 1038 1601 1062 un-

115 1098 166 1138 de
183 1105 433 1140 astrueretur
446 1096 640 1137 Autorem
657 1101 862 1144 nostrum,
894 1096 927 1133 si
955 1108 1037 1133 non
1062 1094 1267 1147 scripsisse
1289 1099 1378 1132 ante
1398 1092 1515 1131 finem
1538 1106 1610 1131 εει--

116 1167 198 1207 culi
225 1168 352 1219 sexti,
382 1173 472 1206 ante
501 1164 620 1204 finem
652 1170 781 1203 tamen
808 1164 1000 1217 sequentis
1026 1162 1067 1201 in
1095 1163 1200 1202 vivis
1222 1161 1414 1201 extitisse.
1472 1160 1602 1211 Argu-

116 1243 291 1276 mentum
318 1245 502 1292 quartum
530 1248 580 1273 ex
604 1247 650 1272 eo
669 1232 924 1280 conficiatur,
963 1232 1074 1283 quod
1100 1232 1141 1270 in
1165 1232 1264 1270 locis
1286 1228 1490 1283 plerisque
1510 1242 1605 1267 ver-

117 1305 242 1345 batim
261 1305 299 1345 ei
316 1318 407 1344 cum
431 1302 624 1344 Chronico
654 1299 849 1341 Paschali
875 1300 958 1339 sive
977 1299 1267 1340 Alexandrino
1300 1299 1374 1351 (ut
1397 1298 1518 1350 vulgo
1541 1311 1606 1336 so-

117 1373 175 1414 let
205 1373 421 1428 appellari)
452 1371 685 1421 conveniat,
728 1370 826 1410 adeo
852 1376 897 1408 ut
925 1383 978 1409 ex
997 1383 1043 1407 eo
1068 1367 1254 1409 Chronici
1274 1367 1521 1420 Compilator
1545 1367 1605 1406 vi-

119 1442 261 1482 deatur
281 1442 564 1496 exscripsisse,
594 1438 959 1479 demonstrantibus
985 1437 1108 1478 variis
1129 1437 1290 1477 indiciis
1316 1450 1397 1474 non
1414 1436 1604 1474 Nostrum

118 1511 209 1552 vice
234 1525 351 1552 versa
382 1525 432 1551 ex
461 1509 655 1551 Chronico
675 1509 749 1548 ista
770 1507 962 1547 hausisse.
1021 1507 1088 1545 Sic
1107 1521 1200 1546 sane
1222 1507 1415 1545 Autorem
1434 1503 1607 1545 Pascha-

119 1578 171 1621 lie
198 1594 251 1620 ex
278 1579 342 1620 Jo.
359 1577 519 1621 Malela
546 1577 755 1631 scripsisse
780 1591 847 1628 ea,
878 1577 920 1615 in
941 1576 1089 1628 quibus
1120 1575 1388 1624 conveniunt,
1419 1573 1608 1612 decreve-

119 1656 217 1689 runt
238 1649 429 1689 hactenus
457 1661 593 1687 omnes
624 1645 794 1696 eruditi,
825 1644 1066 1696 suffragante
1093 1645 1212 1684 etiam
1241 1643 1499 1682 celeberrimo
1516 1642 1606 1680 Du-

109 1717 271 1775 sresnio
286 1718 329 1757 in
347 1717 460 1757 Notis
480 1715 532 1754 ad
556 1712 775 1764 Paschae,
806 1714 874 1752 ubi
897 1711 1079 1754 Malelae
1098 1712 1376 1753 Nan-ationem
1407 1711 1454 1750 de
1476 1716 1607 1750 morte

122 1784 279 1826 Iuliani
312 1784 559 1840 Apostatae,
605 1796 724 1835 quam
762 1783 914 1833 legerat
941 1788 1173 1834 excerptam
1214 1796 1235 1821 e
1275 1789 1413 1822 nostro
1446 1782 1606 1832 Codice,

122 1868 214 1893 cum
231 1852 447 1894 Paschalis
469 1851 705 1892 Narratione
738 1851 904 1889 confert.
963 1850 1092 1902 Vulgo
1119 1857 1248 1890 autem
1273 1867 1295 1891 a
1314 1852 1420 1891 Viris
1442 1851 1607 1891 eruditis

122 1923 324 1972 creditur,
355 1923 616 1976 compilatum
643 1922 727 1960 sive
757 1921 1031 1959 continuatum
1057 1920 1180 1959 fuisse
1210 1918 1405 1960 Paschale
1425 1920 1499 1960 sub
1527 1921 1607 1959 im-

123 1992 238 2046 perio
269 1989 474 2042 Heraclii,
513 1997 605 2030 ante
639 2003 785 2028 annum
815 1990 862 2030 l).
889 1992 986 2033 630.
1021 1988 1130 2040 quod
1166 1988 1390 2027 ostenderet
1415 1987 1607 2028 Nostrum

124 2067 213 2101 ante
229 2074 354 2100 annos
374 2068 467 2117 post
486 2067 654 2099 mortem
670 2051 882 2098 Justin'iani
901 2057 968 2102 40.
990 2056 1217 2109 scripsisse,
1247 2071 1392 2110 nempe
1414 2063 1504 2096 ante
1526 2057 1607 2096 exi-

124 2123 366 2171 tum'seculi
395 2130 503 2169 sexti
530 2129 595 2169 vel
624 2128 667 2166 in
694 2127 784 2180 ipso
813 2127 967 2180 septimi
993 2126 1127 2176 initio,
1169 2126 1220 2165 ad
1248 2126 1358 2179 quod
1389 2127 1564 2166 refertur
1587 2141 1608 2164 a

125 2199 274 2238 clariss.
297 2195 461 2239 cavaeo.
518 2198 609 2238 Non
624 2210 709 2237 rem
726 2196 919 2248 ingratam
941 2194 1098 2234 erudito
1122 2196 1295 2246 Lectori,
1327 2210 1401 2235 nec
1427 2210 1447 2234 a
1471 2203 1608 2235 nostro

126 2268 311 2307 instituto
355 2267 547 2319 alienam,
582 2280 645 2305 me
680 2265 862 2304 existimo
904 2263 1131 2314 facturum,
1173 2265 1207 2302 si
1233 2264 1407 2303 indicem
1447 2263 1611 2302 istarum

124 2336 432 2387 Nax-rationum,
462 2337 505 2375 in
524 2335 695 2388 quibus,
727 2334 792 2373 vel
816 2333 910 2372 totis
939 2333 1002 2371 vel
1031 2334 1169 2373 saltem
1199 2333 1368 2386 partim,
1402 2333 1507 2371 inter
1525 2332 1611 2371 No-

126 2415 249 2444 strum
282 2411 322 2445 et
355 2404 578 2447 chronicon
606 2402 857 2457 praedictum
879 2403 930 2441 sit
956 2401 1007 2441 ad
1029 2403 1196 2442 verbum
1219 2402 1515 2452 convenientia,
1543 2401 1610 2441 hie

127 2474 345 2514 subtexam.

242 2613 375 2651 XXX.
443 2588 674 2650 Occurrunt·
705 2609 813 2662 apud
841 2614 1019 2648 nostrum
1041 2606 1399 2660 Chronographum
1421 2620 1520 2659 quae
1541 2606 1612 2644 ha-

129 2680 275 2718 bentur
303 2680 413 2732 apud
446 2679 668 2721 Chronicon
703 2676 897 2719 Paschale
920 2677 1036 2731 juxta
1066 2677 1280 2717 editionem
1310 2675 1350 2714 in
1380 2675 1491 2714 Folio
1520 2673 1611 2713 Du-

117 2748 375 2806 fitsnianam
