1838 3230
314 190 414 236 626
803 180 1267 226 ANNOTATIONES.

313 300 393 337 τῶν
410 299 638 338 πουλπιτων
656 295 719 339 ἐπὶ
737 294 781 339 τὸ
796 295 991 350 Δέκιμον,
1020 295 1206 350 ἔκρουσεν
1228 292 1350 337 αυτον
1369 293 1394 337 ὅ
1411 293 1649 351 προτραπεὶς
1665 307 1753 348 oxo-

313 350 362 394 λά
392 368 471 400 ιος,
503 359 578 392 etc.

363 369 387 440 «ρ
424 406 800 460 Ρας.383.1.εἶς
822 403 864 447 τὸ
881 407 1048 461 Γαργαζὶ
1069 405 1204 461 όρος.]
1237 406 1328 444 Chr.
1361 405 1469 447 Alex,
1491 405 1606 457 legit,
1634 405 1692 455 εἰς
1707 403 1754 447 vd

314 461 557 516 καλούμενον
592 463 862 516 Γαργαρίδην·
903 464 1092 514 Suspicor
1132 463 1340 512 legendum
1376 459 1420 502 τὰ
1459 460 1617 514 Γαριζὶν
1652 459 1757 516 ορος.

315 522 427 559 Mons
448 521 549 558 enim
569 520 725 557 Garizin
748 518 940 557 Samariae
956 519 1151 568 imminet3
1180 519 1221 556 in
1251 531 1330 569 quo
1357 517 1655 557 celeberrimum
1674 523 1759 557 erat

314 576 504 627 templum
533 575 634 613 illud
666 589 688 612 a
713 574 960 612 Samaritanis
991 548 1192 621 sacrificii,
1235 580 1274 612 ct
1305 573 1504 612 Orationis
1533 586 1650 612 causa
1679 573 1759 612 sre-

317 637 565 682 quentatum,
606 637 722 681 atque
759 643 875 668 causa
915 630 983 668 tali
1023 636 1257 669 extructum.
1323 631 1516 682 Tempore
1544 628 1760 668 Alexandri

315 687 540 725 Macedonis
561 686 776 735 Manasses,
807 685 918 723 Jaddj
942 685 1137 724 Pontificis
1156 685 1390 723 Judaeorum
1415 686 1556 733 frater,
1584 683 1759 736 eoquod

317 742 566 791 alienigenam
595 742 769 780 duxisset
794 755 981 790 uxorem,
1013 742 1191 779 Nicasam
1217 754 1376 791 nempe,
1412 740 1664 779 Sanabelletis
1689 742 1760 778 Sa-

316 798 463 836 mariae
480 798 592 836 ducis
611 798 746 844 filiam,
778 798 824 834 ab
843 797 955 835 altari
982 797 1116 848 pulsus
1148 803 1218 835 est.
1277 798 1418 834 Socero
1448 797 1642 834 manasses
1673 809 1758 835 rem

317 853 465 898 defert,
498 854 566 904 qui
593 854 626 891 ei
650 853 880 905 pollicetur,
913 853 946 891 si
962 852 1080 890 filiam
1107 866 1214 890 suam
1232 853 1436 900 retineret,
1466 865 1506 890 se
1525 852 1559 890 ei
1576 858 1614 891 et
1629 864 1759 890 sacer-

319 909 470 948 dotium
491 916 832 957 conservaturum,
862 915 980 959 atque
1003 909 1120 947 etiam
1135 908 1378 956 Pontificem,
1409 914 1448 946 et
1465 907 1606 946 ducem
1622 920 1759 946 eorum

317 966 494 1003 locorum
528 965 669 1015 quibus
702 965 788 1015 ipse
820 964 1050 1016 imperaret,
1092 978 1178 1002 eum
1209 971 1443 1002 creaturum.
1498 962 1648 1001 Annuit
1676 962 1759 1001 Ma-

318 1033 475 1059 nasses:
516 1027 693 1059 extructo
724 1023 858 1070 itaque
892 1020 934 1058 in
967 1019 1150 1058 Garizino
1179 1026 1309 1057 monte
1338 1019 1503 1071 templo,
1540 1017 1762 1057 Sanabellet

320 1090 504 1127 generum
530 1091 640 1114 suum
664 1076 887 1114 Pontificem
920 1076 1060 1114 ibidem
1088 1076 1310 1124 constituit,
1336 1075 1405 1113 cui
1426 1075 1567 1114 exinde
1587 1073 1763 1112 adhaesit

320 1133 494 1183 populus
527 1133 802 1172 Samaritanus.
879 1132 976 1170 Vide
1003 1131 1162 1182 Josephi
1192 1132 1380 1182 Antiquit.
1412 1131 1560 1169 Judaic.
1594 1129 1661 1168 lib.
1696 1132 1761 1171 11.

322 1201 357 1226 c.
381 1191 422 1229 8.
477 1187 540 1225 Ad
558 1187 664 1225 hunc
692 1194 858 1226 montem
880 1188 1053 1239 respexit
1072 1187 1329 1238 Samaritana,
1358 1186 1444 1227 Joh.
1462 1200 1497 1225 c.
1515 1189 1556 1229 4.
1580 1184 1760 1235 dicendo,

321 1241 456 1281 Patres
475 1245 596 1281 nostri
615 1244 656 1281 in
676 1242 750 1281 Ῐιοο
769 1252 896 1282 monte
916 1241 1151 1291 adorarunt,
1184 1249 1260 1283 etc.

437 1300 528 1350 Pag·
556 1301 649 1341 383.
680 1302 717 1339 3.
749 1295 802 1349 μὴ
836 1297 1115 1351 στρατεύεσθαι
1141 1297 1430 1351 Σαμαρείτην.]
1459 1298 1612 1337 Poenae
1631 1297 1762 1350 hujus,

325 1367 401 1405 qua
430 1353 701 1391 Criminalibus
732 1354 943 1403 aliquando
971 1354 1110 1399 Civili,
1141 1355 1377 1404 quandoque
1408 1354 1567 1393 Militari
1596 1360 1761 1401 tantum,

324 1417 382 1447 est
399 1414 438 1446 et
456 1409 525 1446 ubi
544 1410 733 1447 alterutro
762 1422 917 1447 munere
946 1408 1143 1459 fungendo
1172 1410 1426 1448 interdictum
1452 1410 1548 1458 fuit,
1577 1409 1764 1460 frequens

324 1464 431 1516 apud
462 1464 651 1502 Auctores
680 1465 855 1503 occurrit
884 1465 1038 1502 mentio.
1086 1466 1230 1503 Noster
1248 1466 1360 1503 etiam
1390 1478 1507 1517 supra
1524 1439 1620 1502 liaec
1634 1464 1764 1511 habet,

325 1520 366 1558 in
395 1519 614 1568 Marciano,
646 1520 714 1570 qui
742 1520 1023 1558 tumultuantes
1050 1521 1230 1558 Prasinos
1259 1534 1383 1572 poena
1411 1519 1637 1572 hujusmodi
1655 1533 1764 1558 coer·

326 1576 432 1613 cuit:
459 1572 565 1622 ὅστις
581 1574 646 1614 καὶ
673 1571 852 1623 διάταξιν
876 1571 1002 1615 αὐτοῦ
1019 1577 1137 1616 θείαν
1161 1574 1403 1627 ἐξεφώνησε,
1434 1575 1630 1643 (ταραχῆς
1648 1590 1764 1628 γενο-

328 1629 447 1683 μένης
465 1646 572 1682 παρα
594 1645 674 1669 των
702 1645 771 1670 του
806 1631 1011 1682 Πρασίνου
1038 1630 1204 1683 μέρους)
1231 1629 1285 1684 μὴ
1316 1628 1592 1672 πολιτεύεσθαι
1615 1631 1766 1683 Πρασί-

327 1701 442 1735 νους,
473 1684 569 1737 μήτε
587 1682 884 1737 στρατεύεσθαι,
914 1685 1012 1725 ἔπι’
1000 1685 1064 1737 ε’τη
1085 1687 1183 1738 τρία.

441 1744 537 1794 Pag-
567 1744 662 1784 383.
693 1741 730 1782 5.
760 1757 780 1781 ο
803 1738 888 1788 υἱὸς
910 1737 1181 1793 Ουάλέμερος]
1209 1741 1515 1790 Theuderichus,
1537 1741 1620 1780 sive
1630 1739 1763 1781 Theo-

327 1756 526 1846 dericusg
535 1797 801 1835 Theodemiris
822 1803 905 1835 erat
923 1796 1045 1844 filius,
1076 1797 1245 1835 Valemir
1268 1811 1362 1836 vero
1382 1798 1465 1849 ejus
1485 1804 1646 1849 patruus
1667 1803 1766 1840 erat.

329 1853 428 1892 Vide
448 1853 554 1891 Paul.
578 1854 680 1893 Diae.
701 1853 768 1892 lib.
792 1856 853 1894 16.
875 1859 912 1890 et
930 1853 1112 1890 Jurnand.
1135 1853 1182 1889 de
1205 1854 1296 1890 neb.
1317 1855 1402 1890 Get.
1426 1867 1507 1904 cap.
1531 1857 1598 1895 52.

441 1910 543 1960 Pag.
573 1910 665 1951 383.
697 1907 763 1950 14.
791 1904 968 1960 ὁρμήσας
992 1907 1056 1948 ἐπὶ
1071 1905 1143 1958 τήν
1163 1904 1347 1960 Ρώμην.]
1387 1909 1458 1946 [sta
1487 1923 1507 1945 a
1529 1922 1621 1946 vero
1641 1908 1766 1946 aliena

332 1969 443 2002 sunt:
484 1978 562 2001 non
591 1965 751 2002 Romam
788 1965 911 2012 enim,
950 1963 1020 2001 sed
1047 1964 1268 2002 Ravennam
1302 1964 1425 2002 tenuit
1452 1963 1647 2002 Odoacer:
1688 1977 1765 2014 qua

331 2025 424 2070 post
448 2019 677 2057 triennalem
713 2019 869 2057 tandem
900 2019 1136 2057 obsidionem
1167 2026 1298 2070 capta,
1338 2018 1605 2057 'l‘heudericus
1633 2018 1765 2061 Odoa-

334 2087 461 2124 crem,
490 2074 582 2112 dolo
601 2075 714 2123 licet,
743 2075 938 2114 interemit
958 2081 1104 2114 tamen:
1135 2076 1193 2113 uti
1222 2081 1414 2114 testantur
1433 2075 1650 2126 Procopius
1671 2075 1766 2112 Got-

332 2129 430 2169 thie.
459 2130 513 2167 lib
545 2134 581 2171 1.
615 2131 723 2170 Paul.
752 2131 908 2169 Diacon.
947 2131 1016 2170 lib.
1044 2135 1106 2174 16.
1155 2130 1340 2170 Jornand.
1377 2130 1427 2169 de
1462 2131 1578 2169 rebus
1605 2129 1764 2178 Geticis,

336 2198 379 2223 ca
413 2215 421 2225 .
440 2185 504 2228 57.

381 2198 408 2237 P
449 2243 539 2293 Pag·
570 2244 665 2284 883.
708 2244 773 2282 19.
823 2239 886 2293 ἔτη
917 2237 1018 2292 μζ’.]
1058 2241 1231 2291 Triginta
1251 2247 1401 2279 tantum
1432 2254 1551 2279 annos
1586 2253 1675 2280 eum
1701 2254 1764 2280 re-

338 2309 473 2347 gnasse
492 2297 627 2335 asserit
641 2296 872 2345 JornandeS,
901 2298 950 2335 de
970 2298 1090 2347 Regu.
1109 2299 1281 2336 Success.
1301 2297 1343 2334 in
1363 2297 1530 2335 Zenone.

451 2355 544 2404 Pag.
575 2351 666 2394 384.
699 2355 735 2392 1.
781 2352 849 2391 καὶ
876 2349 923 2391 to?
952 2349 1241 2400 κωδικιάλλια.]
1270 2353 1352 2393 Ser.
1384 2352 1620 2392 κωδικίλλια.
1646 2353 1765 2393 κωδι-

337 2406 489 2456 κέλλος,
521 2414 558 2445 et
575 2407 841 2455 κωδικίλλιον,
870 2405 1087 2446 codicillus.

452 2466 543 2515 Pag.
569 2462 664 2505 384.
694 2465 733 2504 3.
761 2461 828 2502 καὶ
846 2460 940 2509 τούς
959 2463 1175 2513 σκηπίονας
1196 2461 1239 2503 δὲ
1258 2466 1336 2503 τῶν
1352 2458 1550 2510 ὑπάτων]
1573 2463 1766 2515 σκηπίων,

340 2524 378 2556 et
396 2519 562 2558 σκιπίων
580 2518 712 2570 Scipio
729 2523 806 2567 est3
838 2531 914 2568 quo
935 2518 1128 2557 vocabulo
1149 2518 1298 2557 Auctor
1317 2518 1564 2569 Symbolum,
1594 2519 1675 2558 sive
1698 2519 1764 2557 In·-

341 2573 447 2624 signe
470 2574 679 2612 Consulare
696 2573 846 2624 signare
863 2572 1032 2612 videtur.

451 2631 552 2680 Pag-
582 2629 674 2671 385.
705 2632 741 2671 1.
768 2627 790 2670 ὁ
812 2628 966 2682 ἔκγονος
993 2624 1120 2668 αὐτοῦ
1144 2625 1375 2681 Αλᾶριχος.]
1405 2630 1488 2669 Ser.
1510 2625 1764 2682 Αταλοῖριχος.

343 2683 654 2722 Theuderichum
691 2684 793 2723 enim
826 2684 866 2722 in
896 2697 1015 2733 regno
1055 2685 1206 2735 excepit
1242 2698 1363 2734 nepos
1403 2685 1485 2737 ejus
1508 2684 1765 2733 Athalaricus,

342 2739 661 2778 Amalasuenthae
689 2740 808 2788 filiae,
839 2746 876 2778 et
903 2739 1074 2777 Eutarici
1100 2739 1213 2778 filius.
1277 2739 1376 2778 Vide
1398 2741 1580 2781 Jornand.
1606 2740 1655 2781 de
1681 2740 1764 2780 reb.

346 2795 470 2834 Getic.
491 2809 577 2846 cap.
600 2799 664 2838 69.
693 2796 928 2848 Procopium
945 2795 1079 2845 etiam,
1110 2794 1326 2835 Gotthicor.
1346 2796 1372 2838 l.
1396 2799 1432 2838 1.
