1838 3230
270 180 370 232 254
581 237 583 239 v
661 180 949 226 IOANNIS
980 183 1323 228 MALALAE

217 307 248 343 D
271 321 281 360 ¹,
372 300 456 342 Καὶ
485 294 534 354 ἦν
563 300 604 342 ἓν
632 304 684 357 τῇ
705 297 840 357 Ῥώμῃ
859 301 1017 357 ταραχὴ
1039 300 1190 358 μεγάλη
1215 304 1280 346 καὶ
1301 300 1483 361 θρῦλλος
1500 303 1627 348 ἕνεκεν
1645 309 1721 349 τοῦ

270 367 455 421 Σιζιιωνος
486 369 552 410 καὶ
583 373 655 411 τοῦ
684 368 871 424 Πέτρου,
910 368 970 412 ὅτι
999 371 1208 414 κατέναντι
1227 371 1412 427 ἀλλήλων
1431 374 1591 416 ἐποίουν
1610 371 1754 425 &ad-0,

269 453 394 490 ματα.
465 437 531 478 καὶ
553 434 731 485 ἀκούσας
751 436 826 491 τὴν
845 437 1026 493 ταραχὴν
1042 439 1263 496 Ἀγρίππας
1287 439 1307 483 ὃ
1328 440 1517 497 ἔπαρχος,
1552 439 1722 498 ἀνήγαγε

269 508 327 562 τῷ
346 508 509 558 βασιλεῖ
522 504 682 559 Νέρωνι
705 503 767 547 ὅτι
798 506 878 547 εἶσί
899 523 1002 556 τινες
1036 508 1076 549 ἓν
1101 506 1231 565 ταύτῃ
1249 513 1300 565 τῇ
1317 507 1590 566 βασιλευούσῃ
1610 507 1723 552 πόλει

269 570 471 625 θαύματα
492 577 697 622 ποιοῦντες
720 573 928 616 κατέναντι
951 573 1147 630 ἀλλήλων,
1174 578 1240 618 καὶ
1264 575 1284 619 ὅ
1308 578 1382 631 μὲν
1404 575 1460 627 εἷς
1477 578 1577 632 λέγει
1597 575 1755 624 αὖτόν5

269 637 468 696 Χριστόν,
500 638 521 682 ὃ
542 642 586 683 δὲ
605 641 738 697 ἕτερος
764 642 876 698 λέγει,
913 643 999 685 Οὐκ
1024 643 1130 686 ἔστιν
1151 643 1289 697 αὐτός,
1318 644 1420 687 ἀλλὰ
1444 643 1573 701 μάγος
1592 646 1722 688 ἐστίν·

124 718 157 752 0
180 719 248 755 328
272 708 348 763 ἐγὼ
376 708 453 764 γὰρ
484 713 557 751 τοῦ
589 712 775 766 Χριστοῦ
805 708 1000 766 μαθητής
1029 714 1120 767 εἶμι.
1187 715 1254 755 καὶ
1272 712 1511 756 ἓκέλευσενὸ
1534 713 1726 768 βασιλεῦς

268 777 412 833 Νέρων
437 776 677 832 εἰσαχθῆναι
701 777 803 834 πρὸς
825 778 949 821 αὐτὸν
979 779 1049 822 τὸν
1071 781 1238 833 Σίμωνα
1259 783 1323 823 καὶ
1346 781 1416 824 τὸν
1435 781 1621 838 Πέτρον,
1657 783 1724 824 καὶ

269 845 341 888 τὸν
361 848 546 888 Πιλᾶτον
569 847 613 888 δὲ
635 846 813 901 ἀχθῆναι
835 846 914 890 ἀπὸ
939 852 1012 890 τοῦ
1036 850 1325 904 δεσμωτηρίου.
1396 851 1463 892 καὶ
1485 850 1725 905 εῗσηνέχθη-

270 929 348 956 σαν
372 913 473 970 πρὸς
495 914 754 968 τὸνβασιλέα
768 929 778 939 ·
815 917 881 957 καὶ
903 914 1135 972 ἐπηρώτησε
1156 917 1226 959 τὸν
1245 917 1411 971 Σίμωνα
1434 916 1455 961 ὅ
1477 918 1636 974 Νέρων,
1658 917 1722 960 λέ-
1734 929 1779 964 10

219 989 252 1024 Ε
274 999 379 1038 γων,
417 982 478 1024 Σὺ
509 981 544 1024 εἷ
572 981 617 1025 ὃν
649 984 830 1039 λέγουσιν
860 984 898 1026 οἳ
921 983 1132 1040 ἄνθρωποι
1158 983 1257 1027 εἶναι
1278 983 1485 1041 Χριστόν;
1523 984 1543 1028 ὃ
1564 987 1608 1028 δὲ
1627 984 1723 1038 εἷπε,

271 1051 370 1093 Ναί.
442 1052 507 1092 καὶ
531 1049 762 1107 ἐπηρώτησε
791 1054 858 1094 καὶ
881 1052 951 1094 τὸν
971 1053 1131 1109 Πέτρον
1149 1051 1169 1095 ὅ
1190 1053 1334 1108 Νέρων
1352 1054 1497 1109 λέγων,
1529 1053 1726 1111 Ἀκριβῶς

274 1113 394 1167 οὗτός
413 1118 520 1160 ἔστιν
542 1117 562 1162 ὅ
584 1118 788 1175 Χριστός,·
827 1118 846 1162 ὃ
867 1121 910 1162 δὲ
927 1121 1087 1176 Πέτρος
1109 1121 1200 1177 ἔφη,
1241 1121 1326 1164 Οὐκ
1345 1121 1451 1164 ἔστιν
1467 1120 1613 1171 αὐτός·
1649 1120 1726 1177 ἐγώ

271 1187 348 1243 γὰρ
369 1187 516 1229 ἐκείνου
537 1186 732 1243 μαθητής
754 1190 853 1242 εἶμι,
884 1190 949 1230 καὶ
968 1189 1024 1230 ἐπ’
1049 1191 1146 1243 ἐμοῦ
1167 1192 1222 1239 εἷς
1243 1189 1340 1239 τοὺς
1361 1190 1559 1247 οὐρανοὺς
1581 1187 1725 1245 ἀνελή-

274 1259 380 1310 φθη.
451 1257 517 1296 καὶ
545 1256 718 1305 καλέσας
746 1256 817 1298 τὸν
847 1260 1032 1299 Πιλᾶτον
1066 1256 1169 1299 εἷπεν
1198 1258 1308 1315 αὐτῷ
1335 1261 1424 1314 περὶ
1446 1262 1519 1300 τοῦ
1539 1259 1724 1312 Σᾲιωνος
1736 1269 1778 1303 15

275 1321 338 1365 ὅτι
373 1317 505 1372 Οὗτός
535 1324 641 1365 ἔστιν
676 1323 720 1366 ὃν
750 1324 944 1374 ἐξέδωκας
977 1326 1031 1373 εἷς
1062 1325 1108 1368 τὸ
1141 1330 1455 1381 σταυρωθῆναις
1491 1328 1556 1368 καὶ
1578 1343 1726 1382 προσε-

275 1390 433 1445 σχηκώς
455 1391 565 1449 αὐτῷ
588 1390 607 1434 ὃ
628 1395 811 1442 Πιλᾶτος
830 1391 933 1435 εἶπεν
944 1425 956 1443 ,
998 1393 1084 1435 Οὐκ
1112 1393 1218 1435 ἔστιν
1243 1392 1387 1442 αὐτός·
1423 1388 1543 1443 οὗτος
1558 1394 1634 1450 γὰρ
1658 1395 1726 1435 καὶ

128 1464 158 1502 V
183 1469 249 1503 108
272 1457 539 1515 καρηκομόων
560 1461 643 1502 ἐστὶ
662 1462 727 1502 καὶ
749 1459 1014 1515 περιπληθής.
1085 1463 1174 1516 περὶ
1208 1462 1251 1503 δὲ
1281 1466 1354 1503 τοῦ
1377 1462 1541 1515 Πέτρου
1565 1459 1726 1518 ἐπηρώ-

270 1544 391 1582 τησεν
414 1525 550 1579 αὐτόν,
589 1532 749 1570 Τοῦτον
772 1530 815 1571 δὲ
834 1529 1030 1584 μαθητὴν
1053 1529 1179 1572 αὐτοῦ
1201 1527 1339 1583 οῗόας,·
1379 1527 1400 1572 ὃ
1427 1531 1470 1572 δὲ
1493 1528 1589 1582 εἷπε,
1625 1530 1724 1571 Ναί.

271 1593 480 1652 εἲσήγαγον
500 1593 576 1652 γάρ
597 1613 666 1649 μοι
686 1595 823 1648 αὐτόν,
849 1595 904 1646 ὡς
922 1597 1118 1652 μαθητὴν
1136 1597 1276 1648 αὐτοῦ,
1302 1598 1366 1639 καὶ
1388 1595 1631 1652 ἓπηρῶτησα
1650 1596 1722 1640 αὖ·
1734 1609 1782 1645 20

271 1662 368 1715 τόν,
406 1665 472 1706 καὶ
490 1662 694 1718 ἠρνήσατο
719 1665 840 1720 λέγων
863 1665 918 1719 μὴ
942 1664 1040 1707 εἶναι
1061 1665 1185 1707 αὐτοῦ
1205 1663 1423 1719 μαθητής·
1459 1667 1524 1707 καὶ
1544 1665 1727 1708 ἀπέλυσα

276 1730 415 1775 αὐτόν.
485 1734 550 1774 καὶ
573 1732 712 1775 λοιπὸν
731 1733 897 1790 Νέρων,
932 1731 986 1783 ὥς
1007 1733 1264 1787 ψευσαμένου
1283 1737 1355 1775 τοῦ
1376 1734 1561 1787 §nemag
1580 1735 1647 1776 καὶ
1670 1735 1727 1776 εἷ-

276 1798 425 1850 πόντος
456 1797 599 1843 ἑαυτὸν
629 1800 833 1859 Χριστόν,
879 1800 974 1858 ὅπερ
1004 1802 1078 1844 οὐκ
1106 1797 1179 1857 ἦν,
1216 1803 1283 1844 καὶ
1312 1806 1386 1844 τοῦ
1414 1802 1577 1859 Πέτρου
1605 1799 1727 1845 πάλιν

369 1940 424 1976 18.
449 1940 697 1988 καρηκομῶων
719 1943 786 1978 Ox.
876 1943 933 1979 22.
957 1941 1125 1985 εἰπόντος
1146 1941 1230 1985 Ch„
1252 1940 1402 1979 εἰπόντα
1424 1943 1490 1978 Ox.

367 2062 513 2109 Magnus
537 2067 649 2100 autem
672 2066 798 2102 Romae
822 2070 898 2102 erat
919 2068 1078 2102 tumultus
1100 2067 1137 2101 in
1159 2067 1304 2113 populo,
1342 2068 1386 2102 ob
1408 2067 1576 2102 Simonem
1600 2070 1637 2102 et
1657 2068 1728 2102 Pe-

278 2110 365 2144 trum
387 2109 476 2144 inter
498 2122 533 2144 se
556 2111 599 2144 de
622 2111 798 2147 Miraculis
821 2114 958 2148 edendis
981 2119 1160 2150 certantes,
1205 2114 1281 2148 Hoc
1304 2114 1441 2158 cognito
1464 2114 1637 2159 Agrippa,
1664 2124 1727 2148 ur·-

278 2156 331 2190 bis
354 2156 565 2200 praefectus,
589 2157 719 2191 Neroni
743 2170 812 2193 rem
836 2160 976 2200 detulit3
1014 2160 1150 2201 ‚‚Sunt,
1173 2159 1347 2204 inquiens,
1371 2159 1406 2193 in
1428 2160 1513 2193 urbe
1536 2159 1599 2192 hac
1620 2159 1728 2205 impe-

168 2234 185 2244 „
277 2201 426 2243 ratrice,
462 2201 520 2245 qui
543 2201 586 2234 de
609 2202 781 2237 Miraculis
805 2205 968 2239 faciundis
990 2205 1079 2238 inter
1101 2217 1137 2238 se
1161 2209 1310 2238 certant:
1352 2216 1491 2250 quorum
1514 2205 1603 2239 alter
1625 2203 1726 2239 Chri-

277 2250 363 2281 stum
385 2258 421 2280 se
444 2258 514 2281 esse
536 2247 712 2287 venditat3
737 2250 824 2283 alter
846 2262 951 2292 vero,
984 2262 1051 2284 non
1074 2249 1261 2292 Christum,
1293 2250 1352 2284 sed
1375 2251 1515 2295 Magum
1539 2261 1610 2284 esse
1638 2261 1726 2291 eum,

278 2291 383 2325 dicit:
416 2303 452 2326 se
475 2291 561 2326 enim
585 2292 711 2326 Christi
734 2294 929 2338 discipulum
953 2295 1054 2330 fuisse
1077 2295 1234 2330 asserit.“
1279 2296 1383 2330 Jubet
1404 2296 1520 2340 itaque
1542 2296 1637 2330 Nero
1659 2295 1728 2328 Im-

278 2341 438 2382 perator,
461 2349 573 2371 ooram
596 2350 631 2372 se
655 2338 778 2372 adduci
799 2341 968 2375 Simonem
992 2345 1027 2375 et
1049 2342 1203 2375 Petrum:
1238 2341 1393 2376 Pontium
1416 2341 1516 2376 etiam
1537 2340 1683 2375 Pilatum
1706 2351 1727 2374 e

279 2394 419 2417 carcere
449 2383 609 2417 accersit:
647 2383 693 2416 Hi
714 2383 830 2429 itaque
863 2398 974 2420 coram
1008 2387 1218 2432 Imperatore
1240 2387 1454 2421 sistebantur.
1499 2385 1593 2420 Nero
1616 2391 1727 2420 autem

279 2428 421 2469 Simoni,
444 2429 556 2470 Tune,
578 2428 702 2474 inquit,
726 2441 760 2463 es
784 2442 881 2474 quem
898 2432 1066 2466 Christum
1089 2437 1212 2466 vocant
1231 2432 1403 2466 homines?
1447 2431 1530 2473 Imo,
1551 2432 1728 2477 respondit

278 2473 348 2508 ille.
395 2474 482 2508 Tum
507 2474 601 2508 Nero
625 2476 764 2508 Petrum
786 2476 1031 2520 interrogavit:
1062 2478 1185 2518 Estne,
1209 2477 1378 2521 inquiens,
1402 2476 1456 2510 hic
1478 2487 1600 2511 revera
1623 2476 1727 2510 Chri-

280 2518 376 2553 stus?
412 2520 586 2565 respondit
616 2521 757 2562 Petrus3
793 2521 874 2556 Non
907 2526 976 2556 est:
1020 2523 1097 2567 Ego
1122 2523 1208 2556 enim
1232 2522 1358 2556 Christi
1389 2533 1432 2556 ex
1454 2522 1546 2556 Disci
1572 2522 1636 2556 ulis
1657 2522 1726 2562 fui3

279 2568 385 2608 atque
408 2565 512 2599 oculis
536 2565 625 2600 hisce
646 2565 682 2599 in
705 2566 815 2600 coelos
839 2572 1038 2611 assumptum
1062 2580 1134 2601 eum
1158 2567 1242 2602 vidi.
1289 2567 1378 2601 Tum
1394 2568 1490 2602 Nero
1509 2568 1549 2602 Pi
1564 2572 1654 2602 atum
1674 2568 1727 2601 in·-

279 2613 476 2654 terrogans3
499 2611 652 2654 Hioeine,
674 2612 798 2656 inquit,
822 2618 884 2654 est,
909 2624 1008 2656 quem
1030 2618 1066 2646 tu
1092 2613 1185 2646 cruci
1209 2612 1413 2656 affigendum
1435 2613 1636 2648 tradidisti?
1668 2612 1728 2647 Pi-

281 2655 390 2696 latus,
414 2655 551 2691 intentis
573 2657 608 2691 in
631 2669 704 2691 eum
728 2657 851 2699 oculis,
885 2657 1127 2702 Nequaquam,
1152 2659 1343 2702 respondit:
1381 2658 1539 2700 Comatus
1562 2658 1649 2693 enim
1671 2657 1728 2692 hic

283 2704 344 2740 est,
370 2706 472 2745 atque
495 2703 624 2737 obesus.
670 2703 723 2737 De
746 2704 848 2737 Petro
872 2708 982 2737 autem
1005 2714 1079 2736 eum
1101 2703 1310 2748 interrogans
1334 2704 1452 2745 Nero;
1475 2705 1536 2738 Ast
1553 2704 1652 2745 hunc,
1673 2703 1728 2736 in-

283 2745 369 2788 quit,
395 2746 522 2780 Christi
546 2748 742 2793 discipulum
765 2748 954 2793 agnovisti?
977 2748 1143 2790 Maxime3
1167 2748 1341 2793 respondit
1359 2750 1506 2783 Pilatus:
1530 2749 1566 2783 in
1581 2750 1728 2783 Praeto-

283 2789 367 2824 rium
391 2792 477 2826 enim
498 2793 724 2828 introductum
747 2806 840 2836 eum,
876 2800 1034 2839 tanquam
1057 2794 1185 2828 Christi
1211 2798 1467 2835 assectatorem‚
1503 2805 1576 2829 cum
1598 2794 1642 2828 de
1663 2793 1728 2827 hoc

283 2845 305 2869 a
326 2846 379 2870 me
401 2836 645 2884 interrogatus,
668 2839 798 2875 omnino
821 2844 975 2886 negaret,
998 2839 1105 2875 dimisi
1128 2839 1293 2886 protinus,
1339 2841 1435 2876 Nero
1457 2839 1576 2886 itaque
1600 2843 1728 2874 utrum-
