<?xml version="1.0" encoding="UTF-8"?>
<!DOCTYPE html PUBLIC "-//W3C//DTD XHTML 1.0 Transitional//EN"
    "http://www.w3.org/TR/xhtml1/DTD/xhtml1-transitional.dtd">
<html xmlns="http://www.w3.org/1999/xhtml" xml:lang="en" lang="en">
 <head>
  <title>
</title>
<meta http-equiv="Content-Type" content="text/html;charset=utf-8" />
  <meta name='ocr-system' content='tesseract 3.04.00' />
  <meta name='ocr-capabilities' content='ocr_page ocr_carea ocr_par ocr_line ocrx_word'/>
</head>
<body>
  <div class='ocr_page' id='page_1' title='image "./corpusscriptorum28niebuoft_0054.png"; bbox 0 0 1838 3230; ppageno 0'>
   <div class='ocr_carea' id='block_1_1' title="bbox 292 183 1759 354">
    <p class='ocr_par' dir='ltr' id='par_1_1' title="bbox 292 183 1759 354">
     <span class='ocr_line' id='line_1_1' title="bbox 292 183 1247 231; baseline 0.002 -6"><span class='ocrx_word' id='word_1_1' title='bbox 292 205 318 231; x_wconf 73' lang='lat'><strong>1,</strong></span> <span class='ocrx_word' id='word_1_2' title='bbox 790 183 1114 228; x_wconf 83' lang='lat' dir='ltr'>PROLEGOM</span> <span class='ocrx_word' id='word_1_3' title='bbox 1120 184 1187 229; x_wconf 81' lang='lat' dir='ltr'><strong>EN</strong></span> <span class='ocrx_word' id='word_1_4' title='bbox 1196 185 1229 229; x_wconf 86' lang='lat' dir='ltr'><strong>A</strong></span> <span class='ocrx_word' id='word_1_5' title='bbox 1235 215 1247 227; x_wconf 92' lang='lat'><strong>.</strong></span> 
     </span>
     <span class='ocr_line' id='line_1_2' title="bbox 292 297 1759 354; baseline 0 -15"><span class='ocrx_word' id='word_1_6' title='bbox 292 300 412 340; x_wconf 77' lang='lat' dir='ltr'><strong>fuisse</strong></span> <span class='ocrx_word' id='word_1_7' title='bbox 432 298 707 343; x_wconf 76' lang='lat' dir='ltr'><strong>Christianum.</strong></span> <span class='ocrx_word' id='word_1_8' title='bbox 737 298 918 338; x_wconf 63' lang='lat' dir='ltr'><strong>‘nomae</strong></span> <span class='ocrx_word' id='word_1_9' title='bbox 935 298 981 338; x_wconf 86' lang='lat' dir='ltr'><strong>F.</strong></span> <span class='ocrx_word' id='word_1_10' title='bbox 996 299 1257 354; x_wconf 71' lang='lat' dir='ltr'><strong>Astrologum</strong></span> <span class='ocrx_word' id='word_1_11' title='bbox 1275 297 1492 340; x_wconf 81' lang='lat' dir='ltr'><strong>Rohensem</strong></span> <span class='ocrx_word' id='word_1_12' title='bbox 1513 298 1566 354; x_wconf 88' lang='lat' dir='ltr'><strong>(i.</strong></span> <span class='ocrx_word' id='word_1_13' title='bbox 1583 313 1620 339; x_wconf 86' lang='lat' dir='ltr'><strong>e.</strong></span> <span class='ocrx_word' id='word_1_14' title='bbox 1640 298 1759 340; x_wconf 73' lang='lat' dir='ltr'><strong>Edes-</strong></span> 
     </span>
    </p>
   </div>
   <div class='ocr_carea' id='block_1_2' title="bbox 288 365 1776 2514">
    <p class='ocr_par' dir='ltr' id='par_1_2' title="bbox 288 365 1776 2367">
     <span class='ocr_line' id='line_1_3' title="bbox 290 365 1757 424; baseline 0 -16"><span class='ocrx_word' id='word_1_15' title='bbox 290 370 454 419; x_wconf 77' lang='lat' dir='ltr'><strong>senum)</strong></span> <span class='ocrx_word' id='word_1_16' title='bbox 480 365 784 420; x_wconf 71' lang='lat' dir='ltr'><strong>Astrologorum</strong></span> <span class='ocrx_word' id='word_1_17' title='bbox 807 365 1002 406; x_wconf 76' lang='lat' dir='ltr'><strong>Ahmodii</strong></span> <span class='ocrx_word' id='word_1_18' title='bbox 1023 366 1305 408; x_wconf 75' lang='lat' dir='ltr'><strong>Saracenorum</strong></span> <span class='ocrx_word' id='word_1_19' title='bbox 1328 366 1515 424; x_wconf 78' lang='lat' dir='ltr'><strong>Chalifae</strong></span> <span class='ocrx_word' id='word_1_20' title='bbox 1529 367 1757 421; x_wconf 70' lang='lat' dir='ltr'><strong>principem,</strong></span> 
     </span>
     <span class='ocr_line' id='line_1_4' title="bbox 292 433 1759 488; baseline -0.002 -11"><span class='ocrx_word' id='word_1_21' title='bbox 292 453 312 477; x_wconf 83' lang='lat' dir='ltr'><strong>e</strong></span> <span class='ocrx_word' id='word_1_22' title='bbox 331 447 436 476; x_wconf 76' lang='lat' dir='ltr'><strong>secia</strong></span> <span class='ocrx_word' id='word_1_23' title='bbox 465 434 765 475; x_wconf 77' lang='lat' dir='ltr'><em>Maronitarum</em></span> <span class='ocrx_word' id='word_1_24' title='bbox 803 434 873 488; x_wconf 80' lang='lat' dir='ltr'><strong>qui</strong></span> <span class='ocrx_word' id='word_1_25' title='bbox 904 435 949 473; x_wconf 58' lang='lat' dir='ltr'><strong>&gt;in</strong></span> <span class='ocrx_word' id='word_1_26' title='bbox 970 445 1099 474; x_wconf 63' lang='lat' dir='ltr'><strong>monte</strong></span> <span class='ocrx_word' id='word_1_27' title='bbox 1125 434 1285 474; x_wconf 81' lang='lat' dir='ltr'><strong>Libano</strong></span> <span class='ocrx_word' id='word_1_28' title='bbox 1315 444 1432 487; x_wconf 76' lang='lat' dir='ltr'><strong>sunt,·</strong></span> <span class='ocrx_word' id='word_1_29' title='bbox 1470 445 1506 474; x_wconf 74' lang='lat' dir='ltr'><strong>et</strong></span> <span class='ocrx_word' id='word_1_30' title='bbox 1534 433 1759 474; x_wconf 64' lang='lat' dir='ltr'><strong>Historiam</strong></span> 
     </span>
     <span class='ocr_line' id='line_1_5' title="bbox 291 499 1758 558; baseline -0.001 -15"><span class='ocrx_word' id='word_1_31' title='bbox 291 505 482 558; x_wconf 76' lang='lat' dir='ltr'><strong>egregiam</strong></span> <span class='ocrx_word' id='word_1_32' title='bbox 514 502 754 541; x_wconf 82' lang='lat' dir='ltr'><strong>condidisse.</strong></span> <span class='ocrx_word' id='word_1_33' title='bbox 825 501 890 540; x_wconf 86' lang='lat' dir='ltr'><strong>Sic</strong></span> <span class='ocrx_word' id='word_1_34' title='bbox 919 502 962 540; x_wconf 84' lang='lat' dir='ltr'><strong>in</strong></span> <span class='ocrx_word' id='word_1_35' title='bbox 990 503 1069 541; x_wconf 84' lang='lat' dir='ltr'><strong>alio</strong></span> <span class='ocrx_word' id='word_1_36' title='bbox 1111 503 1202 541; x_wconf 85' lang='lat' dir='ltr'><strong>loeo</strong></span> <span class='ocrx_word' id='word_1_37' title='bbox 1219 499 1260 557; x_wconf 89' lang='lat'><strong>¹)</strong></span> <span class='ocrx_word' id='word_1_38' title='bbox 1290 500 1514 541; x_wconf 77' lang='lat' dir='ltr'><strong><em>Historiam</em></strong></span> <span class='ocrx_word' id='word_1_39' title='bbox 1555 502 1641 556; x_wconf 83' lang='lat' dir='ltr'><strong>ejus</strong></span> <span class='ocrx_word' id='word_1_40' title='bbox 1673 502 1758 542; x_wconf 78' lang='lat' dir='ltr'><strong>sive</strong></span> 
     </span>
     <span class='ocr_line' id='line_1_6' title="bbox 294 568 1760 624; baseline -0.003 -12"><span class='ocrx_word' id='word_1_41' title='bbox 294 569 600 624; x_wconf 77' lang='lat' dir='ltr'><strong>Chronologiam</strong></span> <span class='ocrx_word' id='word_1_42' title='bbox 610 570 660 608; x_wconf 88' lang='lat' dir='ltr'><strong>de</strong></span> <span class='ocrx_word' id='word_1_43' title='bbox 678 569 789 608; x_wconf 85' lang='lat' dir='ltr'><strong>annis</strong></span> <span class='ocrx_word' id='word_1_44' title='bbox 801 569 847 607; x_wconf 91' lang='lat' dir='ltr'><strong>ab</strong></span> <span class='ocrx_word' id='word_1_45' title='bbox 858 569 907 609; x_wconf 93' lang='lat' dir='ltr'><strong>O.</strong></span> <span class='ocrx_word' id='word_1_46' title='bbox 921 571 962 608; x_wconf 92' lang='lat' dir='ltr'><strong>C.</strong></span> <span class='ocrx_word' id='word_1_47' title='bbox 977 570 1028 608; x_wconf 88' lang='lat' dir='ltr'><strong>ad</strong></span> <span class='ocrx_word' id='word_1_48' title='bbox 1046 571 1199 609; x_wconf 87' lang='lat' dir='ltr'><strong>initium</strong></span> <span class='ocrx_word' id='word_1_49' title='bbox 1211 583 1336 620; x_wconf 88' lang='lat' dir='ltr'><strong>usque</strong></span> <span class='ocrx_word' id='word_1_50' title='bbox 1350 568 1641 611; x_wconf 75' lang='lat' dir='ltr'><strong>Seleucidarum</strong></span> <span class='ocrx_word' id='word_1_51' title='bbox 1652 569 1760 624; x_wconf 86' lang='lat' dir='ltr'><strong>Epo.</strong></span> 
     </span>
     <span class='ocr_line' id='line_1_7' title="bbox 291 635 1759 689; baseline -0.001 -11"><span class='ocrx_word' id='word_1_52' title='bbox 291 639 391 678; x_wconf 75' lang='lat' dir='ltr'><strong>cline</strong></span> <span class='ocrx_word' id='word_1_53' title='bbox 414 638 595 677; x_wconf 74' lang='lat' dir='ltr'><strong>advocat.</strong></span> <span class='ocrx_word' id='word_1_54' title='bbox 642 636 760 675; x_wconf 86' lang='lat' dir='ltr'><strong>Hunc</strong></span> <span class='ocrx_word' id='word_1_55' title='bbox 777 635 943 675; x_wconf 85' lang='lat' dir='ltr'><strong>eundem</strong></span> <span class='ocrx_word' id='word_1_56' title='bbox 959 636 1081 675; x_wconf 77' lang='lat' dir='ltr'><strong>fuisse</strong></span> <span class='ocrx_word' id='word_1_57' title='bbox 1100 650 1188 676; x_wconf 84' lang='lat' dir='ltr'><strong>cum</strong></span> <span class='ocrx_word' id='word_1_58' title='bbox 1219 635 1431 689; x_wconf 84' lang='lat' dir='ltr'><strong>Theophilo</strong></span> <span class='ocrx_word' id='word_1_59' title='bbox 1455 637 1654 678; x_wconf 74' lang='lat' dir='ltr'><strong>Historico</strong></span> <span class='ocrx_word' id='word_1_60' title='bbox 1673 637 1759 678; x_wconf 74' lang='lat' dir='ltr'><strong>sive</strong></span> 
     </span>
     <span class='ocr_line' id='line_1_8' title="bbox 294 702 1760 757; baseline 0 -11"><span class='ocrx_word' id='word_1_61' title='bbox 294 703 606 757; x_wconf 87' lang='lat' dir='ltr'><strong>Chronographo</strong></span> <span class='ocrx_word' id='word_1_62' title='bbox 627 718 743 755; x_wconf 88' lang='lat' dir='ltr'><strong>que-m</strong></span> <span class='ocrx_word' id='word_1_63' title='bbox 779 703 946 742; x_wconf 82' lang='lat' dir='ltr'><strong>adducit</strong></span> <span class='ocrx_word' id='word_1_64' title='bbox 970 702 1294 757; x_wconf 74' lang='lat' dir='ltr'><strong><em>chronographus</em></strong></span> <span class='ocrx_word' id='word_1_65' title='bbox 1317 711 1473 754; x_wconf 86' lang='lat' dir='ltr'><strong>noster,</strong></span> <span class='ocrx_word' id='word_1_66' title='bbox 1501 719 1581 745; x_wconf 83' lang='lat' dir='ltr'><strong>non</strong></span> <span class='ocrx_word' id='word_1_67' title='bbox 1603 712 1683 756; x_wconf 78' lang='lat' dir='ltr'><strong>est,</strong></span> <span class='ocrx_word' id='word_1_68' title='bbox 1712 712 1760 747; x_wconf 87' lang='lat' dir='ltr'><strong>ut</strong></span> 
     </span>
     <span class='ocr_line' id='line_1_9' title="bbox 293 771 1760 827; baseline -0.001 -14"><span class='ocrx_word' id='word_1_69' title='bbox 293 775 457 827; x_wconf 82' lang='lat' dir='ltr'><strong>opinor,</strong></span> <span class='ocrx_word' id='word_1_70' title='bbox 493 785 565 810; x_wconf 90' lang='lat' dir='ltr'><strong>cur</strong></span> <span class='ocrx_word' id='word_1_71' title='bbox 593 772 750 811; x_wconf 89' lang='lat' dir='ltr'><strong>dubitet</strong></span> <span class='ocrx_word' id='word_1_72' title='bbox 778 771 944 824; x_wconf 81' lang='lat' dir='ltr'><strong>aliquis,</strong></span> <span class='ocrx_word' id='word_1_73' title='bbox 983 773 1213 824; x_wconf 80' lang='lat' dir='ltr'><strong>praesertim</strong></span> <span class='ocrx_word' id='word_1_74' title='bbox 1242 786 1332 810; x_wconf 88' lang='lat' dir='ltr'><strong>cum</strong></span> <span class='ocrx_word' id='word_1_75' title='bbox 1358 773 1538 813; x_wconf 77' lang='lat' dir='ltr'><strong>floruerit</strong></span> <span class='ocrx_word' id='word_1_76' title='bbox 1560 774 1603 812; x_wconf 90' lang='lat' dir='ltr'><strong>in</strong></span> <span class='ocrx_word' id='word_1_77' title='bbox 1621 773 1760 822; x_wconf 77' lang='lat' dir='ltr'><strong>eadem</strong></span> 
     </span>
     <span class='ocr_line' id='line_1_10' title="bbox 293 838 1760 894; baseline -0.001 -13"><span class='ocrx_word' id='word_1_78' title='bbox 293 842 455 884; x_wconf 78' lang='lat' dir='ltr'><strong>circiter</strong></span> <span class='ocrx_word' id='word_1_79' title='bbox 475 847 668 879; x_wconf 87' lang='lat' dir='ltr'><strong>terrarum</strong></span> <span class='ocrx_word' id='word_1_80' title='bbox 683 841 814 892; x_wconf 84' lang='lat' dir='ltr'><strong>plaga.</strong></span> <span class='ocrx_word' id='word_1_81' title='bbox 862 840 912 879; x_wconf 86' lang='lat' dir='ltr'><strong>Et</strong></span> <span class='ocrx_word' id='word_1_82' title='bbox 926 853 976 878; x_wconf 87' lang='lat' dir='ltr'><strong>ne</strong></span> <span class='ocrx_word' id='word_1_83' title='bbox 994 839 1080 891; x_wconf 89' lang='lat' dir='ltr'><strong>quis</strong></span> <span class='ocrx_word' id='word_1_84' title='bbox 1099 840 1323 891; x_wconf 85' lang='lat' dir='ltr'><strong>suspicetur</strong></span> <span class='ocrx_word' id='word_1_85' title='bbox 1347 839 1602 894; x_wconf 73' lang='lat' dir='ltr'><em>Theophilum</em></span> <span class='ocrx_word' id='word_1_86' title='bbox 1626 838 1760 880; x_wconf 80' lang='lat' dir='ltr'><em>Abul-</em></span> 
     </span>
     <span class='ocr_line' id='line_1_11' title="bbox 288 904 1759 963; baseline -0.001 -14"><span class='ocrx_word' id='word_1_87' title='bbox 288 910 566 963; x_wconf 79' lang='lat' dir='ltr'><strong>pharajianum</strong></span> <span class='ocrx_word' id='word_1_88' title='bbox 608 920 688 945; x_wconf 88' lang='lat' dir='ltr'><strong>non</strong></span> <span class='ocrx_word' id='word_1_89' title='bbox 735 904 937 946; x_wconf 84' lang='lat' dir='ltr'><strong>Graecum·</strong></span> <span class='ocrx_word' id='word_1_90' title='bbox 973 907 1095 945; x_wconf 82' lang='lat' dir='ltr'><strong>fuisse</strong></span> <span class='ocrx_word' id='word_1_91' title='bbox 1137 908 1397 960; x_wconf 84' lang='lat' dir='ltr'><strong>Scriptorem,</strong></span> <span class='ocrx_word' id='word_1_92' title='bbox 1445 908 1514 947; x_wconf 87' lang='lat' dir='ltr'><strong>sed</strong></span> <span class='ocrx_word' id='word_1_93' title='bbox 1551 907 1759 963; x_wconf 81' lang='lat' dir='ltr'><strong>Syriacum</strong></span> 
     </span>
     <span class='ocr_line' id='line_1_12' title="bbox 295 974 1760 1031; baseline 0 -16"><span class='ocrx_word' id='word_1_94' title='bbox 295 977 430 1031; x_wconf 86' lang='lat' dir='ltr'><strong>(quod</strong></span> <span class='ocrx_word' id='word_1_95' title='bbox 452 983 582 1014; x_wconf 85' lang='lat' dir='ltr'><strong>tamen</strong></span> <span class='ocrx_word' id='word_1_96' title='bbox 602 975 636 1012; x_wconf 87' lang='lat' dir='ltr'><strong>si</strong></span> <span class='ocrx_word' id='word_1_97' title='bbox 658 974 786 1023; x_wconf 83' lang='lat' dir='ltr'><strong>detur,</strong></span> <span class='ocrx_word' id='word_1_98' title='bbox 817 974 917 1013; x_wconf 88' lang='lat' dir='ltr'><strong>nihil</strong></span> <span class='ocrx_word' id='word_1_99' title='bbox 939 981 1069 1014; x_wconf 86' lang='lat' dir='ltr'><strong>tamen</strong></span> <span class='ocrx_word' id='word_1_100' title='bbox 1093 975 1266 1013; x_wconf 81' lang='lat' dir='ltr'><strong>obstaret</strong></span> <span class='ocrx_word' id='word_1_101' title='bbox 1290 989 1368 1027; x_wconf 91' lang='lat' dir='ltr'><strong>quo</strong></span> <span class='ocrx_word' id='word_1_102' title='bbox 1388 976 1518 1016; x_wconf 81' lang='lat' dir='ltr'><strong>minus</strong></span> <span class='ocrx_word' id='word_1_103' title='bbox 1541 975 1646 1016; x_wconf 85' lang='lat' dir='ltr'><strong>idem</strong></span> <span class='ocrx_word' id='word_1_104' title='bbox 1662 982 1760 1015; x_wconf 86' lang='lat' dir='ltr'><strong>esset</strong></span> 
     </span>
     <span class='ocr_line' id='line_1_13' title="bbox 294 1041 1759 1096; baseline 0 -13"><span class='ocrx_word' id='word_1_105' title='bbox 294 1059 382 1083; x_wconf 83' lang='lat' dir='ltr'><strong>cum</strong></span> <span class='ocrx_word' id='word_1_106' title='bbox 415 1041 662 1092; x_wconf 83' lang='lat' dir='ltr'><strong>Maleliano,</strong></span> <span class='ocrx_word' id='word_1_107' title='bbox 702 1056 792 1080; x_wconf 87' lang='lat' dir='ltr'><strong>cum</strong></span> <span class='ocrx_word' id='word_1_108' title='bbox 825 1042 932 1081; x_wconf 83' lang='lat' dir='ltr'><strong>illius</strong></span> <span class='ocrx_word' id='word_1_109' title='bbox 962 1041 1287 1095; x_wconf 84' lang='lat' dir='ltr'><strong>Chronographia</strong></span> <span class='ocrx_word' id='word_1_110' title='bbox 1323 1041 1484 1093; x_wconf 76' lang='lat' dir='ltr'><strong>Syrioce</strong></span> <span class='ocrx_word' id='word_1_111' title='bbox 1518 1043 1688 1096; x_wconf 76' lang='lat' dir='ltr'><strong>scripta,</strong></span> <span class='ocrx_word' id='word_1_112' title='bbox 1718 1044 1759 1083; x_wconf 81' lang='lat' dir='ltr'><strong>in</strong></span> 
     </span>
     <span class='ocr_line' id='line_1_14' title="bbox 296 1108 1760 1164; baseline -0.001 -12"><span class='ocrx_word' id='word_1_113' title='bbox 296 1112 486 1152; x_wconf 84' lang='lat' dir='ltr'><strong>Graecum</strong></span> <span class='ocrx_word' id='word_1_114' title='bbox 518 1123 734 1149; x_wconf 85' lang='lat' dir='ltr'><strong>sermonem</strong></span> <span class='ocrx_word' id='word_1_115' title='bbox 760 1109 916 1149; x_wconf 79' lang='lat' dir='ltr'><strong>traduci</strong></span> <span class='ocrx_word' id='word_1_116' title='bbox 946 1108 1150 1164; x_wconf 85' lang='lat' dir='ltr'><strong>potuerit)</strong></span> <span class='ocrx_word' id='word_1_117' title='bbox 1183 1111 1261 1163; x_wconf 85' lang='lat' dir='ltr'><strong>jam</strong></span> <span class='ocrx_word' id='word_1_118' title='bbox 1284 1116 1419 1149; x_wconf 83' lang='lat' dir='ltr'><strong>extant</strong></span> <span class='ocrx_word' id='word_1_119' title='bbox 1436 1110 1476 1160; x_wconf 80' lang='lat' dir='ltr'><strong>in</strong></span> <span class='ocrx_word' id='word_1_120' title='bbox 1495 1111 1618 1150; x_wconf 74' lang='lat' dir='ltr'><strong>variis</strong></span> <span class='ocrx_word' id='word_1_121' title='bbox 1635 1109 1760 1151; x_wconf 86' lang='lat' dir='ltr'><strong>Euro-</strong></span> 
     </span>
     <span class='ocr_line' id='line_1_15' title="bbox 289 1176 1760 1233; baseline -0.003 -15"><span class='ocrx_word' id='word_1_122' title='bbox 289 1195 364 1233; x_wconf 83' lang='lat' dir='ltr'><strong>pae</strong></span> <span class='ocrx_word' id='word_1_123' title='bbox 377 1177 638 1217; x_wconf 82' lang='lat' dir='ltr'><strong>Bibliothecis</strong></span> <span class='ocrx_word' id='word_1_124' title='bbox 658 1176 919 1230; x_wconf 75' lang='lat' dir='ltr'><strong>Astrologica</strong></span> <span class='ocrx_word' id='word_1_125' title='bbox 944 1179 1134 1230; x_wconf 82' lang='lat' dir='ltr'><strong>quaedam</strong></span> <span class='ocrx_word' id='word_1_126' title='bbox 1157 1178 1263 1216; x_wconf 86' lang='lat' dir='ltr'><strong>illius</strong></span> <span class='ocrx_word' id='word_1_127' title='bbox 1285 1179 1417 1231; x_wconf 81' lang='lat' dir='ltr'><strong>Opera</strong></span> <span class='ocrx_word' id='word_1_128' title='bbox 1437 1192 1618 1218; x_wconf 81' lang='lat' dir='ltr'>sermone</span> <span class='ocrx_word' id='word_1_129' title='bbox 1642 1176 1760 1218; x_wconf 80' lang='lat' dir='ltr'><strong>Grae.</strong></span> 
     </span>
     <span class='ocr_line' id='line_1_16' title="bbox 292 1244 1761 1299; baseline -0.003 -11"><span class='ocrx_word' id='word_1_130' title='bbox 292 1249 431 1288; x_wconf 74' lang='lat' dir='ltr'><strong>canica</strong></span> <span class='ocrx_word' id='word_1_131' title='bbox 450 1252 635 1285; x_wconf 79' lang='lat' dir='ltr'><strong>contexta</strong></span> <span class='ocrx_word' id='word_1_132' title='bbox 650 1275 660 1295; x_wconf 90' lang='lat'><strong>,</strong></span> <span class='ocrx_word' id='word_1_133' title='bbox 689 1245 734 1284; x_wconf 85' lang='lat' dir='ltr'><strong>id</strong></span> <span class='ocrx_word' id='word_1_134' title='bbox 754 1246 987 1284; x_wconf 85' lang='lat' dir='ltr'><strong>docentibus</strong></span> <span class='ocrx_word' id='word_1_135' title='bbox 1013 1244 1214 1299; x_wconf 77' lang='lat' dir='ltr'><strong>Caialogis</strong></span> <span class='ocrx_word' id='word_1_136' title='bbox 1234 1245 1361 1298; x_wconf 91' lang='lat' dir='ltr'><strong>(quos</strong></span> <span class='ocrx_word' id='word_1_137' title='bbox 1382 1245 1494 1299; x_wconf 83' lang='lat' dir='ltr'><strong>vidi)</strong></span> <span class='ocrx_word' id='word_1_138' title='bbox 1514 1247 1623 1285; x_wconf 88' lang='lat' dir='ltr'>MSS.</span> <span class='ocrx_word' id='word_1_139' title='bbox 1645 1245 1761 1285; x_wconf 88' lang='lat' dir='ltr'><strong>codi-</strong></span> 
     </span>
     <span class='ocr_line' id='line_1_17' title="bbox 292 1313 1760 1365; baseline -0.001 -11"><span class='ocrx_word' id='word_1_140' title='bbox 292 1330 382 1354; x_wconf 91' lang='lat' dir='ltr'><strong>cum</strong></span> <span class='ocrx_word' id='word_1_141' title='bbox 401 1313 737 1354; x_wconf 81' lang='lat' dir='ltr'><strong>Bibliothecarum</strong></span> <span class='ocrx_word' id='word_1_142' title='bbox 755 1313 978 1361; x_wconf 79' lang='lat' dir='ltr'><strong>variarum3</strong></span> <span class='ocrx_word' id='word_1_143' title='bbox 1016 1313 1056 1351; x_wconf 89' lang='lat' dir='ltr'><strong>in</strong></span> <span class='ocrx_word' id='word_1_144' title='bbox 1091 1314 1235 1365; x_wconf 88' lang='lat' dir='ltr'><strong>quibus</strong></span> <span class='ocrx_word' id='word_1_145' title='bbox 1266 1314 1458 1352; x_wconf 85' lang='lat' dir='ltr'><strong>celebrari</strong></span> <span class='ocrx_word' id='word_1_146' title='bbox 1483 1314 1611 1353; x_wconf 83' lang='lat' dir='ltr'><strong>solent</strong></span> <span class='ocrx_word' id='word_1_147' title='bbox 1636 1313 1760 1353; x_wconf 85' lang='lat' dir='ltr'><strong>Theo-</strong></span> 
     </span>
     <span class='ocr_line' id='line_1_18' title="bbox 289 1379 1760 1437; baseline -0.001 -15"><span class='ocrx_word' id='word_1_148' title='bbox 289 1382 392 1437; x_wconf 85' lang='lat' dir='ltr'><strong>phili</strong></span> <span class='ocrx_word' id='word_1_149' title='bbox 418 1379 689 1433; x_wconf 76' lang='lat' dir='ltr'><strong>Astrologica.</strong></span> <span class='ocrx_word' id='word_1_150' title='bbox 760 1381 901 1429; x_wconf 84' lang='lat' dir='ltr'><strong>Qualia</strong></span> <span class='ocrx_word' id='word_1_151' title='bbox 936 1380 1093 1432; x_wconf 85' lang='lat' dir='ltr'><strong>quidem</strong></span> <span class='ocrx_word' id='word_1_152' title='bbox 1123 1381 1329 1434; x_wconf 82' lang='lat' dir='ltr'><strong>scripsisse</strong></span> <span class='ocrx_word' id='word_1_153' title='bbox 1356 1381 1604 1434; x_wconf 81' lang='lat' dir='ltr'><strong>praedictum</strong></span> <span class='ocrx_word' id='word_1_154' title='bbox 1640 1380 1760 1422; x_wconf 82' lang='lat' dir='ltr'><strong>Theo-</strong></span> 
     </span>
     <span class='ocr_line' id='line_1_19' title="bbox 289 1447 1760 1504; baseline -0.002 -15"><span class='ocrx_word' id='word_1_155' title='bbox 289 1448 461 1504; x_wconf 84' lang='lat' dir='ltr'><strong>philum,</strong></span> <span class='ocrx_word' id='word_1_156' title='bbox 491 1455 538 1487; x_wconf 78' lang='lat' dir='ltr'><strong>ut</strong></span> <span class='ocrx_word' id='word_1_157' title='bbox 558 1462 630 1500; x_wconf 86' lang='lat' dir='ltr'><strong>per</strong></span> <span class='ocrx_word' id='word_1_158' title='bbox 648 1461 688 1486; x_wconf 89' lang='lat' dir='ltr'><strong>se</strong></span> <span class='ocrx_word' id='word_1_159' title='bbox 705 1448 798 1487; x_wconf 79' lang='lat' dir='ltr'><strong>satis</strong></span> <span class='ocrx_word' id='word_1_160' title='bbox 829 1449 991 1487; x_wconf 86' lang='lat' dir='ltr'><strong>evidens</strong></span> <span class='ocrx_word' id='word_1_161' title='bbox 1017 1449 1200 1499; x_wconf 87' lang='lat' dir='ltr'><strong>videtur,</strong></span> <span class='ocrx_word' id='word_1_162' title='bbox 1232 1463 1322 1488; x_wconf 87' lang='lat' dir='ltr'><strong>cum</strong></span> <span class='ocrx_word' id='word_1_163' title='bbox 1344 1447 1586 1501; x_wconf 77' lang='lat' dir='ltr'><strong>Astrologus</strong></span> <span class='ocrx_word' id='word_1_164' title='bbox 1605 1448 1760 1500; x_wconf 79' lang='lat' dir='ltr'><strong>profes-</strong></span> 
     </span>
     <span class='ocr_line' id='line_1_20' title="bbox 293 1514 1759 1570; baseline -0.001 -14"><span class='ocrx_word' id='word_1_165' title='bbox 293 1518 425 1566; x_wconf 82' lang='lat' dir='ltr'><strong>sione,</strong></span> <span class='ocrx_word' id='word_1_166' title='bbox 469 1516 528 1554; x_wconf 86' lang='lat' dir='ltr'><strong>uti</strong></span> <span class='ocrx_word' id='word_1_167' title='bbox 556 1515 679 1554; x_wconf 78' lang='lat' dir='ltr'><strong>tradit</strong></span> <span class='ocrx_word' id='word_1_168' title='bbox 704 1514 1042 1570; x_wconf 78' lang='lat' dir='ltr'><strong>Abulpharajius,</strong></span> <span class='ocrx_word' id='word_1_169' title='bbox 1086 1516 1207 1568; x_wconf 87' lang='lat' dir='ltr'><strong>idque</strong></span> <span class='ocrx_word' id='word_1_170' title='bbox 1239 1531 1414 1556; x_wconf 85' lang='lat' dir='ltr'><strong>summus</strong></span> <span class='ocrx_word' id='word_1_171' title='bbox 1445 1523 1485 1555; x_wconf 87' lang='lat' dir='ltr'><strong>et</strong></span> <span class='ocrx_word' id='word_1_172' title='bbox 1515 1517 1759 1556; x_wconf 83' lang='lat' dir='ltr'><strong>clarissimus</strong></span> 
     </span>
     <span class='ocr_line' id='line_1_21' title="bbox 293 1584 1757 1638; baseline 0 -15"><span class='ocrx_word' id='word_1_173' title='bbox 293 1590 415 1631; x_wconf 86' lang='lat' dir='ltr'><strong>esset;</strong></span> <span class='ocrx_word' id='word_1_174' title='bbox 454 1584 509 1622; x_wconf 89' lang='lat' dir='ltr'><strong>ita</strong></span> <span class='ocrx_word' id='word_1_175' title='bbox 549 1590 701 1622; x_wconf 81' lang='lat' dir='ltr'><strong>constat</strong></span> <span class='ocrx_word' id='word_1_176' title='bbox 736 1585 945 1623; x_wconf 82' lang='lat' dir='ltr'><strong>autoritate</strong></span> <span class='ocrx_word' id='word_1_177' title='bbox 981 1584 1373 1638; x_wconf 75' lang='lat' dir='ltr'><strong>Abumaschiris2),</strong></span> <span class='ocrx_word' id='word_1_178' title='bbox 1414 1585 1630 1637; x_wconf 85' lang='lat' dir='ltr'><strong>Scriptoris</strong></span> <span class='ocrx_word' id='word_1_179' title='bbox 1662 1585 1757 1623; x_wconf 79' lang='lat' dir='ltr'><strong>item</strong></span> 
     </span>
     <span class='ocr_line' id='line_1_22' title="bbox 292 1650 1776 1704; baseline -0.001 -12"><span class='ocrx_word' id='word_1_180' title='bbox 292 1652 476 1701; x_wconf 88' lang='lat' dir='ltr'><strong>Arabici,</strong></span> <span class='ocrx_word' id='word_1_181' title='bbox 506 1652 574 1703; x_wconf 88' lang='lat' dir='ltr'><strong>qui</strong></span> <span class='ocrx_word' id='word_1_182' title='bbox 594 1653 635 1690; x_wconf 90' lang='lat' dir='ltr'><strong>in</strong></span> <span class='ocrx_word' id='word_1_183' title='bbox 657 1652 776 1690; x_wconf 90' lang='lat' dir='ltr'><strong>Libro</strong></span> <span class='ocrx_word' id='word_1_184' title='bbox 799 1650 846 1690; x_wconf 78' lang='lat' dir='ltr'><strong>de</strong></span> <span class='ocrx_word' id='word_1_185' title='bbox 869 1651 1073 1704; x_wconf 77' lang='lat' dir='ltr'><strong>Mysteriis</strong></span> <span class='ocrx_word' id='word_1_186' title='bbox 1093 1651 1267 1702; x_wconf 84' lang='lat' dir='ltr'><strong>inedito,</strong></span> <span class='ocrx_word' id='word_1_187' title='bbox 1297 1652 1400 1691; x_wconf 85' lang='lat' dir='ltr'><strong>inter</strong></span> <span class='ocrx_word' id='word_1_188' title='bbox 1429 1653 1562 1692; x_wconf 83' lang='lat' dir='ltr'><strong>varios</strong></span> <span class='ocrx_word' id='word_1_189' title='bbox 1589 1651 1776 1700; x_wconf 56' lang='lat' dir='ltr'><strong>Graecos⁴</strong></span> 
     </span>
     <span class='ocr_line' id='line_1_23' title="bbox 292 1718 1760 1773; baseline 0 -13"><span class='ocrx_word' id='word_1_190' title='bbox 292 1718 570 1772; x_wconf 76' lang='lat' dir='ltr'><strong>Astrologicos</strong></span> <span class='ocrx_word' id='word_1_191' title='bbox 618 1720 863 1772; x_wconf 78' lang='lat' dir='ltr'><strong>Scriptores,</strong></span> <span class='ocrx_word' id='word_1_192' title='bbox 904 1718 1210 1768; x_wconf 72' lang='lat' dir='ltr'><strong>Alemandrum,</strong></span> <span class='ocrx_word' id='word_1_193' title='bbox 1263 1718 1526 1773; x_wconf 74' lang='lat' dir='ltr'><strong>Stephanum,</strong></span> <span class='ocrx_word' id='word_1_194' title='bbox 1563 1718 1760 1760; x_wconf 67' lang='lat' dir='ltr'><strong>Aristarc.</strong></span> 
     </span>
     <span class='ocr_line' id='line_1_24' title="bbox 292 1785 1757 1841; baseline -0.002 -14"><span class='ocrx_word' id='word_1_195' title='bbox 292 1787 385 1837; x_wconf 90' lang='lat' dir='ltr'><strong>lem,</strong></span> <span class='ocrx_word' id='word_1_196' title='bbox 426 1794 464 1826; x_wconf 88' lang='lat' dir='ltr'><strong>et</strong></span> <span class='ocrx_word' id='word_1_197' title='bbox 498 1786 718 1826; x_wconf 70' lang='lat' dir='ltr'><strong>Hermetem</strong></span> <span class='ocrx_word' id='word_1_198' title='bbox 737 1785 782 1841; x_wconf 83' lang='grc'><strong>3)</strong></span> <span class='ocrx_word' id='word_1_199' title='bbox 821 1794 1049 1826; x_wconf 80' lang='lat' dir='ltr'><strong>annumerat</strong></span> <span class='ocrx_word' id='word_1_200' title='bbox 1086 1785 1340 1839; x_wconf 68' lang='lat' dir='ltr'><strong>Theophilum</strong></span> <span class='ocrx_word' id='word_1_201' title='bbox 1379 1786 1524 1826; x_wconf 83' lang='lat' dir='ltr'><strong>Filium</strong></span> <span class='ocrx_word' id='word_1_202' title='bbox 1574 1785 1757 1832; x_wconf 68' lang='lat' dir='ltr'><strong>nomae,</strong></span> 
     </span>
     <span class='ocr_line' id='line_1_25' title="bbox 293 1852 1756 1907; baseline -0.001 -15"><span class='ocrx_word' id='word_1_203' title='bbox 293 1854 428 1901; x_wconf 82' lang='lat' dir='ltr'><strong>Quid&#39;?</strong></span> <span class='ocrx_word' id='word_1_204' title='bbox 461 1854 570 1904; x_wconf 88' lang='lat' dir='ltr'><strong>quod</strong></span> <span class='ocrx_word' id='word_1_205' title='bbox 596 1853 848 1907; x_wconf 70' lang='lat' dir='ltr'><strong>Theophilum</strong></span> <span class='ocrx_word' id='word_1_206' title='bbox 877 1855 1125 1907; x_wconf 74' lang='lat' dir='ltr'><strong>praedictum</strong></span> <span class='ocrx_word' id='word_1_207' title='bbox 1148 1852 1502 1906; x_wconf 85' lang='lat' dir='ltr'><strong>Chronographum</strong></span> <span class='ocrx_word' id='word_1_208' title='bbox 1525 1852 1756 1892; x_wconf 73' lang='lat' dir='ltr'><strong>Edessenum</strong></span> 
     </span>
     <span class='ocr_line' id='line_1_26' title="bbox 292 1918 1758 1974; baseline -0.001 -15"><span class='ocrx_word' id='word_1_209' title='bbox 292 1921 490 1961; x_wconf 84' lang='lat' dir='ltr'><strong>Sermonis</strong></span> <span class='ocrx_word' id='word_1_210' title='bbox 512 1922 651 1960; x_wconf 79' lang='lat' dir='ltr'><strong>Graeci</strong></span> <span class='ocrx_word' id='word_1_211' title='bbox 684 1923 825 1973; x_wconf 85' lang='lat' dir='ltr'><strong>peritia</strong></span> <span class='ocrx_word' id='word_1_212' title='bbox 862 1923 1072 1974; x_wconf 86' lang='lat' dir='ltr'><strong>polluisse,</strong></span> <span class='ocrx_word' id='word_1_213' title='bbox 1101 1936 1151 1960; x_wconf 89' lang='lat' dir='ltr'><strong>ex</strong></span> <span class='ocrx_word' id='word_1_214' title='bbox 1178 1922 1267 1973; x_wconf 87' lang='lat' dir='ltr'><strong>ipso</strong></span> <span class='ocrx_word' id='word_1_215' title='bbox 1296 1922 1531 1960; x_wconf 85' lang='lat' dir='ltr'><strong>edoceamur</strong></span> <span class='ocrx_word' id='word_1_216' title='bbox 1547 1918 1758 1972; x_wconf 74' lang='lat' dir='ltr'><strong>Abulplza-</strong></span> 
     </span>
     <span class='ocr_line' id='line_1_27' title="bbox 291 1985 1758 2042; baseline 0.001 -16"><span class='ocrx_word' id='word_1_217' title='bbox 291 1990 393 2042; x_wconf 82' lang='lat' dir='ltr'><strong>rajio</strong></span> <span class='ocrx_word' id='word_1_218' title='bbox 409 1985 454 2040; x_wconf 82' lang='lat'><strong>4)</strong></span> <span class='ocrx_word' id='word_1_219' title='bbox 467 2004 481 2027; x_wconf 87' lang='lat'><strong>.·</strong></span> <span class='ocrx_word' id='word_1_220' title='bbox 514 1988 560 2025; x_wconf 85' lang='lat' dir='ltr'><strong>ab</strong></span> <span class='ocrx_word' id='word_1_221' title='bbox 584 2002 629 2027; x_wconf 92' lang='lat' dir='ltr'><strong>eo</strong></span> <span class='ocrx_word' id='word_1_222' title='bbox 656 1990 757 2027; x_wconf 86' lang='lat' dir='ltr'><strong>enim</strong></span> <span class='ocrx_word' id='word_1_223' title='bbox 782 1990 941 2028; x_wconf 82' lang='lat' dir='ltr'><strong>additur</strong></span> <span class='ocrx_word' id='word_1_224' title='bbox 962 1990 1130 2028; x_wconf 85' lang='lat' dir='ltr'><strong>eundem</strong></span> <span class='ocrx_word' id='word_1_225' title='bbox 1149 1990 1268 2027; x_wconf 83' lang='lat' dir='ltr'><strong>istum</strong></span> <span class='ocrx_word' id='word_1_226' title='bbox 1290 1988 1457 2027; x_wconf 84' lang='lat' dir='ltr'><strong>Homeri</strong></span> <span class='ocrx_word' id='word_1_227' title='bbox 1476 1988 1616 2028; x_wconf 67' lang='lat' dir='ltr'><strong>Poetae</strong></span> <span class='ocrx_word' id='word_1_228' title='bbox 1635 1987 1758 2028; x_wconf 68' lang='lat' dir='ltr'><strong>libros</strong></span> 
     </span>
     <span class='ocr_line' id='line_1_28' title="bbox 293 2054 1757 2110; baseline -0.001 -15"><span class='ocrx_word' id='word_1_229' title='bbox 293 2056 340 2095; x_wconf 77' lang='lat' dir='ltr'><strong>(le</strong></span> <span class='ocrx_word' id='word_1_230' title='bbox 359 2054 535 2095; x_wconf 74' lang='lat' dir='ltr'><strong>Excidio</strong></span> <span class='ocrx_word' id='word_1_231' title='bbox 555 2055 662 2097; x_wconf 82' lang='lat' dir='ltr'><strong>urbis</strong></span> <span class='ocrx_word' id='word_1_232' title='bbox 681 2055 753 2095; x_wconf 81' lang='lat' dir='ltr'><strong>Ilii</strong></span> <span class='ocrx_word' id='word_1_233' title='bbox 773 2072 792 2095; x_wconf 89' lang='lat' dir='ltr'><strong>e</strong></span> <span class='ocrx_word' id='word_1_234' title='bbox 813 2057 970 2110; x_wconf 76' lang='lat' dir='ltr'><strong>Lingua</strong></span> <span class='ocrx_word' id='word_1_235' title='bbox 995 2056 1146 2096; x_wconf 83' lang='lat' dir='ltr'><strong>Graeca</strong></span> <span class='ocrx_word' id='word_1_236' title='bbox 1165 2058 1206 2095; x_wconf 82' lang='lat' dir='ltr'><strong>in</strong></span> <span class='ocrx_word' id='word_1_237' title='bbox 1230 2054 1435 2106; x_wconf 77' lang='lat' dir='ltr'><strong>Syriacam</strong></span> <span class='ocrx_word' id='word_1_238' title='bbox 1457 2071 1575 2110; x_wconf 81' lang='lat' dir='ltr'><strong>quam</strong></span> <span class='ocrx_word' id='word_1_239' title='bbox 1599 2054 1757 2108; x_wconf 78' lang='lat' dir='ltr'><strong>elegan-</strong></span> 
     </span>
     <span class='ocr_line' id='line_1_29' title="bbox 292 2123 1757 2175; baseline 0 -13"><span class='ocrx_word' id='word_1_240' title='bbox 292 2125 437 2164; x_wconf 65' lang='lat' dir='ltr'><strong>tissime</strong></span> <span class='ocrx_word' id='word_1_241' title='bbox 471 2124 637 2162; x_wconf 79' lang='lat' dir='ltr'><strong>ver-iisse.</strong></span> <span class='ocrx_word' id='word_1_242' title='bbox 718 2123 783 2162; x_wconf 84' lang='lat' dir='ltr'><strong>Sic</strong></span> <span class='ocrx_word' id='word_1_243' title='bbox 814 2123 984 2163; x_wconf 76' lang='lat' dir='ltr'><strong>Ioannes</strong></span> <span class='ocrx_word' id='word_1_244' title='bbox 1018 2124 1192 2163; x_wconf 81' lang='lat' dir='ltr'><strong>Mansur</strong></span> <span class='ocrx_word' id='word_1_245' title='bbox 1215 2124 1523 2173; x_wconf 79' lang='lat' dir='ltr'><strong>·Damasoenus,</strong></span> <span class='ocrx_word' id='word_1_246' title='bbox 1578 2124 1757 2175; x_wconf 79' lang='lat' dir='ltr'><strong>quamvis</strong></span> 
     </span>
     <span class='ocr_line' id='line_1_30' title="bbox 290 2189 1758 2247; baseline 0.001 -18"><span class='ocrx_word' id='word_1_247' title='bbox 290 2193 376 2243; x_wconf 87' lang='lat' dir='ltr'><strong>ipse</strong></span> <span class='ocrx_word' id='word_1_248' title='bbox 396 2190 576 2228; x_wconf 85' lang='lat' dir='ltr'><strong>similiter</strong></span> <span class='ocrx_word' id='word_1_249' title='bbox 597 2191 636 2228; x_wconf 90' lang='lat' dir='ltr'><strong>in</strong></span> <span class='ocrx_word' id='word_1_250' title='bbox 658 2190 758 2232; x_wconf 81' lang='lat' dir='ltr'><strong>Aula</strong></span> <span class='ocrx_word' id='word_1_251' title='bbox 777 2190 1060 2231; x_wconf 83' lang='lat' dir='ltr'><strong>Saracenorum</strong></span> <span class='ocrx_word' id='word_1_252' title='bbox 1085 2189 1269 2247; x_wconf 68' lang='lat' dir='ltr'><strong>Chalifae</strong></span> <span class='ocrx_word' id='word_1_253' title='bbox 1298 2191 1404 2229; x_wconf 85' lang='lat' dir='ltr'><strong>inter</strong></span> <span class='ocrx_word' id='word_1_254' title='bbox 1433 2191 1539 2229; x_wconf 87' lang='lat' dir='ltr'><strong>illius</strong></span> <span class='ocrx_word' id='word_1_255' title='bbox 1564 2190 1758 2231; x_wconf 78' lang='lat' dir='ltr'><strong>Consilia-</strong></span> 
     </span>
     <span class='ocr_line' id='line_1_31' title="bbox 290 2256 1756 2311; baseline 0.001 -14"><span class='ocrx_word' id='word_1_256' title='bbox 290 2260 370 2297; x_wconf 83' lang='lat' dir='ltr'><strong>rios</strong></span> <span class='ocrx_word' id='word_1_257' title='bbox 390 2257 593 2308; x_wconf 87' lang='lat' dir='ltr'><strong>floruerit,</strong></span> <span class='ocrx_word' id='word_1_258' title='bbox 623 2272 667 2297; x_wconf 82' lang='lat' dir='ltr'><strong>ea</strong></span> <span class='ocrx_word' id='word_1_259' title='bbox 686 2265 836 2308; x_wconf 89' lang='lat' dir='ltr'><strong>tamen,</strong></span> <span class='ocrx_word' id='word_1_260' title='bbox 867 2271 968 2310; x_wconf 89' lang='lat' dir='ltr'><strong>quae</strong></span> <span class='ocrx_word' id='word_1_261' title='bbox 989 2258 1132 2307; x_wconf 86' lang='lat' dir='ltr'><strong>edidit,</strong></span> <span class='ocrx_word' id='word_1_262' title='bbox 1165 2259 1294 2311; x_wconf 85' lang='lat' dir='ltr'><strong>Opera</strong></span> <span class='ocrx_word' id='word_1_263' title='bbox 1315 2272 1492 2298; x_wconf 84' lang='lat' dir='ltr'><strong>sermone</strong></span> <span class='ocrx_word' id='word_1_264' title='bbox 1513 2256 1756 2298; x_wconf 81' lang='lat' dir='ltr'><strong>Graecanico</strong></span> 
     </span>
     <span class='ocr_line' id='line_1_32' title="bbox 291 2325 515 2367; baseline 0 -4"><span class='ocrx_word' id='word_1_265' title='bbox 291 2325 515 2367; x_wconf 86' lang='lat' dir='ltr'><strong>adornavit.</strong></span> 
     </span>
    </p>

    <p class='ocr_par' dir='ltr' id='par_1_3' title="bbox 289 2391 1754 2514">
     <span class='ocr_line' id='line_1_33' title="bbox 401 2391 1754 2446; baseline -0.001 -14"><span class='ocrx_word' id='word_1_266' title='bbox 401 2395 550 2435; x_wconf 86' lang='lat' dir='ltr'>XXIV.</span> <span class='ocrx_word' id='word_1_267' title='bbox 605 2393 648 2432; x_wconf 89' lang='lat' dir='ltr'><strong>In</strong></span> <span class='ocrx_word' id='word_1_268' title='bbox 674 2393 842 2446; x_wconf 85' lang='lat' dir='ltr'><strong>proclivi</strong></span> <span class='ocrx_word' id='word_1_269' title='bbox 861 2393 1025 2431; x_wconf 84' lang='lat' dir='ltr'><strong>fortasse</strong></span> <span class='ocrx_word' id='word_1_270' title='bbox 1046 2392 1169 2431; x_wconf 82' lang='lat' dir='ltr'><strong>fuerit</strong></span> <span class='ocrx_word' id='word_1_271' title='bbox 1192 2393 1405 2445; x_wconf 86' lang='lat' dir='ltr'><strong>suspicari,</strong></span> <span class='ocrx_word' id='word_1_272' title='bbox 1439 2391 1664 2432; x_wconf 80' lang='lat' dir='ltr'><strong>Clementem</strong></span> <span class='ocrx_word' id='word_1_273' title='bbox 1687 2405 1754 2430; x_wconf 88' lang='lat' dir='ltr'><strong>su-</strong></span> 
     </span>
     <span class='ocr_line' id='line_1_34' title="bbox 289 2459 1751 2514; baseline -0.001 -14"><span class='ocrx_word' id='word_1_274' title='bbox 289 2461 517 2512; x_wconf 75' lang='lat' dir='ltr'><strong>pradictum</strong></span> <span class='ocrx_word' id='word_1_275' title='bbox 564 2459 916 2514; x_wconf 73' lang='lat' dir='ltr'><strong>chronographum</strong></span> <span class='ocrx_word' id='word_1_276' title='bbox 959 2473 1075 2512; x_wconf 88' lang='lat' dir='ltr'><strong>quem</strong></span> <span class='ocrx_word' id='word_1_277' title='bbox 1114 2461 1208 2499; x_wconf 88' lang='lat' dir='ltr'><strong>citat</strong></span> <span class='ocrx_word' id='word_1_278' title='bbox 1244 2459 1571 2514; x_wconf 74' lang='lat' dir='ltr'><strong>Chronographus</strong></span> <span class='ocrx_word' id='word_1_279' title='bbox 1603 2467 1751 2510; x_wconf 77' lang='lat' dir='ltr'><strong>noster,</strong></span> 
     </span>
    </p>
   </div>
   <div class='ocr_carea' id='block_1_3' title="bbox 405 2568 506 2574">
    <p class='ocr_par' dir='ltr' id='par_1_4' title="bbox 405 2568 506 2574">
     <span class='ocr_line' id='line_1_35' title="bbox 405 2568 506 2574; baseline 0 0"><span class='ocrx_word' id='word_1_280' title='bbox 405 2568 506 2574; x_wconf 95' lang='lat' dir='ltr'><strong> </strong></span> 
     </span>
    </p>
   </div>
   <div class='ocr_carea' id='block_1_4' title="bbox 332 2638 1391 2799">
    <p class='ocr_par' dir='ltr' id='par_1_5' title="bbox 332 2638 1391 2799">
     <span class='ocr_line' id='line_1_36' title="bbox 333 2638 345 2658; baseline 0 0"><span class='ocrx_word' id='word_1_281' title='bbox 333 2638 345 2658; x_wconf 88' lang='lat'>1</span> 
     </span>
     <span class='ocr_line' id='line_1_37' title="bbox 332 2638 1391 2742; baseline -0.002 -13"><span class='ocrx_word' id='word_1_282' title='bbox 332 2638 375 2740; x_wconf 60' lang='lat'><strong>23</strong></span> <span class='ocrx_word' id='word_1_283' title='bbox 398 2641 502 2741; x_wconf 53' lang='grc' dir='ltr'><strong>ἰριῗῗὶ</strong></span> <span class='ocrx_word' id='word_1_284' title='bbox 527 2696 767 2742; x_wconf 81' lang='lat' dir='ltr'><strong>Hottingerum</strong></span> <span class='ocrx_word' id='word_1_285' title='bbox 791 2697 836 2731; x_wconf 87' lang='lat' dir='ltr'><strong>de</strong></span> <span class='ocrx_word' id='word_1_286' title='bbox 858 2695 1080 2731; x_wconf 81' lang='lat' dir='ltr'><strong>Bibliothecis</strong></span> <span class='ocrx_word' id='word_1_287' title='bbox 1105 2695 1226 2730; x_wconf 82' lang='lat' dir='ltr'><strong>orient.</strong></span> <span class='ocrx_word' id='word_1_288' title='bbox 1252 2707 1285 2741; x_wconf 90' lang='lat' dir='ltr'><strong>p.</strong></span> <span class='ocrx_word' id='word_1_289' title='bbox 1314 2697 1391 2731; x_wconf 77' lang='lat'><em>255.</em></span> 
     </span>
     <span class='ocr_line' id='line_1_38' title="bbox 333 2752 996 2799; baseline 0.002 -14"><span class='ocrx_word' id='word_1_290' title='bbox 333 2752 375 2796; x_wconf 74' lang='lat'><strong>³)</strong></span> <span class='ocrx_word' id='word_1_291' title='bbox 400 2752 620 2798; x_wconf 84' lang='lat' dir='ltr'><strong>Supposititii</strong></span> <span class='ocrx_word' id='word_1_292' title='bbox 645 2754 703 2799; x_wconf 87' lang='lat' dir='ltr'><strong>qui</strong></span> <span class='ocrx_word' id='word_1_293' title='bbox 727 2755 884 2789; x_wconf 80' lang='lat' dir='ltr'><strong>Graecus</strong></span> <span class='ocrx_word' id='word_1_294' title='bbox 908 2756 996 2788; x_wconf 80' lang='lat' dir='ltr'><strong>erat.</strong></span> 
     </span>
    </p>
   </div>
   <div class='ocr_carea' id='block_1_5' title="bbox 334 2809 680 2855">
    <p class='ocr_par' dir='ltr' id='par_1_6' title="bbox 334 2809 680 2855">
     <span class='ocr_line' id='line_1_39' title="bbox 334 2809 680 2855; baseline 0.003 -12"><span class='ocrx_word' id='word_1_295' title='bbox 334 2809 376 2853; x_wconf 78' lang='lat'><strong>⁴)</strong></span> <span class='ocrx_word' id='word_1_296' title='bbox 401 2820 435 2855; x_wconf 78' lang='lat' dir='ltr'><strong>p.</strong></span> <span class='ocrx_word' id='word_1_297' title='bbox 459 2809 540 2844; x_wconf 84' lang='lat'><strong>148.</strong></span> <span class='ocrx_word' id='word_1_298' title='bbox 566 2813 601 2843; x_wconf 75' lang='lat' dir='ltr'><strong>et</strong></span> <span class='ocrx_word' id='word_1_299' title='bbox 624 2811 680 2846; x_wconf 78' lang='lat'><strong>26.</strong></span> 
     </span>
    </p>
   </div>
  </div>
 </body>
</html>
