1838 3230
587 181 700 226 ANN
707 179 1066 224 OTATIONES.
1453 183 1553 229 507

95 307 218 354 atque
235 297 336 355 ἔχων
357 295 434 352 τήν
448 293 596 352 λύπην,
623 296 857 350 Imperatori
879 294 1022 335 exinde
1041 295 1219 336 infensus
1239 296 1456 336 vindictam
1478 309 1557 334 me-

96 358 245 398 ditatus
264 363 345 397 est:
374 355 444 396 lib.
465 356 530 399 15.
554 368 592 406 p-
610 356 705 397 377·

209 415 304 468 Pag.
333 411 400 454 45.
429 415 497 454 20.
537 411 580 453 ἐν
597 413 654 467 τῷ
683 410 776 466 ἱερῷ
807 409 941 449 Ηλίου
969 408 1364 463 παρακοιμηθῆναι.]
1405 408 1557 447 Veteri-

95 471 175 510 bus
201 469 251 510 de
277 483 323 510 re
351 469 535 521 quapiam
562 452 733 507 Numina
764 466 1026 516 oonsuhmis,
1057 472 1125 504 aut
1157 466 1309 517 aliquid
1334 466 1382 504 ab
1413 464 1559 504 eisdem

95 526 281 592 petituris
303 526 343 564 in
370 538 480 564 more
506 524 678 576 positum
712 529 816 573 erat,
847 523 1010 574 Templa
1039 524 1231 572 Deorum,
1261 523 1429 574 locaque
1450 535 1562 560 sacra

96 582 261 632 intrare,
288 582 424 634 ibique
454 581 756 629 decubantibus,
784 593 858 632 per
878 580 1048 631 quietem
1067 554 1231 618 Oraeuli'
1243 593 1475 631 responsum
1496 592 1562 617 ex-

96 646 270 694 pectare.
327 639 448 678 Moris
467 637 588 691 hujus
612 637 765 689 antiqui
785 637 893 689 apud
917 637 973 688 Ly
977 636 1218 689 cophronem
1238 635 1406 675 Mentio:

313 698 465 763 Δοραΐς
488 693 532 735 δὲ
561 691 700 764 μήλων
724 694 864 746 τοίμον
895 691 1202 758 ἐγκοιμωμένοις

316 747 468 806 Χρήσει
497 747 592 792 καθ’
619 748 751 791 ν’πνον
779 753 878 790 πᾶσι
906 747 1106 801 νημερτήν
1139 745 1275 800 φάτιν.

179 808 243 848 Ad
269 821 385 860 quem
401 809 532 847 locum
552 809 602 846 Is.
625 809 786 846 Tzetzes
817 806 1055 844 Scholiastes
1073 813 1241 844 testatur
1266 805 1371 857 apud
1392 804 1562 855 Daunos,

96 867 181 906 sive
204 860 392 904 Calabros
409 879 559 904 morem
579 865 812 914 invaluisse,
842 863 1032 902 Podalirii
1053 861 1330 915 sepulchrum,
1362 876 1436 912 pro
1459 875 1563 899 mor-

95 922 239 962 borum
266 935 430 962 suorum
459 921 634 971 medela,
673 920 890 968 invisendi3
932 920 1066 971 ibique
1096 919 1267 970 pellibus
1295 918 1451 968 Ovinis,
1492 918 1563 966 (ἐν

97 977 320 1049 μηλωταῖς)
351 978 623 1027 incumbendi,
653 977 721 1017 καὶ
749 973 844 1017 καθ’
870 973 1026 1024 ὕπνους
1053 971 1273 1027 λαμβάνειν
1300 973 1502 1028 χρησμούς
1521 975 1562 1022 ἐξ

98 1032 235 1077 αυτοῦ.
293 1035 481 1086 Virgilius
502 1035 643 1082 etiam,
672 1033 834 1072 Aeneid.
854 1033 925 1072 lib.
954 1036 993 1075 7.
1052 1033 1236 1070 Latinum
1265 1033 1411 1083 Regem
1435 1031 1560 1070 Fauni

99 1093 260 1132 oracula
283 1093 558 1131 consulentem
576 1090 807 1140 introducit,
835 1089 968 1129 verbis
988 1089 1110 1127 hisce.

919 1146 1007 1184 Huc
1038 1146 1141 1184 dona
1167 1144 1354 1183 sacerdos

317 1204 418 1243 Cum
436 1203 552 1254 tulit,
583 1210 622 1242 et
643 1216 846 1242 caesarum
867 1203 998 1241 ovium
1025 1202 1098 1240 sub
1118 1208 1236 1240 nocte
1260 1201 1391 1239 silenti

315 1260 491 1301 Pellibus
511 1260 694 1299 incubuit
713 1260 859 1309 stratis,
889 1272 1125 1310 somnosque
1150 1258 1314 1310 petivit:

315 1317 440 1357 Multa
455 1317 581 1356 modis
603 1316 841 1355 simulachra
863 1315 972 1354 videt
992 1316 1203 1355 volitantia
1221 1314 1345 1364 miris,

312 1374 365 1413 Et
383 1374 514 1413 varias
532 1373 647 1413 audit
668 1387 784 1413 voces
806 1373 1033 1424 fruiturque
1052 1373 1229 1412 Deorum

316 1430 536 1483 colloquio.

182 1484 257 1525 Ubi
274 1487 388 1542 quod
405 1493 552 1538 noster,
572 1488 945 1540 παρακοιμηθῆναι,
976 1486 1178 1537 Virgilius,
1207 1483 1411 1533 incubare,
1444 1483 1563 1523 dixit:

100 1542 232 1595 quod,
261 1544 398 1583 Servio
420 1550 538 1595 teste,
568 1544 734 1596 proprie
755 1544 903 1582 dicitur
931 1543 978 1581 de
996 1542 1060 1580 his
1081 1545 1148 1594 qui
1169 1543 1371 1581 dormiunt
1392 1540 1443 1578 ad
1463 1540 1565 1578 acci-

99 1598 245 1651 pienda
268 1601 486 1653 Responsa.
541 1601 654 1639 Unde
677 1607 748 1648 est,
778 1598 846 1638 ille
865 1598 1026 1638 incubat
1054 1598 1157 1649 Jovi,
1187 1598 1231 1636 id
1253 1606 1326 1646 est,
1357 1597 1505 1635 dormit
1523 1597 1563 1634 in

101 1655 319 1708 Capitolio,
347 1663 393 1696 ut
410 1659 612 1709 Responsa
639 1657 766 1709 possit
789 1657 981 1707 accipere.
1041 1655 1293 1694 Consuetudo
1317 1660 1447 1692 autem
1465 1653 1564 1691 haec

100 1725 230 1764 usque
248 1712 298 1751 ad
321 1714 564 1753 Constantin.
602 1714 654 1754 M.
684 1714 855 1763 viguisse
874 1718 1039 1750 testatur
1062 1719 1202 1751 auctor
1219 1712 1376 1759 Noster
1408 1710 1476 1761 qui
1494 1710 1564 1748 lib.

101 1771 140 1812 3.
162 1783 202 1822 Ρ.
220 1769 288 1812 46.
346 1770 627 1823 Imperatorem
659 1743 768 1807 huii'c
801 1768 1050 1807 Sosthenium
1085 1769 1132 1807 ab
1164 1767 1404 1818 Argonautis
1428 1766 1564 1805 condi-

100 1831 186 1864 tum
206 1826 443 1877 visitantem,
473 1827 600 1893 deque
622 1833 775 1865 statuae
794 1825 940 1863 ibidem
957 1825 1109 1877 positae
1129 1826 1254 1876 sigula
1276 1822 1464 1874 Angelica
1487 1823 1563 1861 sci-

101 1883 270 1922 scitandi
289 1897 426 1933 0ausa‚
454 1887 509 1940 τῷ
531 1899 636 1938 τοπῳ
657 1897 1015 1946 παρακοιμωμενον
1040 1883 1271 1921 introducit.
1331 1881 1409 1919 Sed
1433 1886 1471 1918 et
1492 1880 1562 1918 Ju-

101 1938 230 1978 lianus
248 1940 364 1979 etiam
386 1939 411 1981 ό
426 1925 671 1995 παραβάτης,
701 1945 880 1991 suscepta
900 1939 940 1976 in
959 1939 1096 1977 Persas
1114 1939 1379 1990 expeditione,
1410 1937 1562 1975 sacris-

103 2009 182 2048 que
202 1996 254 2035 ad
269 1996 487 2069 Daphnem,
517 1996 777 2036 Antiochense
796 1995 1045 2047 suburbium,
1075 1996 1251 2048 Apollini
1270 1994 1455 2047 peractis,
1486 2009 1563 2033 πα-

103 2053 384 2107 ρακοιμηθεις,
414 2068 488 2106 per
506 2055 679 2105 quietem
698 2053 800 2092 vidit
818 2053 1027 2104 puerulum
1055 2052 1133 2092 ssav
1138 2066 1222 2104 um,
1254 2051 1322 2104 qui
1339 2050 1478 2090 mortis
1498 2050 1562 2089 lo-

103 2122 194 2149 cum
217 2109 252 2149 ei
268 2111 597 2163 praenunciabat:
626 2111 697 2150 lib.
719 2113 783 2152 13·
803 2123 840 2161 p-
862 2112 955 2152 312.

217 2169 312 2220 Pag.
343 2169 409 2210 46.
444 2171 510 2210 13.
555 2166 623 2208 καὶ
651 2167 804 2208 ἐκεῖνον
833 2164 876 2206 δὲ
909 2161 1130 2230 αμύνηταιο]
1169 2160 1334 2219 οἷμύνω,
1378 2163 1560 2213 auxilior,

105 2217 311 2277 ἆμύνομαι
338 2225 534 2275 ulciscor,
564 2224 630 2263 vel
651 2237 798 2292 poenas
816 2223 863 2261 ab
893 2223 1029 2274 aliquo
1051 2222 1190 2274 exigo,
1220 2221 1383 2274 proprie
1410 2220 1563 2270 signifi-

106 2285 208 2319 cant.
262 2280 509 2333 Hesychius:
548 2277 719 2333 οἷμῦναι,
753 2276 1012 2332 ἄπαλεξῆσαι,
1042 2282 1274 2348 τιμωρῆσαι.
1330 2278 1563 2316 Ammonius

107 2335 156 2373 de
176 2337 287 2377 verb.
308 2338 426 2377 simil.
442 2344 481 2378 et
504 2337 632 2378 differ.
662 2334 917 2390 Αμύνεσθαι,
947 2335 1014 2376 καὶ
1034 2351 1204 2388 αμυνειν
1226 2333 1430 2403 διαφέρει·
1463 2330 1565 2386 αμύ-

107 2396 251 2434 vacem
281 2392 353 2447 μὲν
375 2411 449 2450 γαρ
474 2394 556 2436 ἐστὶ
582 2391 625 2436 τὸ
650 2391 828 2442 κολαζειν
863 2390 958 2442 τούς
987 2389 1351 2459 προαδικήσαντας·
1392 2386 1564 2442 οἷμυνειν

108 2445 153 2487 δὲ
178 2446 223 2490 το
256 2451 439 2503 βοηθεῖν.
496 2451 558 2490 Ad
591 2451 757 2490 eundem
794 2449 1094 2502 Moschopulus:
1132 2445 1295 2503 ἀμύνω,
1323 2445 1368 2488 τὸ
1397 2448 1562 2500 βοηθῶ

108 2499 312 2558 α’μκυνομαι
332 2506 387 2557 δὲ,
418 2505 461 2550 τό
475 2511 736 2575 τιμωροῦμαι,
762 2504 887 2562 ἤγουν
903 2503 1070 2555 κολαζω.

223 2564 317 2616 Pflg·
345 2567 413 2607 47.
443 2563 481 2606 4.
520 2561 736 2619 γεηπόνος]
767 2566 852 2604 Scr.
880 2560 1070 2617 γηπόνος.

225 2620 320 2671 Pflg·
349 2620 415 2664 47.
447 2625 511 2664 18
561 2622 604 2663 οἱ
626 2625 699 2663 τοῦ
725 2616 849 2661 αυτοῦ
871 2618 1087 2673 κτήματος]
1118 2619 1247 2669 κτῆμα
1269 2615 1346 2654 hoc
1369 2616 1472 2666 loco,
1502 2616 1561 2654 uti

110 2674 227 2713 etlam
258 2674 383 2727 infra,
431 2691 471 2730 p.
497 2681 565 2722 23.
592 2692 668 2730 pro
697 2678 805 2727 vico,
847 2678 930 2716 sive
959 2677 1055 2716 villa
1089 2674 1278 2712 sumitur:
1319 2673 1424 2711 unde
1458 2671 1564 2725 apud

111 2731 284 2769 Graecos
303 2735 553 2783 recentiores,
584 2731 748 2788 κτήτωρ,
783 2747 979 2786 paganus,
1010 2738 1076 2770 aut
1094 2731 1209 2770 etiam
1231 2729 1333 2780 vici,
1364 2730 1428 2767 vel
1454 2730 1562 2767 uibis

110 2787 280 2840 alicujus
303 2789 447 2830 incola.
504 2791 692 2844 Exempla
722 2791 841 2843 hujus
858 2790 1007 2841 generis
1035 2789 1140 2840 apud
1158 2786 1265 2825 hune
1286 2793 1465 2825 nostrum
1486 2787 1559 2824 sle-

110 2851 277 2896 quenter
298 2852 532 2897 occurrunt,
562 2861 663 2899 quae
684 2849 812 2887 omnia
842 2861 913 2886 suo
944 2847 1032 2885 loco
1054 2843 1271 2884 videbimus
1327 2843 1435 2883 Idem
1453 2843 1561 2881 vide-
