1838 3230
595 149 1068 196 ANNOTATIONES.
1451 151 1554 202 595.

95 275 203 320 tuta,
231 275 279 310 ut
295 266 644 321 exsequentibus,
671 264 881 305 Jnstinian.
903 265 1047 304 Novel.
1075 264 1184 316 citat.
1209 270 1393 318 apparet:
1422 261 1490 316 ἐφ’
1518 259 1552 320 ᾧ

96 322 271 394 δημόσια,
288 321 436 374 actiacus·
451 321 732 379 ἐργαζομένους
757 317 880 372 ὅπλα,
906 320 976 362 καὶ
1000 318 1072 370 τὰς
1098 321 1143 364 ἐκ
1171 325 1246 363 τοῦ
1275 320 1469 375 δημοσίου
1492 333 1553 362 σι-

96 395 232 436 τησεις
249 382 495 435 κομίζεσθαι.

211 440 304 492 Peg.
335 441 428 480 309.
460 441 498 481 7.
531 434 605 483 ἕως
621 431 664 474 τὰ
678 429 781 487 γόνυ
807 435 882 474 τοῦ
899 432 1057 487 ἵππου]
1089 431 1184 483 ἕως,
1214 431 1442 472 accusativo
1457 431 1551 485 jun-

96 499 226 543 ctum,
257 493 349 532 alibi
364 493 470 532 haud
489 499 632 532 temere
649 490 840 528 invenies.

211 552 305 603 Peg.
333 553 430 597 309.
466 552 530 591 10.
578 546 645 588 καὶ
670 541 933 597 κονδᾶψαντα
967 546 1025 596 εἰς
1062 541 1185 596 αὐτό]
1226 544 1384 584 Novum
1420 545 1552 597 plane,

95 604 270 658 mihique
288 605 505 645 inauditum
523 602 600 642 hoc
619 602 871 642 vocabulum.
1403 621 1407 625 ·

210 664 306 714 Peg.
329 664 423 704 310.
455 665 519 704 17.
548 663 632 707 τοῖς
655 661 798 698 νικῶσι
822 661 981 711 παρεῖχε
1011 653 1184 710 σοὶκρας]
1216 653 1372 710 Σᾶκραι
1396 653 1555 695 Rescri-

93 727 168 772 pta
193 723 306 767 sunt,
344 717 427 756 sive
451 717 611 756 Literae
644 713 948 767 Impemioriae:
984 713 1062 752 hoc
1096 727 1190 752 vero
1216 714 1306 752 loco
1334 712 1554 763 Diplomata

97 773 378 827 Imperatoria,
407 773 492 813 sive
520 772 671 810 Literas
699 784 797 822 quas
828 776 972 810 vocant
1004 773 1198 817 Parentes,
1230 769 1456 807 Victoribus
1474 768 1553 807 Ho-

97 843 213 869 nores
230 829 442 882 quosdam,
472 830 557 868 sive
576 827 785 878 dignitates
803 826 1077 866 confirmantes
1096 825 1262 876 intelligi
1280 832 1392 877 puto.
1488 868 1490 871 f

212 889 309 939 Pag.
340 889 435 928 310.
467 889 533 928 18.
573 880 714 931 καθώς
741 880 988 935 Δομετιανός
1013 881 1037 923 ὅ
1064 878 1318 932 σοφώτατος]
1355 881 1472 919 Forte
1498 880 1554 919 le-

96 942 290 994 gendum,
318 946 522 992 Δομνῖνος
538 938 570 981 ὅ.
602 952 636 980 σ.
716 939 773 977 De
810 938 930 977 Ludis
961 938 1063 976 enim
1093 936 1202 976 hisce
1228 937 1448 989 Olympicis
1477 938 1554 974 An-

95 998 267 1038 tiochiae
302 998 532 1047 celebratis,
571 994 764 1047 quicquid
795 996 949 1047 profert
980 996 1131 1033 Auctor
1161 1000 1318 1044 noster,
1359 994 1553 1031 Domnino

97 1053 411 1107 Chronographo
438 1054 484 1093 id
510 1065 625 1092 omne
655 1065 697 1091 se
730 1051 931 1104 accepisse
960 1063 1082 1103 supra
1118 1050 1286 1100 fatetur,
1316 1049 1385 1088 lib.
1418 1053 1484 1092 12.
1512 1049 1555 1087 in

95 1106 322 1151 comm'odo.

207 1166 309 1220 Pag.
337 1168 434 1209 812.
462 1167 502 1207 3.
532 1164 759 1218 ἐβασίλευσε
779 1159 1049 1214 Μαξιμιανός,
1077 1159 1099 1202 ὅ
1115 1161 1183 1202 καὶ
1204 1161 1370 1213 ἐπίκλην
1388 1156 1553 1213 Ερκού-

96 1226 192 1274 mog,
213 1223 277 1275 ἔτη
302 1218 403 1274 vost]
436 1221 702 1260 Diocletianus
719 1226 758 1259 et
779 1218 1039 1258 Maximianus
1057 1218 1230 1268 collegae
1249 1217 1457 1269 imperium
1477 1230 1553 1255 una

96 1285 329 1328 tenuerunt,
359 1291 517 1329 unoque
537 1277 724 1328 deinceps
749 1276 826 1325 die,
856 1274 1024 1326 imperio
1043 1273 1241 1323 abdicato,
1270 1273 1448 1313 habitum
1468 1273 1552 1324 pri-

94 1343 230 1376 vatum
257 1340 520 1386 sumpserunt.
585 1333 804 1384 Eutropius
837 1331 908 1372 lib.
938 1334 1001 1372 10.
1031 1330 1081 1368 ad
1113 1330 1254 1369 finem:
1292 1339 1447 1381 uterque
1476 1344 1552 1366 uno

96 1391 160 1432 die
186 1390 350 1445 privato
367 1388 504 1429 habitu
535 1390 687 1442 imperii
712 1389 861 1440 insigne
889 1387 1076 1437 mutavit,
1104 1384 1361 1426 Nicomediae
1392 1383 1555 1424 Diocle-

94 1449 247 1495 tianus,
277 1444 495 1486 Herculeus
509 1443 755 1494 Mediolani,
786 1454 855 1483 etc.

205 1505 308 1556 Pag.
339 1506 436 1545 312.
467 1506 506 1544 7.
546 1501 773 1554 ἐβασίλευσε
803 1498 1051 1548 Μαξὲντιος,
1084 1497 1105 1539 ὅ
1131 1498 1198 1539 καὶ
1225 1496 1434 1549 Γαλὲριος]
1465 1498 1550 1537 Ser.

97 1557 373 1611 Μαξιμιανὸς,
403 1557 428 1610 ᾇ
443 1557 511 1598 aial.
530 1557 734 1610 Γαλέριος·
764 1556 990 1595 Maxentius
1019 1555 1121 1593 enim
1141 1554 1288 1592 Galerii
1319 1567 1552 1603 cognomen-

94 1622 182 1655 tum
209 1629 289 1654 non
306 1614 456 1653 habuit.
516 1614 779 1652 Diocletianus
810 1618 963 1657 autem,
993 1617 1031 1650 et
1054 1610 1313 1649 Maximianus
1341 1610 1553 1647 Herculius

96 1673 197 1725 lmp.
224 1673 354 1723 posito
377 1670 565 1722 imperio,
594 1669 660 1706 hic
678 1669 838 1720 quidem
867 1668 943 1705 sibi
964 1680 1229 1705 successorem
1252 1665 1430 1715 designat
1452 1666 1552 1703 Con-

98 1729 285 1768 stantium
311 1725 521 1775 Chlorum,
551 1725 709 1777 Imperii
734 1730 848 1776 parte
875 1723 1110 1762 occidentali
1143 1722 1178 1760 ei
1205 1723 1431 1761 commissa:
1461 1723 1552 1759 Dio.

98 1785 290 1824 cletianus
306 1796 404 1834 vero
424 1782 702 1820 Maximianum
722 1780 918 1818 Galerium
942 1778 1210 1821 Orientalibus
1226 1778 1466 1828 regionibus,
1491 1778 1552 1816 sui

96 1842 138 1881 in
167 1841 320 1888 locum,
357 1838 562 1892 praefecit.
621 1836 859 1875 Maxentium
887 1843 1018 1882 tamen
1045 1835 1272 1874 Maximiani
1299 1834 1480 1877 Herculei
1508 1833 1553 1872 fi.

95 1897 195 1936 lium
213 1896 398 1945 Romani,
428 1909 498 1934 sua
514 1895 771 1942 auctoritate,
805 1894 1006 1931 Caesarem
1030 1898 1235 1930 crearunt:
1273 1898 1411 1929 contra
1435 1904 1550 1941 quem

98 1953 377 1992 Constantinus
403 1951 454 1990 M.
491 1950 707 1989 Constantii
737 1949 873 1987 Chlori
906 1963 955 1988 ex
990 1948 1137 1988 Helena
1163 1947 1286 1996 filius,
1325 1960 1363 1985 v.
1396 1946 1552 1997 imperii

96 2011 284 2051 sui.anno
318 2022 427 2047 arma
458 2007 603 2056 movit,
640 2005 874 2058 tandemque
902 2005 1059 2057 penitus
1087 2004 1254 2052 devicit,
1290 2002 1340 2040 ad
1370 2003 1551 2041 Milvium

97 2073 280 2120 pontem,
310 2070 409 2103 teste
430 2064 641 2115 Eutropio,
671 2062 738 2101 lib.
760 2066 826 2104 10.
885 2062 1088 2100 Caeterum
1108 2067 1284 2112 tempora
1303 2059 1422 2110 haec,
1451 2060 1492 2097 in
1509 2072 1551 2098 se

97 2123 290 2176 perplexa
308 2122 421 2170 satis,
450 2119 756 2172 implicatissima
774 2118 920 2158 reddit..
935 2118 1084 2156 Auctor
1099 2124 1246 2155 noster.

212 2181 306 2231 Peg.
337 2181 429 2220 312.
471 2180 534 2218 11.
571 2172 786 2228 Ἰάμβλιχος
815 2173 836 2215 ὁ
861 2170 1083 2226 φιλόσοφος
1109 2171 1314 2223 ἐδίδασκε]
1343 2169 1551 2209 Jamblichi

99 2234 180 2275 duo
211 2235 395 2274 suerunt:
425 2233 526 2272 alter
556 2233 755 2280 Libertus;
785 2231 840 2268 ita
866 2231 989 2279 enim,
1019 2226 1095 2271 ἀπὸ
1125 2225 1303 2277 δούλων,
1335 2227 1441 2278 apud
1464 2226 1551 2264 Sui-

101 2291 211 2343 dam,
251 2297 407 2329 vertere
435 2288 644 2342 possimus.
705 2284 915 2340 Ιοὲμβλιχος
945 2281 1080 2335 οὗτος,
1111 2283 1166 2334 ὥς
1191 2296 1328 2335 φασιν,
1354 2279 1435 2322 cino*
1458 2279 1551 2322 δού-

100 2350 180 2388 λων
202 2341 269 2399 ἦν.
299 2345 409 2387 Suid.
439 2346 469 2383 F
473 2345 594 2384 loruit
611 2344 675 2382 hic
697 2343 769 2382 sub
793 2343 989 2382 Antonino
1009 2343 1099 2381 Pio:
1131 2342 1189 2379 uti
1219 2339 1351 2390 inquit
1365 2338 1549 2378 Vossius:

101 2404 258 2455 scripsit
290 2415 388 2441 vero
425 2401 690 2453 Babylonica,
731 2401 814 2438 sive
845 2399 1037 2438 Rhodinis
1075 2405 1112 2436 et
1141 2395 1339 2434 Sinonidis
1372 2395 1549 2444 Amores,

99 2460 166 2499 lib.
187 2462 253 2502 39.
278 2465 375 2497 teste
397 2457 530 2498 Suida.
586 2456 844 2495 Jamblichum
871 2457 1041 2494 alterum·
1064 2453 1383 2501 Chalcidensem,
1421 2450 1550 2488 Philo-

101 2514 292 2567 sophum,
321 2513 535 2567 Porphyrii
549 2514 791 2561 auditorem,
823 2512 871 2551 de
897 2525 976 2564 quo
1002 2510 1079 2549 hoc
1107 2510 1196 2546 loco
1222 2513 1379 2554 noster,
1408 2506 1548 2544 Suidas

102 2572 174 2611 sub
200 2571 452 2609 Constantino
478 2570 575 2624 Imp.
595 2571 660 2609 alii
679 2570 881 2621 aliquanto
906 2567 1067 2620 sequius
1082 2571 1246 2617 ponunt,
1276 2562 1548 2603 Valentiniano

101 2635 141 2667 et
161 2627 321 2667 Valente
340 2627 468 2679 impp.
1169 2656 1173 2665 ,

216 2686 308 2735 Pag.
340 2685 433 2725 812.
465 2685 529 2725 15.
558 2679 837 2736 ἐπεστράτευσε
854 2675 945 2721 κατ’
965 2673 1096 2718 αὐτῶν
1122 2675 1144 2718 ὁ
1164 2671 1280 2723 αὐτὸς
1300 2673 1548 2727 Μαξέντιος]

101 2741 256 2779 Bellum
274 2738 351 2776 hoc
370 2738 410 2776 in
433 2739 567 2778 Persas
585 2754 607 2778 a
626 2739 783 2778 Galerio
802 2736 1061 2783 Maximiano,
1091 2732 1321 2772 Diocletiani
1353 2731 1452 2784 Imp.
1479 2746 1547 2769 an-

102 2811 154 2835 no
168 2810 269 2837 xvu.
291 2801 443 2847 gestum
462 2801 533 2835 est.
589 2795 690 2835 Vide
709 2794 868 2834 Eusebii
889 2792 1032 2830 Chron-
