1838 3230
267 211 365 268 ,100
662 200 950 246 loANle
981 201 1315 244 MALALAE

265 321 428 380 χώρας,
465 323 530 366 καὶ
555 319 637 376 ἄγει
658 322 699 364 ἓν
721 320 831 378 με’σῳ
850 324 923 363 τοῦ
952 323 1129 377 στρατοῦ
1159 316 1321 368 παντός.
1391 316 1414 361 ὁ
1443 316 1713 373 δὲιἈχιλλεῦς

271 393 424 440 εὐθέως
441 391 630 433 ἀπελθών
651 389 754 443 μετὰ
772 393 852 431 τῶν
873 389 1056 444 Ἀργείων
1078 389 1144 430 καὶ
1163 391 1244 429 τῶν
1263 384 1564 441 Μυρμιδόνων,
1602 386 1709 429 τοῦτ’

272 461 356 502 ἐστὶ
375 462 446 501 τοῦ
472 460 574 500 ἰδίου
597 461 774 512 στρατοῦ
786 489 800 509 ,
837 457 1040 511 ἐπέρχεται
1061 455 1111 513 τῇ
1130 455 1288 512 Λέσβῳ
1315 453 1427 497 πόλει
1448 456 1514 496 καὶ
1531 457 1582 510 τῇ
1598 451 1714 512 χώρᾳ

273 528 397 581 αὐτῆς
423 530 473 582 τῇ
503 524 794 581 βασιλευομένῃ
827 522 905 567 ὕπὸ
945 523 1183 580 Φόρβαντος
1194 536 1218 574 ,’
1244 523 1460 578 συγγενέως
1492 519 1711 576 Πριάμου·

272 595 381 643 ὅστις
402 596 467 635 καὶ
490 592 641 646 πολλὴν
663 592 818 648 ἔχθραν
842 591 917 647 εἷχε
944 592 1046 646 μετὰ
1074 595 1156 634 τῶν
1184 589 1395 644 Ἑλλήνων.
1465 588 1747 645 παραλαβώνὸ

223 671 253 705 C
277 664 320 705 δὲ
351 661 423 715 τὴν
447 658 588 716 χώραν
616 662 682 702 καὶ
709 660 783 714 τὴν
802 658 916 702 πόλιν
940 659 961 702 ὃ
979 659 1177 714 Ἀχιλλεὺς
1197 659 1268 700 τὸν
1293 656 1516 714 Φόρβαντα
1540 655 1711 713 φονεύει)

274 732 338 772 καὶ
368 726 562 781 λαμβάνει
591 726 723 770 πάντα
750 727 802 770 τὰ
829 732 902 782 τῆς
919 729 1125 781 βασιλείας
1144 726 1292 778 αὐτοῦ,
1329 728 1395 767 καὶ
1416 726 1489 780 τὴν
1507 724 1715 782 θυγατέρα

274 798 399 839 αὐτοῦ
417 794 632 849 Διομήὸαν
652 795 735 850 ἄγει
748 809 758 818 ”
793 791 842 849 ἦν
862 796 905 837 δὲ
923 794 946 849 ἡ
967 793 1063 851 κόρη
1083 793 1213 848 λευκή,
1251 792 1557 850 στρογγυλόψις,
1589 797 1716 848 yzav-

275 863 338 918 κή,
375 865 518 915 τελεία,
555 861 802 914 ὖπόξανθος,
839 861 1050 916 ὖπόσιμος,
1086 858 1189 904 οὖσα
1217 863 1409 904 ἐνιαυτῶν
1439 858 1518 914 κβ’,
1555 860 1716 917 παρθέ-

275 946 365 982 νος·
402 928 504 985 &we
537 932 706 985 κομίσας
737 931 790 973 τὰ
818 934 860 973 ἐκ
890 931 1062 983 Λέσβου
1091 928 1225 972 πάντα
1256 932 1311 979 εἷς
1335 930 1407 972 τὸν
1438 928 1613 985 στρατὸν
1635 932 1717 971 τῶν
1729 935 1772 970 10

272 998 486 1053 Ἑλλήνιον.
557 1001 624 1040 καὶ
653 999 793 1041 λοιπὸν
824 997 1006 1054 ὁρμήσας
1032 996 1150 1040 πάλιν
1171 999 1338 1051 ἐξῆλθεν
1360 999 1421 1038 ἐπὶ
1441 996 1511 1039 τὸν
1531 995 1717 1046 Εὔξεινον

278 1066 450 1118 πόντον,
489 1067 554 1107 καὶ
582 1066 760 1122 ἀφανίζει
781 1067 852 1121 τὴν
870 1066 1009 1122 χώραν
1035 1063 1282 1122 πραιδεύων,
1321 1067 1385 1107 καὶ
1411 1061 1719 1120 παραλαμβάνει

274 1134 348 1189 τὴν
367 1133 592 1190 Λυρνησὸν
611 1133 747 1186 πόλιν,
786 1136 852 1176 καὶ
873 1131 1028 1191 φονεύει
1050 1137 1276 1188 κρατοῦντα
1296 1133 1420 1187 αὐτῆς
1437 1132 1508 1174 τὸν
1523 1132 1718 1174 Ἠετίωνα

277 1202 462 1255 βασιλέα,
485 1203 550 1242 καὶ
571 1200 766 1255 λαμβάνει
789 1203 862 1256 τὴν
880 1209 1049 1257 γυναῖκα
1070 1202 1195 1243 αὐτοῦ
1215 1199 1485 1254 αι’χμάλωτον,
1507 1199 1581 1254 τὴν
1599 1196 1716 1255 Χρύ-

133 1278 169 1314 O
193 1280 259 1316 126
282 1286 356 1312 σου
386 1268 619 1324 θυγατέρα,
658 1270 791 1326 ἱερέως
813 1268 1085 1321 Ἀπόλλωνος,
1116 1267 1388 1323 Ἀστυνόμην,
1424 1267 1498 1323 ’τὴν
1519 1270 1719 1322 μετακλη-
1731 1274 1774 1310 15

278 1342 423 1379 θεῖσαν
454 1338 697 1391 Χρυσηίδα,
734 1339 798 1379 καὶ
829 1337 899 1379 τὸν
928 1336 1052 1379 αὐτοῦ
1080 1340 1255 1379 πλοῦτον
1281 1338 1439 1390 καὶτῆς
1457 1334 1616 1392 χώρας,
1654 1336 1720 1376 καὶ

225 1417 258 1452 1)
282 1404 366 1459 ἄγει
394 1406 448 1453 εἷς
475 1404 548 1452 τὰς
573 1409 693 1454 ναῦς·
729 1400 778 1458 ἦν
801 1406 844 1446 δὲ
867 1403 890 1458 ἦ
915 1404 1015 1457 αὐτὴ
1041 1402 1264 1458 Ἀστυνόμη
1290 1402 1314 1458 ἦ
1338 1405 1404 1446 καὶ
1419 1405 1607 1460 Χρυσηὶς
1627 1420 1719 1445 κυν-

279 1469 448 1526 δοειὸής,
486 1470 621 1526 λεπτή,
659 1470 792 1526 λευκή,
824 1471 1092 1525 ξανθόκομος,
1124 1471 1290 1528 εὕρινος,
1319 1469 1617 1528 μικρόμασθοςξ
1649 1466 1720 1512 οὗ·

279 1555 334 1581 σα
367 1540 558 1581 ἐνιαυτῶν
585 1537 659 1582 ιθ’.
691 1592 693 1595 ¹
730 1538 917 1596 ἐφόνευσε
946 1540 990 1581 δὲ
1019 1541 1084 1581 καὶ
1115 1538 1160 1582 ὃν
1187 1539 1466 1595 προετρέψατο
1497 1537 1672 1594 στρατὸν
1697 1535 1719 1578 ὃ

275 1606 444 1649 Ἠετίων
474 1610 554 1648 τῶν
585 1607 804 1662 λεγομένων
833 1609 1023 1650 Κιλικίων
1057 1611 1138 1649 τῶν
1168 1605 1372 1649 ἐλθόντων
1403 1608 1458 1655 εἷς
1488 1606 1776 1660 συμμαχίανΞΟ

282 1674 408 1716 αὐτοῦ
438 1676 504 1715 καὶ
536 1678 616 1716 τῶν
648 1673 815 1731 Τρώων.
886 1675 1070 1717 κάκεῖθεν
1091 1673 1316 1728 ἐξορμήσας
1336 1673 1489 1731 ἔρχεται
1507 1674 1608 1728 πρὸς
1627 1673 1723 1722 τούς

279 1743 429 1790 παῖδας
447 1742 600 1798 Βρίσου
613 1774 626 1794 ,
662 1742 872 1797 γενομένου
898 1743 1116 1798 &ade-'mov
1138 1740 1356 1798 Πριάμου,
1395 1743 1436 1783 ἓν
1454 1745 1504 1797 τῇ
1534 1741 1722 1797 λεγομένῃ

282 1812 407 1866 Λεγῷ
441 1806 573 1850 πόλει·
610 1811 675 1851 καὶ
705 1808 951 1865 πραιὸεύσας
971 1810 1043 1864 τὴν
1061 1807 1200 1866 χώραν
1222 1810 1347 1863 αὐτῆς
1367 1813 1501 1852 πᾶσαν
1518 1809 1625 1862 μένει
1645 1825 1720 1851 πο-

371 1904 404 1938 5.
428 1900 541 1947 μετοὲ]
565 1903 661 1938 Fort.
678 1903 785 1941 κατὰ.
879 1907 930 1941 11.
958 1903 1116 1948 Εὗξινον
1140 1905 1207 1940 Ox,
1299 1906 1356 1941 22.
1380 1905 1558 1948 Βρίσσου]
1584 1903 1721 1947 Βρίσου
1764 1905 1766 1909 ’

374 1949 492 1993 scripsi
516 1949 569 1982 hic
591 1954 626 1982 et
649 1961 682 1994 p.
704 1962 774 1995 seq.
800 1962 832 1984 v.
856 1952 888 1985 2.
915 1953 990 1986 102.
1016 1955 1046 1986 1.
1072 1962 1144 1984 cum
1163 1950 1331 1984 Cedreno.
1398 1952 1454 1985 23.
1478 1950 1582 1996 Λεγῷ
1596 1948 1718 1994 πόλει]

374 1992 567 2038 Λεγοπόλει
592 1995 657 2027 Ox.
686 1999 722 2028 et
745 2007 779 2040 p.
799 2007 870 2040 seq.
896 2008 927 2031 v.
951 1996 983 2032 4.
1007 1999 1039 2032 6.
1063 1994 1316 2041 Λεγουπόλεως
1339 1998 1374 2029 et
1394 1994 1506 2040 Λεγώ.

282 2072 370 2105 bona
392 2071 503 2105 omnia
526 2070 690 2116 abripuit,
714 2072 815 2117 inque
837 2074 980 2109 medium
1004 2074 1185 2108 exercitum
1228 2073 1374 2108 roduxit.
1413 2073 1554 2107 Achilles
1575 2072 1719 2116 interim,

284 2128 357 2150 cum
387 2116 520 2160 Argivis
544 2121 579 2149 et
602 2117 868 2160 Myrmidonibus
898 2121 963 2153 suis
986 2131 1156 2164 egressus,
1198 2086 1339 2153 flesbum
1372 2119 1489 2153 urbem
1512 2119 1720 2162 aggreditur,

283 2161 520 2206 regionemque
542 2164 648 2195 totam
671 2162 978 2207 circumjacentem,
1014 2177 1099 2210 quae
1122 2164 1307 2199 Phorbanti
1331 2164 1464 2209 paruit,
1501 2175 1543 2198 ex
1567 2164 1719 2208 cognatis

284 2206 428 2247 Priami,
468 2205 610 2240 Graecis
640 2207 771 2251 pariter
803 2208 1031 2244 infensissimo.
1078 2211 1263 2255 Occupatis
1300 2214 1413 2243 autem
1444 2210 1528 2243 urbe
1561 2210 1720 2254 regione-

286 2263 371 2295 que,
396 2251 540 2285 Achilles
561 2252 787 2286 Phorbantem
809 2254 914 2298 ipsum
936 2255 1128 2296 interfecit;
1151 2266 1322 2300 regnoque
1345 2256 1416 2299 ejus
1438 2254 1591 2299 spoliato,
1617 2253 1720 2289 filiam

285 2295 482 2330 Diomedam
505 2296 672 2341 captivam
695 2297 844 2332 abduxit.
891 2300 981 2333 Erat
1003 2306 1114 2334 autem
1137 2300 1234 2344 virgo
1258 2300 1419 2342 candida,
1444 2299 1539 2334 vultu
1561 2299 1719 2342 rotundo,

287 2341 403 2375 caesiis
427 2341 548 2382 oculis,
581 2346 711 2376 statura
731 2343 842 2386 justa,
874 2345 1002 2389 capillis
1024 2345 1201 2387 subflavis,
1224 2345 1388 2387 subsima,
1418 2356 1520 2379 annos
1542 2355 1624 2378 vero
1645 2355 1719 2378 xxn

287 2391 377 2420 nata.
424 2387 543 2421 Redux
566 2397 646 2421 vero
670 2387 832 2429 Achilles,
858 2394 1064 2434 reportatam
1089 2402 1109 2424 a
1131 2391 1240 2424 Lesbo
1265 2391 1425 2436 praedam
1448 2390 1491 2423 ad
1514 2389 1719 2424 Graecorum

289 2432 471 2466 exercitum
500 2431 687 2467 deferebat.
743 2433 866 2467 Rursus
889 2435 989 2468 etiam
1012 2446 1181 2478 egressus,
1213 2436 1256 2469 ad
1279 2436 1422 2469 Pontum
1443 2434 1628 2475 Euxinum,
1663 2446 1720 2469 re-

289 2477 420 2521 gionem
442 2477 531 2511 illam
553 2477 726 2519 devastat,
749 2480 972 2524 praedamque
994 2480 1112 2524 abigit.
1159 2480 1249 2522 Quin
1272 2485 1307 2514 et
1326 2481 1508 2523 Lyrnesum
1529 2480 1645 2513 urbem
1663 2491 1721 2514 oe-

289 2522 361 2566 pit3
384 2522 529 2556 Eetione
550 2534 653 2567 rege,
684 2522 741 2568 qui
763 2523 829 2557 loci
852 2524 998 2558 dominus
1022 2529 1114 2566 erat,
1149 2537 1168 2558 e
1191 2525 1297 2559 medio
1321 2525 1470 2558 sublatoz
1507 2524 1598 2567 cujus
1619 2525 1720 2560 etiam

289 2577 424 2601 uxorem
456 2570 679 2611 Astynomen,
713 2568 826 2612 (quae
848 2573 885 2602 et
916 2569 1071 2612 Chryseis
1094 2569 1186 2603 dicta
1219 2570 1316 2613 est,)
1354 2569 1524 2613 Chrysae,
1556 2570 1719 2614 Apollinis

291 2612 493 2654 sacerdotis,
525 2613 646 2654 filiam,
679 2613 844 2658 captivam
867 2614 1026 2648 abduxit:
1057 2615 1213 2659 abreptas
1246 2614 1345 2648 etiam
1368 2615 1460 2659 regis
1482 2614 1585 2660 ipsius
1607 2618 1643 2648 et
1663 2626 1721 2650 re-

291 2656 399 2699 gionis
421 2669 501 2702 opes
524 2658 569 2692 ad
590 2670 692 2693 naves
714 2658 913 2704 reportavit.
959 2659 1046 2692 Erat
1067 2662 1179 2693 autem
1200 2660 1398 2704 Astynome,
1439 2671 1527 2705 quae
1550 2662 1585 2693 et
1606 2660 1659 2693 Ch
1701 2678 1719 2685 —

293 2700 377 2742 seis,
399 2706 530 2737 statura
553 2708 670 2745 curta,
693 2703 846 2748 gracilis,
869 2703 1032 2746 candida,
1054 2702 1251 2746 flavicoma,
1274 2716 1354 2739 naso
1378 2704 1543 2750 eleganti,
1570 2671 1718 2739 mamilliis

292 2746 418 2788 parvis,
442 2758 542 2782 annos
564 2760 645 2782 vero
669 2759 728 2782 xlx
750 2754 840 2783 nata.
886 2749 955 2784 Sed
978 2752 1014 2783 et
1035 2748 1228 2783 Exercitum
1251 2749 1401 2791 Cilicum,
1425 2761 1521 2795 quem
1545 2749 1608 2783 sibi
1631 2751 1719 2784 asci-

293 2794 411 2832 verat,
436 2792 658 2836 Trojanorum
681 2794 716 2827 in
738 2793 1072 2836 auxilium,›Eetion,
1095 2793 1240 2828 Achilles
1257 2795 1459 2839 profligavit.
1506 2794 1637 2828 Exinde
1658 2805 1718 2828 ve-

293 2844 332 2868 ro
355 2835 548 2880 discedens,
585 2839 779 2885 Legopolim
802 2839 917 2884 petiit:
953 2840 1100 2884 agebant
1121 2839 1176 2874 hic
1199 2839 1408 2883 Brissaidae,
1440 2840 1564 2883 Brissi,
1594 2839 1718 2875 Priami
