1838 3230
290 152 388 200 536
782 148 1243 194 ANNOTATIONES.

291 263 449 302 omnino
467 262 651 316 deinceps
682 262 872 304 rationem
894 263 974 316 ejus
994 263 1197 313 habuerit,
1224 261 1293 301 sed
1312 275 1385 300 nec
1403 274 1475 314 per
1492 261 1624 302 literae
1641 269 1722 302 eain

291 320 526 372 compellare
542 321 734 368 voluerit3
757 319 824 359 καὶ
846 318 957 360 ἔασεν
978 336 1104 372 αυτην
1123 320 1166 360 ἐν
1183 334 1229 374 τῃ
1215 320 1420 373 Αφρικῇ,
1435 332 1544 372 παρα
1534 316 1725 368 Ζινζιρί-

290 391 361 431 nep,
390 374 513 428 μηδὲν
532 372 638 431 αυτῷ
653 371 852 442 δηλωσας.
888 376 1082 444 Exempla
1093 359 1318 443 hujusmodi
1332 373 1475 442 passim
1495 380 1722 414 occurrunt.

398 431 496 484 Ρα3·
530 432 620 473 154.
650 435 691 473 2.
730 426 925 482 τοσαύτην
951 434 1027 484 γῆν
1056 427 1287 482 ἄφεστηκως
1316 424 1388 469 ἄπ’
1413 428 1524 481 ἐμοῦ,
1552 427 1620 470 καὶ
1646 443 1733 470 των·

291 487 398 539 ἐμῶν
416 488 642 539 βασιλειῶν]
677 487 800 525 Miror
815 486 911 538 quid
924 487 1127 538 Xylandro
1153 485 1304 525 venerit
1320 485 1362 523 in
1381 490 1549 523 mentem
1568 491 1614 524 ut
1629 484 1727 524 haec

290 543 344 581 ita
363 543 566 593 redderet,
597 542 702 593 apud
718 542 954 581 Cedrenum.
991 544 1058 596 qui
1076 557 1101 580 a
1117 557 1176 580 me
1195 551 1229 580 et
1258 554 1373 593 regno
1393 555 1475 578 meo
1491 549 1640 580 tantum
1656 549 1728 579 ier.
1741 573 1744 576 ⁴

291 614 358 636 rae
375 596 546 636 abstulit.
604 595 834 650 αφεστηκως
862 598 962 636 enim
993 596 1170 643 dissitus,
1212 597 1294 635 sive
1320 595 1533 648 disjunctus
1560 605 1616 635 est
1647 594 1728 635 hoc

291 654 381 692 loco
407 653 618 704 significan
647 653 806 692 abstulit
823 667 917 692 vero
934 653 1074 691 nullibi
1094 652 1309 703 significare
1328 651 1486 703 poterit.

408 710 626 761 Peg-155.
658 712 722 751 13.
759 710 911 763 Παίζῃν
945 707 988 748 δέ
1007 724 1053 758 με
1068 707 1270 762 πειρᾶται]
1302 707 1514 745 oraculum
1533 704 1611 745 hoc
1630 706 1728 746 inte.

293 777 403 817 grum
419 764 587 804 habetur
609 765 716 834 apud
733 765 978 803 Herodotum
1000 764 1069 803 lib.
1087 767 1123 806 1.
1152 764 1214 803 his
1233 763 1375 804 verbis.

505 817 606 861 Οἶδα
629 817 669 860 δ’
699 819 772 873 ἐγω
792 815 961 872 ψάμμου
983 815 1022 858 τ’
1043 815 1229 887 ἆριθμον,
1258 819 1324 859 καὶ
1347 817 1465 887 μέτρα
1469 816 1702 885 θαλασσης,

509 876 591 917 Καὶ
609 878 749 924 κωφοῦ
775 876 953 927 συνίημι,
978 874 1046 914 καὶ
1064 890 1112 915 ου
1135 890 1362 926 φωνευντος
1379 870 1525 914 cincim-

511 928 627 983 Οδμή
646 927 689 982 μ’
710 931 750 978 ἐς
769 930 916 983 φρένας
933 925 1036 999 ἦλθε
1054 946 1245 999 κρατειρη
1267 927 1332 971 οἷα
1347 926 1527 983 χελώνης

507 987 726 1038 Εψομένης
743 986 814 1027 ἐν
803 984 969 1057 χαλκῷ
952 982 1023 1038 ἅμ’
1039 982 1230 1039 αρνείοισι
1250 986 1441 1036 κρέεσσιν,

507 1046 555 1082 Η
567 1040 702 1094 χαλκὸς
720 1040 791 1094 μὲν
809 1041 1062 1094 υπέστρωται,
1091 1040 1226 1094 χαλκὸς
1248 1040 1287 1082 δ’
1312 1042 1493 1082 ἒπίεσται.

507 1098 702 1151 Aequoris
719 1108 772 1136 est
792 1099 972 1150 spatium,
1003 1107 1038 1136 et
1060 1113 1235 1136 numerus
1257 1098 1353 1136 mihi
1374 1106 1485 1135 nolus
1503 1110 1668 1136 arenae:

506 1152 666 1192 Mutum
686 1154 870 1205 percipio,
892 1153 1020 1208 fantis
1041 1152 1141 1192 nihil
1161 1152 1279 1193 audio
1298 1168 1444 1193 vocem.

513 1206 632 1246 Venit
654 1206 707 1246 αιῖ
724 1208 793 1247 hos
810 1224 939 1247 sensus
953 1207 1068 1247 mdor
1086 1207 1288 1248 testudinis
1302 1210 1416 1250 acris

514 1261 624 1313 Quae
641 1262 759 1302 simul
787 1265 931 1316 agnina
953 1265 1129 1317 coquitur
1151 1280 1237 1303 cum
1259 1280 1374 1304 carne
1391 1262 1520 1312 lebete,

509 1317 614 1358 Aere
630 1317 739 1373 infra
762 1329 895 1362 strato,
927 1329 962 1357 et
983 1329 1146 1357 stratum
1166 1321 1229 1359 cui
1248 1319 1404 1372 desuper
1420 1334 1484 1358 aes
1501 1328 1568 1359 est.

407 1371 508 1435 Ρα3.
533 1374 626 1416 155.
655 1377 721 1416 22.
751 1377 923 1427 Κροῖσος
940 1378 1050 1413 Αλυν
1068 1373 1243 1426 ποταμόν
1260 1373 1424 1427 διαβας]
1462 1371 1638 1426 ποταμόν
1663 1373 1731 1412 hie

295 1427 442 1466 frustra
474 1428 678 1478 inanitur,
708 1430 896 1481 metrique
923 1430 1108 1468 rationem
1125 1431 1378 1470 interturbat:
1424 1430 1634 1468 oraculum
1652 1429 1731 1469 hoc

295 1484 400 1522 inter
419 1483 588 1522 Oracula
605 1485 778 1530 Marica,
810 1500 831 1524 a
851 1486 909 1524 Jo.
931 1486 1141 1538 Opsopoeo
1163 1487 1334 1536 collecta,
1363 1485 1419 1523 sic
1437 1499 1477 1523 se
1492 1485 1619 1526 habet.

511 1542 683 1589 Κροῖσος
703 1544 813 1580 Αλυν
834 1539 972 1610 διαβὰς
992 1539 1163 1608 μεγάλην
1182 1538 1303 1594 ἅρχην
1320 1537 1537 1582 καταλύσει.

406 1592 501 1647 Pag
532 1596 625 1637 156.
655 1599 694 1637 7.
730 1596 864 1648 ε’βαλεν
882 1593 999 1638 αὐτὸν
1021 1599 1076 1643 εἰς
1094 1594 1241 1637 λάκκον
1258 1594 1455 1648 λεόντων]
1485 1597 1567 1635 Imo
1588 1610 1660 1636 nec
1681 1596 1730 1635 ob

295 1647 401 1687 hanc
422 1663 591 1700 causam,
620 1664 692 1689 nee
713 1652 758 1690 ab
777 1651 854 1690 hoc
873 1666 977 1703 rege,
1008 1653 1076 1691 sed
1096 1668 1117 1690 a
1136 1654 1252 1692 Dario
1264 1654 1390 1702 Medo,
1415 1652 1653 1703 Babyloniae
1670 1665 1732 1691 re-

297 1717 358 1755 ge,
388 1706 428 1742 in
448 1706 602 1745 foveam
623 1707 797 1746 Leonum
814 1708 1014 1774 conjectus
1033 1715 1090 1747 est
1109 1709 1260 1749 Daniel.
1315 1709 1407 1748 vide
1426 1709 1524 1746 Dan.
1546 1722 1631 1774 cap.
1653 1707 1693 1749 5·

407 1759 506 1813 Pag.
541 1766 631 1805 157.
665 1766 729 1804 13.
757 1760 918 1816 ἐλήφθη
943 1762 1183 1816 αἰχμάλωτος
1206 1761 1334 1815 αὐτός,
1352 1764 1420 1805 καὶ
1435 1780 1483 1804 τα
1502 1759 1641 1815 πλήθη
1663 1758 1734 1803 αὔ·-

298 1815 392 1865 τοῢ]
429 1817 624 1856 cedrenus
649 1817 787 1868 habet,
817 1819 883 1860 καὶ
906 1818 1077 1862 ἀπώλετο
1094 1818 1141 1861 τοὶ
1169 1818 1308 1874 πλήθη
1326 1818 1470 1872 αυτοῦ,
1500 1818 1608 1871 quod
1631 1825 1672 1858 et
1693 1818 1734 1856 in

297 1877 433 1909 nostro
454 1873 718 1924 supplendum
739 1851 908 1914 vi’detur.

411 1930 626 1978 Peg-157.
659 1933 722 1972 19.
771 1930 837 1971 καὶ
869 1926 953 1983 μετ’
983 1927 1126 1979 αὐτους
1151 1927 1375 1983 Ηρόδοτος]
1412 1930 1529 1969 Forte
1554 1900 1734 1967 scriben-

298 1980 415 2029 dum,
445 1980 530 2033 μετ’
557 1982 712 2032 αυτοῒςε
757 1986 981 2025 Herodotus
1012 1989 1113 2026 enim
1141 1988 1305 2038 Polybio
1334 1987 1467 2024 saltem
1497 1985 1734 2035 Castoreque

300 2036 518 2086 antiquior3
547 2040 648 2079 forte
667 2042 778 2080 etiam
801 2043 979 2081 Auctoris
998 2043 1122 2081 nostri
1137 2042 1296 2081 Thalete
1315 2041 1410 2090 hoc,
1442 2042 1475 2079 si
1493 2039 1610 2078 modo
1633 2039 1735 2078 idem

300 2092 350 2129 sit
377 2091 494 2143 hujus
514 2094 654 2133 Thales
677 2110 765 2135 cum
784 2097 922 2136 Thallo
950 2099 1020 2137 illo
1040 2099 1086 2136 ab
1106 2098 1289 2137 Africano
1317 2098 1457 2148 citato3
1489 2095 1596 2148 quod
1619 2095 1734 2134 facile

301 2146 545 2186 crediderim.
600 2150 682 2191 vid.
699 2153 811 2192 Voss.
843 2154 892 2192 de
911 2154 1008 2192 Hist.
1031 2155 1200 2193 Graecis.

413 2205 515 2256 Pag·
546 2206 639 2248 158.
668 2209 707 2248 4.
735 2205 782 2246 τοὶ
808 2207 850 2248 δὲ
871 2206 1022 2249 ἐννέα
1002 2206 1124 2261 η’μισυ
1144 2207 1397 2259 ἕπανηλθον]
1426 2207 1511 2246 [mo
1532 2205 1631 2244 duae
1648 2212 1733 2244 tan-

300 2263 386 2296 tum
405 2259 544 2309 tribus,
573 2261 591 2297 J
597 2261 694 2299 udae
716 2263 865 2302 scilicet
882 2271 919 2302 et
935 2265 1161 2316 Benjamini‚
1183 2264 1366 2302 Judaeam
1384 2263 1643 2314 repetierunt3
1673 2276 1734 2300 re-

301 2313 432 2364 liquae
454 2328 493 2353 x.
517 2315 557 2353 in
575 2317 731 2356 Perside
753 2328 1037 2368 remanserunt3
1067 2322 1122 2359 uti
1141 2326 1306 2358 testatur
1324 2318 1523 2370 Josephus,
1551 2317 1735 2368 Antiqui-

303 2370 757 2414 ta¹3·J¹1(l='=¹i<2211‘.llb-11·
797 2372 858 2414 διο
878 2375 944 2414 καὶ
972 2372 1045 2415 δύο
1067 2374 1196 2426 φυλὰς
1228 2373 1327 2415 εἶναι
1355 2373 1595 2439 συμβέβηκεν
1613 2372 1677 2413 ἐπί
1692 2387 1734 2413 τε

302 2426 374 2475 τῆς
391 2426 518 2472 Ασίας
545 2427 610 2467 καὶ
630 2431 701 2480 τῆς
725 2424 927 2497 Εὕρωπης
957 2433 1150 2482 Ρωμαίοις
1178 2425 1472 2476 ὑπακουούσας·
1518 2429 1561 2468 αἱ
1579 2427 1621 2468 δὲ
1640 2427 1734 2469 δέκα

304 2480 429 2530 φυλαὶ
447 2480 570 2533 πέραν
591 2483 691 2524 εἰσὶν
711 2480 940 2536 Ευφρατου,
971 2485 1041 2533 ε’ως
1060 2488 1174 2539 δευρο
1203 2481 1420 2552 μυριαδες’
1405 2500 1561 2551 απειροι
1575 2490 1648 2522 etc.

416 2536 516 2588 Pss'g
551 2538 641 2579 158-
672 2543 737 2580 11.
765 2539 831 2580 καὶ
849 2537 977 2580 έλθων
996 2541 1050 2587 εἰς
1066 2557 1138 2591 την
1153 2556 1283 2593 χωραν
1304 2555 1439 2589 αυτου,
1460 2537 1634 2592 ἐσφάγη]
1656 2538 1734 2577 Alii

305 2590 465 2640 Cyrum,
492 2592 605 2630 illato
624 2594 846 2646 Messagetis
865 2595 1017 2647 Scythis
1038 2596 1153 2645 bello,
1187 2611 1206 2633 a
1223 2595 1441 2646 Tomyride,
1469 2610 1534 2634 e01
1538 2595 1736 2644 uniregina

305 2645 553 2684 interfectum
574 2649 724 2688 volunt.
782 2651 877 2691 Vide
896 2652 1030 2690 Justin.
1056 2658 1094 2690 et
1113 2651 1298 2689 Herodot.
1318 2651 1384 2689 lib.
1409 2655 1445 2693 1.
1467 2651 1607 2690 Euseb.
1627 2651 1734 2688 alios.

420 2705 510 2753 Ρα3-
531 2703 623 2746 158.
648 2709 686 2747 7.
716 2704 826 2747 ἄλλοι
849 2707 984 2747 πολλοι
1001 2707 1253 2757 ἐβασίλευσαν
1271 2706 1502 2759 Ασσυρίων]
1531 2709 1614 2746 Ser.
1636 2709 1734 2759 Περ-

306 2766 399 2795 σων.
428 2794 431 2799 ,
458 2771 478 2793 a
501 2758 603 2809 Cyro
627 2760 726 2799 enim
749 2775 910 2813 regnum
932 2761 982 2802 ad
1002 2763 1138 2803 Persas
1159 2763 1389 2803 translatum
1408 2770 1476 2805 est.
