1838 3230
616 138 1088 186 ANNOTATIONES.
1480 142 1578 193 659

105 255 388 313 ἐξαρκούντων
403 254 561 330 αμοξξας
574 257 790 312 προσέταξε
806 257 992 307 πλείστας
1014 251 1340 325 ευτρεπισθῆναι,
1370 256 1439 299 καὶ
1458 255 1581 313 ἄλογα

107 314 256 357 δέδωκε
276 316 400 370 μυρία
416 313 514 371 πρὸς
528 331 572 357 το
594 313 778 368 ἐκφέρειν
795 312 892 363 τούς
909 310 1088 368 νεκρούς,
1118 320 1191 356 etc.

130 398 161 406 ·“
221 382 446 436 Pag.489.
479 386 544 425 19.
593 382 962 436 φιλοκαλλουμένου
990 398 1062 423 του
1099 378 1315 437 τρούλλου]
1353 382 1436 422 Ser.
1469 385 1581 434 φιλο-

104 439 368 492 καλουμένου,
397 440 457 478 uti
475 438 598 479 habet
622 440 840 481 Cedrenus.
898 441 955 479 De
975 440 1115 478 Trullo
1135 453 1231 478 vero
1249 444 1288 477 et
1309 438 1484 489 Ciborio,
1515 440 1580 478 vi-

105 495 157 534 de
181 508 285 548 quae
315 496 568 536 doctissimus
601 496 681 538 Jac.
708 497 830 537 Goar.
855 496 906 535 ad.
936 496 1047 536 hunc
1076 497 1211 535 locum
1227 495 1336 548 apud.
1358 496 1581 536 cedrenum

105 553 325 594 annotavit.

217 619 317 674 Pag-
345 620 441 664 489.
470 624 538 664 20.
578 616 702 672 ῥήξας
733 637 808 677 γαρ
832 616 911 675 ἦν]
943 620 1116 659 omnino
1143 620 1381 673 legendum,
1420 622 1582 676 διεῤῥη-

102 675 484 730 γράψε-,1111113801
503 676 718 719 Cedrenus.

213 743 434 798 Pag-490·
468 748 504 787 1.
551 744 822 799 ἐργαζομένων
851 760 934 785 των
965 741 1170 797 Ισαύρων]
1201 745 1360 784 Isauros
1388 746 1578 786 aedifica-

99 799 274 839 tionibus
293 801 644 844 exercitatissimos
665 802 785 840 fuisse
809 802 998 853 colligere
1020 802 1110 840 licet
1131 816 1181 841 ex
1196 802 1394 855 Procopio
1413 803 1462 842 de
1481 805 1578 845 Bell.

102 856 221 899 Goth.
245 857 271 898 l.
292 861 334 900 2.
364 861 428 899 Ev
452 874 580 913 τουτῳ
611 857 655 899 δὲ
681 855 912 912 Βελισᾶριος
934 856 1131 928 Ισαύρους
1153 859 1294 907 πέντε,
1327 857 1421 908 τούς
1442 859 1483 908 ἐς
1507 860 1579 910 τοὶς

101 913 345 967 οἰκοδομίας
357 900 592 968 ἐμπείρους,
624 911 699 964 ξύν
719 931 760 956 τε
778 915 956 956 πελέκεσι
977 915 1046 955 καὶ
1062 912 1198 963 α’λλοις
1221 911 1411 983 ὄργανοις
1433 917 1491 966 εἰς
1508 918 1578 958 λί-

102 974 192 1010 θων
213 968 383 1024 έκτομας
403 971 670 1037 ἐπιτηδείους,
702 973 759 1021 εἰς
778 970 852 1026 τὴν
875 971 1093 1025 δεξαμένην
1113 968 1297 1014 ασπίὸων
1312 969 1464 1026 πλήθει
1483 989 1575 1027 κρυ-

102 1025 326 1080 πτομένους
346 1024 525 1082 ἐσήγαγε.

213 1092 311 1148 Pag.
343 1095 440 1139 490.
474 1099 513 1139 6.
567 1094 760 1148 ἐπανέστη
763 1106 838 1136 σαν
868 1095 912 1136 οἱ
932 1089 1104 1145 Ουννοι,
1147 1095 1217 1136 καὶ
1250 1096 1294 1137 οἷ
1318 1099 1497 1150 Σκλᾶβοι
1524 1101 1578 1156 τῇ

104 1147 265 1208 Θρᾴκῃ]
296 1152 497 1191 cedrenus
524 1151 667 1202 habet,
698 1112 760 1193 οἱη
768 1147 940 1203 Ουννοι,
972 1153 1015 1192 οἵ
1037 1152 1105 1192 καὶ
1126 1149 1347 1205 Σκλαβινοι
1369 1161 1443 1192 etc.
1474 1169 1519 1193 ac
1541 1157 1576 1194 si

101 1207 239 1246 eadem
257 1221 354 1276 gens
370 1215 487 1248 esset.
545 1209 622 1247 Eos
649 1215 777 1247 tamen
799 1209 1008 1278 distinguit
1025 1209 1244 1262 Procopius
1265 1209 1314 1248 de
1334 1211 1430 1249 Bell.
1453 1211 1574 1254 Goth.

100 1263 128 1302 l
151 1268 188 1306 1.
214 1264 283 1305 καὶ
304 1259 438 1306 αὐτων
469 1265 512 1307 οἱ
526 1269 702 1306 πλεῖστοι
730 1261 886 1306 Οὗννοί
912 1280 954 1306 τε
978 1259 1103 1318 ησαν,
1135 1265 1203 1306 καὶ
1224 1267 1476 1319 Σκλαβηνοὶ,
1506 1269 1575 1309 καὶ

99 1324 242 1371 Ανται,
257 1322 298 1362 οἳ
314 1321 416 1375 ὕπερ
436 1319 614 1374 ποταμὸν
634 1325 775 1375 Ιστρον
796 1318 846 1362 ου’
858 1319 1015 1373 μακρὰν
1030 1326 1102 1373 τῆς
1122 1321 1274 1374 ἐκείνης
1294 1321 1421 1375 ὄχθης
1438 1325 1574 1377 ι’-δρυν

98 1378 293 1420 τα1.1)ο
310 1377 388 1416 hac
409 1377 706 1417 Barbarorum
694 1392 737 1416 m
768 1377 979 1416 Thraciam
996 1378 1221 1431 irruptione
1237 1379 1332 1418 vide
1352 1394 1453 1433 quae
1470 1383 1573 1433 Aga-

97 1431 200 1472 thiae
215 1433 340 1473 literis
355 1434 532 1487 prodidit
555 1435 626 1474 lib.
649 1434 687 1477 5.

214 1502 438 1554 Pag·490·
482 1505 547 1544 10.
594 1495 713 1555 εὗρον
745 1499 789 1542 δὲ
827 1504 902 1542 τοῦ
926 1501 1079 1553 τείχους
1108 1501 1572 1554 Κωνσταντινουπόλεως

96 1553 268 1622 τόπους]
300 1558 502 1597 Cedrenus
521 1557 654 1607 habet,
683 1561 756 1598 τοῦ
773 1561 1081 1598 Αναστασιακοῦ
1099 1560 1271 1611 τείχους,·
1299 1561 1468 1599 rectius:
1500 1576 1571 1613 per

97 1614 202 1652 muri
233 1614 343 1664 longi
374 1615 500 1663 enim,
530 1615 577 1652 ab
606 1615 811 1652 Anastasio
840 1615 938 1666 Imp.
973 1615 1166 1661 extructi,
1196 1616 1332 1654 ruinas
1357 1624 1568 1670 vetustate,

97 1670 411 1721 negligentiaque
430 1671 567 1719 factas,
597 1671 700 1708 viam
723 1671 975 1709 invenerunt.

211 1726 311 1779 Peg
342 1727 535 1770 490-13·
580 1723 798 1777 οἷπεζώσθη
828 1726 1058 1780 Ζήμαρχος]
1094 1725 1294 1780 Ζιμαρχὸς
1322 1727 1388 1767 hic
1419 1730 1567 1769 Proco-

97 1783 167 1836 pio
189 1783 321 1821 dictus
340 1790 418 1833 est3
449 1783 550 1822 Hist.
564 1783 705 1821 Arcan.
736 1783 826 1822 Fuit
850 1791 979 1822 autem
996 1784 1137 1822 Justini
1154 1785 1319 1823 senioris
1340 1787 1566 1829 commilito.

213 1843 311 1892 Pflg-
342 1813 438 1883 491.
468 1840 505 1882 5
541 1839 760 1891 συνέβαλον
779 1840 847 1880 καὶ
867 1842 908 1881 ἐν
930 1844 982 1897 τῇ
1000 1840 1145 1895 Μέση]
1176 1841 1311 1893 Μέση,
1339 1841 1482 1881 Forum
1507 1850 1567 1882 est

98 1901 145 1935 ut
164 1909 214 1934 ex
234 1895 387 1935 Glo'ssis
411 1897 576 1937 Graeco
582 1897 761 1935 barbaris
781 1904 890 1935 notat
910 1899 967 1936 Jo
988 1898 1196 1936 Mem-sius
1235 1914 1376 1952 αγορα,
1404 1898 1434 1949 ἦ
1453 1898 1563 1951 μέση.

99 1958 137 1990 et
157 1952 315 2003 deinde,
346 1953 404 2001 εἰς
421 1951 494 2006 τήν
517 1952 652 2005 μέσην,
682 1951 710 2005 η’
737 1950 900 2006 οἷγοροὶν,
931 1951 960 2006 ἢ
980 1970 1119 2006 φορον.
1179 1955 1236 1993 Ita
1262 1962 1393 1994 autem
1412 1955 1563 1994 dictum

96 2009 187 2047 vult
206 2009 298 2059 ille,
333 2010 422 2061 quia
451 2010 715 2063 plerumque
704 2025 744 2048 111
774 2011 904 2049 medio
935 2011 1095 2049 urbium
1122 2011 1239 2049 situm
1258 2018 1355 2050 erat.
1415 2013 1563 2051 Verum

99 2078 190 2105 cum
208 2067 324 2118 plura
345 2066 689 2118 Constantinopoli
709 2067 810 2105 Fora
837 2068 1006 2117 fuerint,
1038 2068 1234 2119 quodnam
1257 2082 1306 2107 ex
1323 2069 1402 2106 illis
1418 2068 1515 2107 hic
1504 2084 1562 2106 1η-

97 2122 240 2173 telligit
261 2122 443 2163 Auctor?
488 2123 600 2162 Anne
620 2123 844 2172 Theodosii.
875 2125 957 2164 sive
974 2125 1095 2163 Tauri
1112 2125 1143 2162 F
1146 2125 1289 2163 orum‘?
1331 2125 1436 2162 Huic
1459 2126 1562 2163 enim

95 2178 273 2219 vicinum
291 2186 376 2219 erat
395 2181 558 2219 Aereum
583 2181 854 2233 Tetrapylum.
912 2182 969 2222 De
990 2180 1051 2220 his
1070 2180 1160 2221 vide
1182 2181 1265 2220 Pet.
1288 2181 1478 2233 Gyllium,
1510 2182 1561 2221 de

95 2235 271 2288 Topogr.
296 2236 594 2289 Constantinop.
614 2237 682 2276 lib.
704 2241 743 2278 3.
768 2251 853 2290 cap.
875 2241 913 2280 6.

212 2295 304 2346 Pag-
338 2296 530 2337 491.11.
573 2296 647 2334 τοῦ
675 2290 954 2347 ἔνδοξοτοῖτου]
995 2290 1311 2345 Κουροπαλατης
1341 2300 1445 2343 erat,
1491 2294 1561 2344 qui

96 2348 236 2387 Palatii
260 2362 397 2388 curam
426 2350 500 2388 sibi
527 2351 772 2390 commissam
794 2350 949 2392 habuit.
1008 2354 1044 2391 A
1066 2350 1234 2400 Latinis,
1269 2349 1371 2388 Cura
1393 2349 1557 2399 Palatii,

98 2404 229 2444 dietus
250 2412 327 2444 eat:
358 2407 463 2446 unde
483 2406 982 2462 Γεο1υω,Κονροπαλάτη.
1027 2408 1202 2446 Justinus
1219 2420 1314 2445 vero
1336 2407 1410 2444 iste
1431 2408 1556 2444 Gulo-

100 2461 250 2512 palata,
276 2463 482 2502 Justiniani
504 2465 603 2516 Imp.
622 2478 644 2502 a
675 2466 820 2505 Sorore
848 2479 973 2519 nepos
991 2471 1096 2514 erat3
1129 2464 1198 2516 qui
1223 2463 1342 2502 etiam
1370 2462 1527 2502 eidem
1515 2477 1557 2501 111

96 2517 267 2570 Imperio
287 2521 488 2560 successit.

208 2576 436 2628 Ρο3-491.
469 2580 533 2620 18.
580 2574 1446 2630 συσχεθέντεςΕλληνεςπεριεβωμίσθησαν]
1477 2575 1556 2613 Le-

98 2643 160 2680 go,
191 2630 607 2685 περιεπομπευθησαν.
653 2634 753 2673 Vide
776 2648 875 2686 quae
894 2634 943 2674 de
964 2634 1040 2672 hac
1056 2646 1155 2672 voce
1178 2646 1296 2685 supra
1319 2631 1555 2680 notavimus,

96 2686 205 2726 haud
223 2690 364 2739 procul
386 2688 505 2742 hujus
522 2690 615 2729 libri
638 2694 702 2734 18.
725 2691 849 2730 initio.

210 2745 310 2797 Pag-
339 2745 433 2788 491.
463 2750 531 2788 20.
561 2743 714 2795 εἰκόνες
734 2751 814 2788 τῶν
833 2748 1034 2817 μυσερῶν
1036 2745 1166 2796 θεῶι]
1198 2746 1281 2783 Scr-
1314 2745 1518 2795 μυσαρῶν.

211 2803 306 2855 Pag-
336 2802 431 2844 491.
461 2805 531 2847 21.
573 2818 623 2844 τα
651 2801 842 2846 συνοδικα
863 2806 934 2844 τοῦ
966 2798 1093 2842 Πάπα
1117 2797 1282 2854 Ρωμης]
1311 2800 1366 2838 De
1385 2797 1555 2851 Synodi-
