1838 3230
374 145 979 194 CHR-ONOGRAPHIA.
1034 145 1083 189 L.
1111 143 1266 191 XVIII.
1449 147 1543 196 441

101 273 240 314 λευσεν
269 269 388 312 εἰπεῖν
417 265 588 311 ἕκαστον
619 264 756 310 αῧτῶν
783 263 878 320 μεθ’
911 263 1033 321 ὅρκου
1065 260 1217 315 δόσεως
1258 263 1303 307 τί
1344 262 1547 321 παρέσχον

101 345 188 389 τοῖς
206 337 343 381 αὐτῶν
362 340 542 394 γονεῦσι·
578 336 644 378 καὶ
665 332 775 378 εἷπον
800 335 1014 376 δεδωκέναι
1049 333 1126 376 ἀνὰ
1166 333 1281 376 πέντε
1299 334 1544 387 νομίσματα.

102 408 172 450 καὶ
190 403 354 449 πάντων
373 400 672 447 ἐπιδεδωκότων
687 406 834 459 γνῶσιν
855 401 949 456 μεθ’
975 401 1111 458 ὅρκου,
1149 403 1346 445 δεδωκυῖα
1365 400 1418 443 τὰ
1444 399 1548 457 χρή-

101 471 260 530 ματαῆ
280 472 383 528 αὐτὴ
403 471 568 527 εὐσεβὴς
593 473 815 526 βασίλισσα
856 470 1135 527 ἠλευθέρωσεν
1167 470 1296 521 αὐτὰς
1316 473 1390 513 τοῦ
1429 470 1547 525 ζυγοῦ

68 546 176 597 ὁτῆς
193 543 422 597 δυστυχοῦς
438 540 646 592 δουλείας,
680 536 904 582 κελεύσασα
921 543 994 582 τοῦ
1025 542 1167 582 λοιποῦ
1209 538 1267 595 μὴ
1305 536 1404 582 εἶναι
1438 554 1542 594 πορ-
1565 544 1598 579 O
1624 542 1690 581 174

101 607 347 664 νοβοσκοῦς,
389 607 494 652 ἀλλὰ
515 607 769 664 χαρισαμένη
804 614 894 657 ταῖς
919 607 1063 657 αὐταῖς
1095 605 1235 663 κόραις
1264 606 1339 662 τὴν
1364 609 1438 649 τοῦ
1465 603 1549 650 σώ-

101 695 234 733 ματος
252 677 411 721 ἔνδυσιν
432 678 498 719 καὶ
516 676 596 719 ἀπὸ
619 677 869 730 νομίσματος
890 675 976 725 ἓνός
1009 675 1204 718 ἀπέλυσεν
1226 673 1366 725 αὐτάς.

205 746 273 789 Ἐν
295 745 340 788 δὲ
355 749 406 802 τῇ
423 742 709 800 συμπληρώσει
733 749 806 799 τῆς
823 744 950 798 αὐτῆς
977 745 1223 793 ἶνδικτιῶνος
1263 741 1493 800 ἐξώρμησεν
1522 741 1547 799 ἦ
1570 746 1600 781 Β

102 812 205 870 αὖτή
222 812 448 870 Αὔγουστα
469 810 664 869 Θεοδώρα
686 814 742 862 εἷς
761 812 808 855 τὸ
827 810 1036 868 λεγόμενον
1056 810 1225 855 Πύθιον
1263 811 1366 866 μετὰ
1402 829 1549 870 πατρι-

46 885 92 921 10
101 882 198 926 κίων
219 883 287 925 καὶ
304 882 672 938 κουβικουλαρίων,
708 875 813 923 οὖσα
834 880 909 923 σὺν
924 878 1077 935 χιλιάσι
1103 879 1279 937 τέτρασι.
1350 881 1417 923 καὶ
1446 884 1548 923 πολ-

98 950 152 993 λὰ
167 950 427 1008 χαρισαμένη·
439 956 530 999 ταῖς
547 948 652 992 κατὰ
668 946 794 992 τόπον
812 949 1038 1005 ἐκκλησίαις
1081 946 1328 1006 ῦπέστρεψεν
1353 948 1396 992 ἓν
1424 951 1548 992 Κων-

97 1016 438 1062 σταντινουπόλει.

196 1086 264 1130 Ἕν
283 1086 395 1145 αῦτῷ
414 1087 459 1129 δὲ
478 1090 536 1146 τῷ
562 1084 700 1145 χρόνῳ
749 1084 984 1141 ἀπηγγέλθη
1006 1085 1276 1144 ’Ῐουστινιανῷ
1304 1089 1363 1144 τῷ
1389 1088 1554 1139 βασιλεῖ’

100 1153 164 1198 ὅτι
185 1159 396 1210 συμβολῆς
414 1154 626 1211 γενομένης
652 1154 805 1208 μεταξὺ
823 1157 997 1211 Περσῶν
1026 1156 1092 1196 καὶ
1118 1152 1325 1208 Ῥωμαίων
1332 1186 1346 1206 ,
1385 1155 1449 1196 ἐπὶ
1477 1153 1551 1208 τὴν

47 1223 92 1259 15
103 1223 430 1278 Μεσοποταμίαν
459 1221 760 1280 ἔπιρῥιψάντων
791 1226 875 1266 τῶν
913 1226 1088 1279 Περσῶν
1139 1221 1242 1277 μετὰ
1272 1220 1466 1276 χιλιάδων
1495 1219 1547 1274 λ’,

104 1292 172 1334 καὶ
199 1290 358 1348 Ξέρξου
391 1294 466 1334 τοῦ
497 1291 589 1334 υἱοῦ
616 1295 690 1334 τοῦ
720 1290 921 1344 βασιλέως
937 1288 1139 1334 Κωάδου·
1210 1288 1231 1332 ὅ
1261 1290 1339 1347 γὰρ
1366 1288 1551 1347 Περόζης

102 1356 124 1402 ὅ
157 1361 302 1413 μείζων
355 1359 443 1409 υἱὸς
477 1358 604 1403 αὐτοῦ
649 1360 713 1402 ἐπὶ
751 1359 824 1415 τὴν
856 1359 1042 1414 Λαζικὴν
1088 1360 1154 1401 καὶ
1191 1358 1267 1414 τὴν
1306 1362 1552 1416 Περσαρμε-

101 1427 192 1471 νίαν
231 1427 412 1482 ἐπολέμει
456 1427 559 1482 μετὰ
592 1428 793 1482 βοηθείας
823 1431 999 1483 πολλῆς·
1069 1425 1091 1470 ὃ
1129 1426 1207 1483 γὰρ
1238 1426 1373 1483 πατὴρ
1417 1427 1553 1469 αὐτῶν

100 1492 283 1551 Κωᾶδης
301 1497 344 1538 έν
366 1495 477 1555 αὐτῷ
493 1500 552 1554 τῷ
574 1500 700 1554 καιρῷ
721 1495 794 1538 οῦκ
813 1491 942 1550 ἦλθεν
968 1496 1031 1538 ἐπὶ
1061 1495 1113 1538 τὰ
1137 1493 1361 1548 Ῥωμαϊκά·
1433 1496 1550 1550 ἓξῆλ-
1574 1498 1604 1532 C

44 1566 183 1606 ωθον
201 1564 246 1607 δὲ
276 1563 380 1606 κατὰ
418 1568 492 1606 τοῦ
513 1564 664 1620 Μέραν
698 1565 763 1606 καὶ
796 1563 953 1621 Ξέρξου
986 1562 1008 1607 ὅ
1034 1563 1115 1606 ἀπὸ
1145 1565 1302 1606 δουκῶν
1322 1564 1552 1617 Δαμασκοῦ

101 1633 278 1684 Κουζτὶς
324 1630 346 1674 ὃ
379 1635 650 1685 Βιταλιανοῦ,
689 1631 791 1688 ἀνὴρ
830 1630 1140 1687 μαχιμώτατος,
1179 1633 1246 1674 καὶ
1276 1631 1551 1685 Σεβαστιανὸς
1573 1633 1606 1667 0
1633 1635 1696 1669 175

100 1699 204 1754 μετὰ
223 1703 296 1754 τῆς
314 1699 541 1756 Ἰσαυρικῆς
555 1699 690 1755 χειρὸς
708 1702 774 1741 καὶ
793 1700 1077 1757 Προκληιανός
1098 1698 1119 1742 ὅ
1148 1699 1246 1750 δοῦξ
1268 1700 1459 1754 Φοινίκης
1482 1701 1550 1741 καὶ

102 1769 317 1818 Βασίλειος
360 1765 381 1810 ὃ
412 1765 560 1822 κόμης.
605 1763 657 1823 ἦν
698 1768 742 1810 δὲ
782 1769 847 1810 καὶ
886 1765 1125 1822 Βελισάριος
1175 1767 1261 1821 μετ’
1303 1767 1438 1809 αὐτῶν
1482 1768 1550 1809 καὶ

104 1835 310 1893 Ταᾳαράς
354 1833 375 1878 ὃ
402 1833 623 1893 φύλαρχος.
693 1839 767 1879 τοῦ
799 1836 843 1879 δὲ
869 1837 994 1878 ἵππου
1024 1840 1205 1892 Ταφαρᾶ
1234 1833 1549 1892 προσκόψαντος

191 1923 227 1958 9.
249 1919 440 1968 Αὖγούστα
457 1922 524 1956 Ox.
659 1923 742 1958 ibid.
767 1921 938 1968 Πύθιον]
962 1922 1063 1956 Conf.
1088 1922 1318 1967 Theophanes
1339 1933 1376 1969 p.
1401 1923 1479 1958 158.
1506 1922 1548 1958 C.

194 1970 249 2005 17.
273 1965 293 2004 ὁ
318 1967 400 2008 υἱὸς
417 1968 499 2011 Ox„
517 1964 600 2009 υὶὸς
615 1968 679 2004 Ch.
778 1971 835 2005 22.
860 1965 1103 2014 Προκλειανὸς
1121 1969 1188 2003 Ox.

102 2035 281 2082 profiteri,
320 2037 439 2083 quanti
461 2037 588 2083 puelias
611 2049 632 2072 a
662 2037 858 2084 parentibus
888 2042 1101 2083 acceperant.
1156 2037 1383 2082 Nummosque
1404 2035 1552 2082 quinque

101 2092 166 2128 pro
188 2082 326 2137 singulis
349 2083 397 2118 eis
418 2083 550 2118 dedisse
572 2095 608 2118 se
626 2084 816 2128 juramento
839 2083 938 2118 fidem
961 2083 1184 2124 facientibus,
1218 2084 1378 2129 pecunias
1399 2081 1552 2117 reddidit

127 2127 310 2163 ientissuna
337 2129 561 2174 ImperatriX,
595 2129 754 2175 ipsasque
778 2140 799 2163 a
821 2128 992 2164 servitutis
1023 2129 1234 2175 turpissimae
1260 2130 1344 2174 jugo
1368 2127 1552 2168 liberavit3

133 2172 292 2208 rohibitis
322 2175 424 2209 etiam
446 2174 482 2208 in
513 2178 684 2220 posterum
714 2174 903 2209 Lenociniis
934 2174 1192 2220 quibuscunque.
1239 2175 1332 2216 Quin
1365 2179 1401 2208 et
1423 2172 1550 2208 vestitu

102 2216 168 2253 illia
190 2218 326 2264 integro
350 2220 394 2255 de
417 2220 562 2266 propriis
584 2220 770 2266 sumptibus
793 2220 1019 2266 suppeditato,
1044 2221 1170 2265 puellas
1193 2220 1324 2254 demum
1349 2218 1491 2254 demisit.

192 2265 374 2300 Caeterum
395 2266 594 2301 Indictionis
617 2268 714 2311 hujus
736 2267 796 2300 sub
820 2266 954 2308 exitum,
987 2266 1170 2300 Theodora
1191 2267 1357 2310 Augusta,
1380 2262 1551 2305 Patriciis,

103 2308 315 2346 cubiculariis
340 2315 377 2345 et
399 2322 446 2346 lv.
469 2311 611 2347 millibus
644 2312 790 2346 virorum
813 2311 960 2357 stipata,
984 2311 1140 2358 Pythium
1164 2313 1322 2357 profecta
1345 2314 1414 2345 est:
1458 2309 1552 2342 Cun-

103 2353 232 2400 otiaque
253 2356 396 2436 intquas
426 2357 614 2400 inciderat,
650 2357 813 2392 Ecclesiis
836 2357 1014 2403 magnifice
1036 2357 1188 2400 donatis,
1228 2355 1551 2401 Constantinopolim

100 2407 239 2435 reverse
261 2413 297 2436 es
314 2429 323 2438 .

191 2445 321 2482 Eodem
343 2452 498 2494 tempore
519 2449 564 2484 ad
585 2448 810 2484 Justinianum
832 2448 1075 2494 Imperatorem
1096 2448 1249 2483 nuncium
1272 2448 1410 2482 allatum
1433 2449 1484 2482 est
1507 2445 1551 2482 de

102 2490 232 2534 praelio
259 2492 348 2527 inter
369 2495 535 2529 Romanos
569 2500 603 2530 et
626 2495 745 2529 Persas
767 2495 958 2534 commissu
996 2494 1055 2539 qui
1079 2506 1145 2528 xxx
1176 2494 1318 2528 millibus
1349 2496 1551 2528 armatorum

100 2536 267 2578 instructi,
291 2539 424 2582 Xerxis,
449 2540 575 2575 condis
595 2541 771 2574 Persarum
794 2539 884 2583 regis
901 2540 976 2582 filii,
999 2540 1061 2574 sub
1081 2539 1247 2586 auspiciis,
1271 2538 1550 2584 Mesopotamiam

102 2581 306 2618 invaserant.
349 2585 498 2620 Perozes
519 2586 627 2627 enim3
651 2585 776 2620 condis
798 2585 886 2619 filius
908 2590 993 2619 natu
1015 2586 1142 2630 major,
1170 2585 1286 2619 eodem
1308 2590 1461 2630 tempore
1483 2584 1550 2619 La-

102 2627 207 2660 zicnm
231 2632 267 2661 et
288 2629 572 2674 Perzarmenhm,
611 2643 786 2667 numeroso
811 2642 884 2665 cum
914 2630 1064 2665 exercitu
1087 2632 1249 2676 petebat;
1272 2642 1335 2665 nec
1358 2634 1457 2676 pater
1479 2629 1552 2675 ipse

104 2673 238 2726 Condes
263 2673 328 2707 hoc
347 2680 500 2722 tempore
522 2677 557 2711 in
580 2677 744 2711 Romanas
775 2676 904 2722 prodiit
926 2676 1081 2711 ditiones.
1130 2674 1238 2710 Xerxi
1272 2680 1383 2710 autem
1416 2681 1452 2710 et
1474 2676 1551 2711 Me-

104 2729 166 2752 ran
189 2730 222 2752 ιιι
246 2730 416 2754 occursum
447 2722 584 2756 iverunt
605 2723 760 2757 Damasci
793 2723 918 2756 Exdux
941 2722 1068 2763 antis,
1091 2720 1253 2755 vitaliani
1273 2721 1312 2756 F.
1336 2722 1391 2756 vir
1412 2721 1549 2756 bellico-

103 2763 265 2803 sissimum
301 2770 337 2798 et
357 2765 585 2810 Sebastianus,
609 2768 714 2813 copiis
738 2767 891 2802 isauricis
913 2767 1085 2802 instructi:
1111 2767 1317 2802 Phoeniciae
1339 2767 1439 2802 etiam
1462 2767 1551 2809 Dux,

104 2809 312 2853 Prucfianm,
337 2821 411 2846 cum
433 2811 558 2849 Basilio
590 2813 744 2849 Comite:
781 2814 926 2848 Praeter
962 2813 1023 2848 hos
1046 2812 1146 2848 etiam
1167 2813 1290 2849 aderat
1310 2814 1492 2850 Belisarius
1515 2818 1551 2848 et
