1838 3230
450 202 1070 249 CHRONOGRAPHIA.
1128 204 1178 249 L.
1206 205 1305 251 XII.
1519 214 1618 260 291

128 319 289 379 Ῥώμης
321 320 424 378 ἴσω,
469 321 526 374 ὥς
553 322 741 380 προσέχει
770 330 859 374 τοῖς
889 321 1058 379 ἰχθύσι,
1089 325 1194 369 κατὰ
1216 324 1415 383 συσκευὴν
1437 331 1510 370 τοῦ
1530 329 1618 382 μετ’

133 389 275 435 αὐτόν.
340 386 390 447 ἦν
413 392 458 435 δὲ
483 393 678 436 ἐνιαυτῶν
699 390 746 443 ξ’.

238 459 362 504 Mete}
380 461 424 503 δὲ
441 460 516 516 τὴν
533 462 747 515 βασιλείαν
765 462 915 504 Διδιόυ
932 461 1158 505 Ἰουλιανοῢ
1179 463 1437 516 ἐβασίλευσεν
1456 462 1477 507 ὃ
1499 463 1613 508 θειό-

133 544 259 579 τατος
277 529 464 586 Σέβηρος
485 527 506 572 ὃ
527 531 594 571 καὶ
614 531 834 584 Σεπτιζιιιος
844 563 857 582 ,
894 528 976 573 ὑπὸ
1003 536 1076 586 τῆς
1100 530 1327 587 συγκλήτου
1343 529 1502 589 Ῥώμης
1524 546 1612 589 ψη-

96 599 312 654 5φισθείς,
338 598 401 640 ἐπὶ
420 602 495 653 τῆς
511 595 706 648 ὗπατειάς
732 597 958 648 Φλάκωνος
978 602 1045 642 καὶ
1065 598 1250 656 Κλάρον.
1308 602 1543 655 ἐβασίλευσε
1565 604 1612 646 δὲ

131 664 201 720 ἔτη
217 664 267 718 ιζ
289 667 357 709 καὶ
374 670 510 721 μῆνας
527 664 588 710 θ’.
660 662 710 721 ἦν
733 669 778 710 δὲ
797 670 1040 724 ὄιμοιριαΐος
1060 674 1110 725 τῇ
1131 667 1266 729 ἡλικίᾳ
1278 702 1290 721 ,
1328 668 1499 724 λεπτός,
1539 668 1608 714 εἷ’-ι

129 738 304 790 arn-905,
338 733 599 792 μακρόρινος,
637 734 920 793 εὖόφθαλμος,
957 735 1222 794 μελάγχρους,
1260 737 1472 795 οὗλόθριξ,
1510 737 1605 783 ‹520-
1627 747 1661 784 D

127 800 294 856 πόλιος,
329 801 655 861 μεγαλοπιόγων,
691 805 790 856 τοὺς
821 803 954 856 πόδας
984 805 1265 864 στυφόμενος,
1301 806 1606 864 μεγαλόψυχος,

126 870 301 928 ὀργίλος.

72 951 118 988 10
226 939 315 983 Ἐπὶ
337 940 382 984 δὲ
401 945 477 997 τῆς
498 939 626 984 αὖτοῢ
647 942 859 996 βασιλείας
880 939 1150 1000 ἐτυράννησεν
1173 942 1360 998 Ἀλβῖνος
1383 942 1404 987 ὁ
1427 949 1602 1002 συγκλη-
1627 957 1660 992 o
1683 955 1755 995 384

126 1005 258 1060 τικός·
295 1008 433 1052 ὅντινα
465 1007 486 1052 ὅ
518 1008 720 1065 στρατός,
760 1009 815 1061 ὦς
834 1016 1003 1066 πολεμεῖ
1020 1018 1105 1062 τοῖς
1123 1015 1165 1055 Γ
1160 1010 1278 1068 ήπεσι
1299 1015 1506 1069 πεμφθεὶς
1525 1033 1607 1057 πα-

127 1077 182 1134 ρὰ
199 1081 273 1121 τοῦ
293 1077 372 1136 πρὸ
393 1077 521 1121 αὐτοῦ
541 1079 744 1133 βασιλέως
753 1081 918 1133 Διδιόυ,
940 1078 1181 1137 ἀνηγόρευσε
1200 1081 1374 1135 βασιλέα
1398 1082 1606 1139 αὐθεντή-

126 1162 204 1196 σας
241 1146 316 1202 τὴν
355 1144 593 1203 σύγκλητον.
665 1150 733 1190 καὶ
774 1151 1013 1200 κατεδίωξεν
1052 1149 1178 1193 αὐτὸν
1212 1148 1234 1193 ὅ
1265 1150 1452 1208 Σέβηρος
1482 1153 1524 1194 ἐν
1551 1157 1604 1210 τῇ

126 1212 299 1276 Θρᾴκῃ,
333 1217 400 1258 καὶ
424 1216 681 1272 παραλαβών
706 1216 831 1260 αὐτὸν
853 1216 1080 1274 ἐφόνευσεν.

71 1294 115 1330 15
224 1283 386 1328 Ἐλθὼν
405 1285 449 1328 δὲ
470 1283 492 1328 ὁ
512 1286 698 1342 Σέβηρος
719 1287 781 1328 ἐπὶ
803 1286 850 1329 τὸ
872 1284 1111 1340 Βυζάντιον,
1137 1287 1204 1329 καὶ
1224 1284 1416 1343 ἑωρακώς
1433 1287 1509 1343 τὴν
1528 1305 1601 1332 το-

124 1354 328 1396 ποθεσίαν
349 1357 423 1409 τῆς
439 1351 596 1403 πόλεως
613 1352 757 1410 καλήν,
793 1353 975 1413 ἀνήγειρε
994 1355 1068 1411 τὴν
1089 1353 1360 1410 Βυζούπολιν,
1385 1358 1453 1398 καὶ
1471 1356 1600 1401 ἔκτισε

123 1418 323 1476 δημόσιον
351 1422 526 1479 λουτρὸν
560 1422 607 1466 τὸ
636 1421 851 1478 λεγόμενον
880 1423 1111 1475 Ζεύξιππον
1140 1422 1244 1467 διότι
1279 1425 1365 1467 ἐκεῖ
1383 1426 1530 1469 ἵστατο
1556 1428 1599 1469 ἓν

119 1490 234 1549 μέσῳ
252 1494 328 1534 τοῦ
343 1488 605 1550 τετραστῴου
624 1490 754 1548 στήλη
768 1496 903 1548 χαλκῆ
921 1498 995 1536 τοῦ
1011 1491 1154 1537 Ἡλίου
1164 1526 1179 1546 ,
1216 1495 1283 1536 καὶ
1298 1491 1496 1537 ὑποκάτω
1521 1495 1599 1538 αὗ-

119 1563 196 1614 τῆς
225 1558 379 1616 ἔγραψε
410 1559 458 1603 τὸ
478 1560 677 1615 μυστικὸν
711 1560 841 1616 ὄνομα
873 1567 949 1605 τοῦ
980 1560 1120 1617 ἡλίου,
1159 1563 1379 1620 Ζευξίππῳ
1401 1566 1513 1621 θεῷ·
1557 1563 1596 1606 οἱ
1619 1551 1653 1633 g
1677 1598 1746 1634 385

64 1639 114 1673 20
122 1626 202 1684 γὰρ
219 1629 379 1687 Θρᾷκες
395 1626 527 1679 οὕτως
544 1628 678 1685 ἔλεγον
694 1630 766 1673 τὸν
783 1630 911 1686 ἥλιον.
982 1631 1020 1673 οἶ
1040 1632 1084 1673 δὲ
1102 1634 1175 1686 τῆς
1195 1628 1351 1680 πόλεως
1367 1628 1505 1686 Βύζης
1522 1630 1596 1673 οῧ-

119 1711 203 1746 τως
234 1694 444 1751 ὠνόμαζον
461 1697 510 1740 τὸ
539 1697 640 1741 αὐτὸ
660 1697 858 1754 δημόσιον
875 1697 1109 1749 Ζεύξιππον
1135 1698 1241 1741 κατὰ
1274 1698 1320 1742 τὸ
1344 1697 1476 1754 ὄνομα
1495 1697 1596 1758 ὅπερ

214 1817 250 1853 5.
286 1814 482 1858 omnemne
502 1817 565 1854 καὶ
589 1816 765 1864 Κλάρον]
801 1843 826 1860 ‚,
839 1818 922 1853 Chr.
945 1818 1043 1853 Alex.
1068 1818 1174 1864 legit,
1212 1816 1381 1855 Φλάκκου
1404 1819 1468 1855 καὶ
1493 1818 1597 1856 Kad-

213 1875 296 1909 ρον.
343 1864 510 1899 Eusebius
542 1865 584 1899 ad
617 1877 671 1899 an.
704 1864 825 1899 Severi
859 1865 885 1898 1.
918 1865 1012 1899 coss.
1046 1865 1143 1911 ponit
1165 1865 1349 1900 Falconem
1372 1870 1409 1900 et
1432 1866 1592 1902 Clarum:

216 1909 268 1944 uti
298 1912 334 1944 et
357 1909 454 1944 Fasti
479 1910 684 1956 Capitolini,
720 1923 783 1956 pro
811 1908 1018 1951 Φλὰκωνος.
1063 1911 1186 1956 Itaque
1217 1911 1309 1956 apud
1340 1914 1512 1955 nostrum,
1544 1912 1593 1947 le-

212 1955 358 2000 gendum
383 1955 600 1998 Φάλκωνος,
625 1957 720 1992 facili
742 1957 915 1991 literarum
935 1956 1236 2003 transpositione.“
1259 1957 1322 1991 Cb.
1437 1959 1493 1994 11.
1517 1957 1593 2004 Γή-

211 2013 296 2038 πεσι
320 2002 406 2045 Ch„
429 2004 559 2039 Γίπεσι
585 2004 654 2038 Ox,
702 2003 801 2037 Conf.
826 2003 892 2038 vol.
915 2002 960 2037 11.
984 2014 1020 2049 p.
1043 2005 1101 2040 22.
1126 2003 1176 2045 C,
1200 2000 1256 2040 64.
1282 2002 1324 2040 C.

119 2102 283 2150 palatium
305 2104 455 2150 piscibus
478 2105 638 2149 intendit,
665 2118 685 2141 a
709 2105 916 2141 cubiculario
939 2117 1014 2149 suo,
1037 2116 1058 2141 a
1082 2115 1274 2142 successore
1298 2105 1343 2141 ad
1365 2105 1402 2141 id
1425 2106 1592 2142 suborna-

118 2154 176 2193 ω,
199 2149 330 2185 occisus
353 2156 425 2193 est,
457 2163 579 2187 annum
602 2164 706 2198 agens
730 2164 788 2189 Lx,

210 2195 348 2242 Didium
370 2197 538 2233 Julianum
572 2199 712 2245 excepit
736 2198 958 2233 divinissimus
982 2198 1148 2240 Severus,
1190 2197 1249 2244 qui
1271 2200 1306 2232 et
1328 2197 1535 2244 Septimius,
1569 2209 1591 2233 a

119 2240 250 2276 Senatu
272 2242 427 2278 Romano
452 2245 640 2290 Imperator
662 2245 838 2286 salutatus,
863 2245 1032 2279 Flaccone
1056 2249 1091 2279 et
1115 2244 1218 2279 Claro
1244 2244 1361 2278 coss.=
1402 2248 1440 2278 et
1462 2254 1590 2288 regna-

119 2287 173 2322 vit
194 2298 299 2323 annos
322 2300 396 2324 xvu
419 2294 456 2325 et
479 2302 607 2325 menses
628 2303 759 2326 novem.
815 2290 906 2325 Erat
927 2302 1010 2326 vero
1034 2294 1165 2325 statura
1196 2290 1398 2324 mediocrem
1422 2299 1590 2334 superan-

120 2335 169 2374 te,
191 2333 339 2378 gracilis,
366 2341 511 2381 pectore
534 2337 644 2379 firmo,
680 2339 832 2379 nasutas,
857 2336 960 2371 oculis
983 2336 1145 2378 venustis,
1168 2335 1279 2381 niger,
1304 2334 1447 2381 crispus,
1472 2345 1588 2377 canus,

119 2377 295 2422 barbatus,
318 2391 424 2426 aeger
447 2382 602 2428 pedibus,
625 2382 854 2427 magnanimus
879 2387 914 2417 et
936 2382 980 2417 ad
1003 2382 1088 2417 iram
1113 2393 1250 2427 pronus-

208 2424 321 2470 Hujus
342 2428 404 2461 sub
426 2427 567 2475 imperio
590 2429 687 2463 novis
709 2429 811 2463 rebus
832 2428 991 2464 studebat
1013 2428 1165 2470 Albinus,
1188 2428 1357 2469 Senator;
1390 2436 1488 2470 quem
1513 2436 1588 2459 cum

122 2468 315 2515 Gepidibus
347 2472 410 2518 (in
442 2485 526 2519 quos
556 2486 578 2508 a
600 2474 702 2509 Didio
734 2475 847 2509 missus
881 2475 1023 2519 fuerat)
1046 2474 1137 2508 bella
1166 2477 1361 2519 gerentem,
1404 2470 1587 2525 exercitus,

121 2519 239 2560 spreta
261 2516 407 2554 Senatus
430 2520 637 2562 autoritate,
660 2521 902 2566 Imperatorem
926 2521 1150 2557 salutaverat.
1194 2519 1294 2554 Hunc
1317 2519 1430 2552 autem
1452 2526 1588 2552 insecu-

121 2563 176 2595 tus
196 2559 354 2607 Severus,
377 2563 413 2599 in
437 2566 591 2602 Thracia
614 2567 900 2612 comprehensum,
923 2566 999 2602 neci
1023 2566 1129 2601 dedit.

213 2605 358 2643 Severus
388 2615 499 2646 autem
522 2613 725 2659 Byzantium
748 2613 902 2654 veniens,
942 2625 1015 2648 cum
1039 2612 1138 2646 situm
1176 2611 1249 2654 ejus
1273 2618 1446 2643 amoenum
1469 2607 1588 2662 obser:

122 2655 234 2686 vasset
249 2676 261 2694 ‚
296 2655 412 2690 urbem
434 2656 659 2702 instauravit3
704 2659 832 2694 Balneo
856 2659 958 2694 etiam
981 2657 1125 2693 Publice
1155 2655 1279 2690 ibidem
1315 2657 1495 2695 extructo,
1520 2665 1588 2688 cui

124 2698 318 2743 Zsswil’pffl
340 2711 480 2746 nomem
515 2715 557 2739 ex
580 2715 643 2747 eo,
683 2705 774 2751 quod
796 2705 844 2739 ibi
868 2704 946 2740 olim
971 2707 1135 2743 steterat,
1170 2701 1204 2735 in
1227 2699 1406 2735 Tetrastoi
1429 2698 1588 2734 meditul-

122 2742 181 2785 lio,
206 2754 308 2778 aerea
330 2744 419 2782 Solis
440 2754 574 2792 statum
600 2752 694 2796 cujus
717 2751 762 2785 ad
785 2751 896 2786 Basim
920 2750 1010 2785 Solis
1034 2759 1151 2783 nomen
1174 2746 1356 2791 Mysticum
1379 2745 1587 2780 inscribeba-

122 2793 200 2831 tur,
233 2789 285 2824 his
308 2791 442 2827 verbis:
476 2795 550 2829 Deo
572 2797 759 2842 Zeuxippo.
792 2797 956 2831 vocabulo
980 2795 1067 2830 enim
1093 2795 1158 2827 hoc
1182 2792 1338 2826 Thraces
1362 2791 1476 2826 Solem
1497 2790 1589 2825 indi-

146 2838 253 2870 etant.
300 2836 463 2873 Balneum
483 2840 535 2874 ita
558 2852 600 2876 ue
623 2843 690 2877 boc
711 2842 914 2888 Byzantini‚
951 2853 1017 2875 non
1042 2843 1079 2873 ut
1110 2839 1302 2884 Imperator
1325 2837 1361 2871 id
1385 2836 1503 2871 vocari
1525 2848 1590 2870 vo-

121 2846 204 2923 fifit,
228 2882 469 2927 Severianum,
495 2852 557 2922 seg
577 2898 599 2923 a
620 2887 688 2923 lod
710 2888 844 2924 nomine
866 2887 1006 2932 antiquo
1031 2885 1242 2931 Zeuxippum
1265 2882 1474 2919 vocitabant.
1523 2882 1591 2917 Im-
