1838 3230
312 224 318 230 *
375 162 993 208 CHRONOGRAPHIA.
1050 162 1097 205 L.
1127 162 1282 208 XVIII.
1462 167 1560 217 489

101 284 150 328 τὸ
167 284 344 332 ,κτισθὲν
371 281 451 328 ὕπὸ
482 283 731 336 Θεοδοσίου,
769 284 836 326 καὶ
871 283 1093 339 ἐκκλησιῶν
1119 283 1164 326 δὲ
1195 282 1300 339 με’ρη
1323 283 1556 338 κατέπεσον,

101 353 316 410 ἐξαιρέτως
333 352 450 396 δὲτὰ
467 351 646 396 ἐπέκεινα
664 355 740 395 τοῦ
760 349 966 407 Ἑβδόμου
980 366 990 376 ·
1027 352 1095 395 καὶ
1111 349 1133 396 ὅ
1158 351 1254 395 κίων
1274 352 1319 395 δὲ
1341 351 1397 395 ὢν
1416 353 1458 396 ἓν
1483 357 1560 397 Σε-

102 423 362 472 κουνδιαναῒς
380 421 456 465 σῦν
470 424 523 479 τῇ
546 418 677 478 στήλῃ
711 421 944 476 κατηνέχθη
958 434 968 444 ·
1004 425 1079 464 τοῦ
1098 421 1142 464 δὲ
1154 418 1312 477 Ῥηγίου
1330 418 1437 464 πάνυ
1458 427 1561 465 πολ-

101 489 156 533 λὰ
175 489 406 534 κατέπεσον.
478 491 621 533 πολλοὶ
641 489 851 532 ἀπέθανον
879 490 920 532 ἓν
943 495 1030 540 τοῖς
1060 487 1333 544 συμπτώμασι
1347 503 1357 514 ·
1392 491 1498 541 τινὲς
1519 492 1563 534 δὲ
1586 498 1618 533 Ο
1642 497 1712 536 234

68 558 170 604 §ami
190 557 286 613 μεθ’
306 556 462 616 ἡμέρας
481 559 526 602 ἐκ
547 562 631 602 τῶν
649 558 1004 615 καταληφθέντων
1029 556 1111 601 ὑπὸ
1130 562 1212 602 τῶν
1245 558 1562 615 συμπτωμάτων

103 624 378 682 διεσώθησαν.
449 627 491 669 ἓν
511 626 624 686 αῧτῷ
644 627 689 670 δὲ
707 631 765 685 τῷ
785 625 904 685 φόβῳ
927 628 994 669 καὶ
1017 627 1057 670 ἓν
1077 621 1167 677 ταῖς
1188 626 1264 678 ἔξω
1286 626 1426 671 πόλεσι
1460 633 1563 673 πολ-

101 695 167 738 λοὶ
190 692 309 738 τόποι
337 693 608 742 πεπτώκασιν.
677 694 703 751 ἦ
733 697 776 738 δὲ
803 696 906 750 αὐτὴ
935 695 1094 753 φοβεροὶ
1123 695 1266 752 ἀπειλὴ
1293 695 1561 755 ἐπεκράτησεν

101 763 165 805 ἐπὶ
181 760 336 818 ἡμέρας
353 763 450 807 δέκα
463 777 473 787 ·
515 766 582 807 καὶ
601 764 702 822 πρὸς
723 764 855 821 ὀλίγον
885 762 1160 820 κατενύγησαν
1191 765 1230 807 οἳ
1262 763 1479 823 ἅνθρωποι
1502 772 1562 810 λι-

99 837 191 881 ταῖς
207 833 274 874 καὶ
296 830 454 887 δεήσεσι
473 838 868 890 προσκαρτεροῦντες
889 834 931 876 ἓν
960 837 1012 891 τῇ
1031 834 1233 892 ἐκκλησίᾳ.
1306 832 1327 877 ὅ
1361 836 1406 878 δὲ
1434 835 1557 888 αὐτὸς
1578 848 1611 883 D

43 911 90 947 10
97 899 291 953 βασιλεῦς
302 901 590 951 Ἰουστινιανός
609 902 681 945 οὖκ
700 900 866 959 ἐφόρεσε
886 901 1047 956 στέμμα
1074 903 1136 944 ἐπὶ
1157 900 1313 959 ἡμέρας
1327 902 1560 960 τριάκοντα.

199 970 286 1012 Καὶ
306 974 366 1028 τῷ
386 969 499 1029 αὐτῷ
517 968 654 1029 χρόνῳ
678 973 866 1026 εἰσῆλθεν
904 972 946 1013 ἐν
978 969 1404 1015 Κωνσταντινουπόλει
1438 972 1562 1025 ἔθνος

102 1034 271 1081 Οῧννων
291 1036 517 1095 παράξενον
550 1044 631 1082 τῶν
652 1040 875 1095 λεγομένων
904 1037 1104 1096 Ἀβάρων.

194 1105 263 1149 Ἔν
298 1107 442 1157 αὐταῖς
475 1108 520 1150 δὲ
545 1115 637 1159 ταῖς
655 1106 825 1165 ἡμέραις
843 1111 1010 1168 τελευτᾷ
1030 1106 1052 1151 ὁ
1075 1108 1293 1159 ἐπίσκοπος
1307 1111 1562 1168 Καισαρείας

95 1175 401 1226 ,Καππαδοκίας
420 1176 462 1219 ἓν
485 1177 697 1235 Βυζαντίῳ
711 1191 720 1201 ·
755 1178 823 1220 καὶ
842 1172 993 1233 ἐγένετο
1013 1176 1096 1220 ἀντ’
1119 1177 1247 1221 αὐτοῦ
1275 1177 1508 1237 Θεόκριτος.

43 1251 88 1288 15
199 1245 319 1300 Μηνὶ
361 1247 622 1304 φεβρουαρίῳ
660 1248 910 1295 ῗνδικτιῶνος
942 1242 976 1295 ς’
1006 1245 1141 1302 γέγονε
1180 1251 1331 1302 θνῆσις
1357 1249 1398 1291 ἓν
1436 1251 1561 1292 Κων-

97 1311 428 1357 παντινουπόλει
445 1313 526 1357 ἀπὸ
543 1312 780 1370 βουβώνων.
853 1315 895 1358 ἓν
929 1313 1042 1372 αὐτῷ
1063 1315 1107 1357 δὲ
1131 1319 1188 1375 τῷ
1214 1314 1334 1374 φόβῳ
1354 1317 1407 1359 τὰ
1427 1317 1561 1373 μεθό-

97 1380 166 1422 δια
194 1378 330 1424 πάντα
360 1380 624 1439 κραββάτους
652 1382 854 1440 ἆργυροῦς
894 1384 1100 1438 ἐποίησαν.
1181 1383 1426 1442 ἐπεκράτησε
1461 1388 1505 1429 δὲ
1533 1386 1558 1443 ἧ
1585 1400 1617 1434 o
1639 1403 1707 1439 235

96 1447 199 1506 αὗτὴ
224 1450 385 1507 φοβερὰ
404 1455 478 1494 τοῦ
499 1456 602 1495 θεοῦ
623 1451 766 1508 ἀπειλὴ
793 1453 856 1494 ἐπὶ
878 1456 1011 1507 μῆνας
1032 1452 1086 1503 ἓξ.
1208 1503 1212 1506 ,
1583 1471 1616 1504 Ε

195 1517 264 1561 Ἓν
285 1518 398 1578 αὐτῷ
419 1521 463 1563 δὲ
485 1525 542 1579 τῷ
558 1519 696 1580 χρόνῳ
716 1521 1063 1579 φιλοκαλουμένου
1082 1524 1156 1563 τοῦ
1174 1518 1373 1578 τρούλλου
1395 1527 1469 1579 τῆς
1484 1541 1560 1578 με-

39 1582 223 1643 Ξογοῖλης
241 1587 467 1643 ἐκκλησίας,
497 1587 623 1646 ῥήξας
643 1589 721 1647 γὰρ
756 1585 806 1645 ἧν
839 1591 894 1640 εἲς
924 1589 1127 1647 φανεροὺς
1144 1587 1295 1640 τόπους
1329 1592 1373 1634 ἐκ
1391 1596 1474 1635 τῶν
1493 1609 1560 1648 γε-

186 1743 220 1779 3.
241 1739 387 1789 Ῥηγίου
410 1741 496 1789 Ch.‚
522 1742 660 1790 Ῥιγίου
688 1745 756 1779 Ox.
844 1746 878 1779 8.
901 1740 1159 1789 κατηνῦγησαν
1183 1745 1250 1780 Ox,
1343 1746 1399 1782 16.
1423 1746 1560 1795 βουβό-

186 1802 263 1826 νων
294 1791 363 1825 Ox.
503 1792 559 1827 16.
595 1790 760 1837 μεθόδια
778 1811 823 1817 -—
845 1789 1049 1836 ἀργυροῦς]
1082 1788 1243 1837 μεθόρια
1261 1811 1305 1817 -
1330 1788 1469 1840 ἄργοῦς
1494 1795 1558 1831 Ch.

188 1838 244 1874 19.
277 1836 590 1883 φιλοκαλουμένου
615 1838 702 1880 Ch.‚
741 1836 1075 1883 φιλοκαλλονμένου
1099 1837 1168 1874 Ox.

94 1973 325 2010 Ecclesiamm
349 1986 489 2022 quoque
510 1979 628 2023 partes
650 1977 816 2022 disjectae
838 1979 934 2012 sunt:
968 1988 1043 2012 cum
1074 1976 1189 2023 primis
1213 1987 1320 2018 vero,
1354 1987 1441 2021 quae
1465 1977 1557 2013 ultra

93 2020 302 2056 Hebdomum
325 2021 392 2056 sita
414 2028 513 2058 erant
536 2023 714 2065 aedificia,
737 2026 951 2059 corruerunt.
998 2023 1162 2058 Columna
1182 2022 1285 2058 etiam
1307 2021 1342 2056 in
1366 2023 1557 2058 Secundia-

93 2066 146 2102 nis
167 2067 283 2113 posita
304 2078 372 2103 una
394 2080 469 2103 cum
493 2073 604 2104 statua
629 2068 898 2114 superimposita,
921 2069 1027 2115 Regii
1048 2070 1129 2104 item
1162 2080 1241 2115 pars
1273 2079 1396 2113 magna
1418 2069 1555 2104 cecide-

91 2117 184 2148 runt.
229 2113 391 2149 Homines
414 2115 515 2150 etiam
540 2115 675 2160 plurimi
698 2115 803 2150 ruinis
826 2116 940 2150 obruti
963 2120 1061 2158 sunt3
1095 2127 1234 2161 quorum
1260 2118 1373 2148 tamen
1395 2115 1556 2158 nonnulli,

93 2158 226 2204 aliquot
247 2163 327 2205 post
349 2160 487 2203 diebus,
522 2162 594 2195 vivi
619 2162 764 2196 extracti
787 2167 875 2196 sunt.
935 2162 1028 2203 Quin
1050 2164 1087 2197 et
1109 2162 1152 2195 ab
1177 2161 1296 2196 eodem
1319 2165 1436 2195 terrae
1460 2166 1555 2196 motu

92 2204 236 2239 aliarum
278 2216 414 2252 quoque
458 2212 662 2242 remotarum
695 2207 826 2242 urbium
866 2207 1023 2242 aedificia
1055 2207 1299 2254 quamplurima
1338 2210 1553 2242 corruerunt.

90 2250 242 2286 Invaluit
273 2257 386 2287 autem
418 2253 593 2287 tremenda
622 2253 683 2287 illa
714 2253 942 2288 consternatio
977 2254 1096 2288 diebus
1120 2265 1162 2296 x;
1194 2252 1382 2288 hominibus
1405 2252 1552 2295 interim,

92 2307 235 2341 quorum
257 2297 343 2332 haec
367 2298 494 2333 animos
518 2299 714 2344 aliquandiu
751 2303 991 2345 pupugerunt,
1022 2299 1148 2335 litaniis
1179 2304 1225 2340 {et
1257 2297 1552 2343 supplicationibus

91 2341 127 2376 in
150 2342 304 2378 Ecclesia
325 2343 594 2388 invigilantibus.
626 2346 808 2381 Caeterum
829 2346 1018 2392 Imperator
1039 2345 1246 2382 Justinianus
1267 2343 1434 2379 Diadema
1454 2357 1552 2380 suum

91 2398 156 2434 per
176 2399 246 2423 xxx
269 2389 341 2426 dies
364 2402 432 2425 non
453 2391 614 2436 gestavit.

181 2433 303 2470 Iisdem
326 2437 532 2482 temporibus
557 2438 707 2480 Abares,
731 2437 928 2473 Hunnorum
950 2449 1033 2483 gens
1052 2437 1216 2484 quaedam
1239 2435 1434 2482 peregrina,
1459 2437 1551 2471 Con-

92 2478 342 2526 stantinopolim
363 2487 541 2517 venerunt.

139 2569 162 2579 ..
183 2525 260 2560 Hoc
280 2531 432 2573 tempore
465 2529 567 2564 etiam
591 2529 779 2575 Episcopus
810 2529 1039 2565 Caesariensis
1070 2528 1106 2564 in
1141 2527 1363 2574 Cappadocia
1390 2527 1550 2573 Byzantii

93 2571 199 2611 obut;
224 2572 316 2616 cujus
337 2574 373 2608 in
396 2574 505 2609 locum
528 2575 688 2610 suffectus
712 2581 762 2611 est
786 2576 1003 2611 Theocritus.

182 2615 301 2652 Mense
331 2618 543 2663 Februario,
574 2621 770 2656 Indictionis
804 2633 852 2663 vl,
885 2622 955 2656 lues
985 2619 1280 2665 Constantinopoli
1311 2622 1464 2664 grassata
1486 2624 1550 2664 est,

92 2661 279 2697 hominibus
302 2675 323 2698 a
344 2665 533 2701 bubonibus
555 2667 784 2712 pereuntibus.
830 2667 981 2712 Vigente
1003 2678 1085 2702 vero
1103 2667 1169 2700 hac
1189 2664 1382 2699 calamitate
1405 2666 1551 2701 confinia

92 2707 204 2742 omnia
225 2708 417 2755 sandapilas
439 2718 602 2748 vacantes
623 2714 789 2749 fecerunt.
844 2713 993 2748 Invaluit
1026 2715 1138 2747 autem
1173 2711 1347 2746 tremenda
1378 2711 1462 2747 haec
1484 2713 1548 2747 Dei

91 2753 259 2788 minitatio
283 2765 347 2799 per
368 2766 494 2792 menses
517 2771 587 2796 sex,

181 2799 312 2834 Eodem
335 2804 508 2848 tempore,
531 2816 604 2839 cum
627 2816 768 2850 magnae
790 2804 965 2840 Ecclesiae
988 2803 1132 2845 Trana,
1156 2814 1246 2848 quae
1269 2814 1312 2837 ex
1334 2802 1503 2848 prioribus
1528 2815 1548 2838 a

90 2844 166 2881 Deo
190 2845 401 2883 misericordi
422 2847 570 2885 immissis
592 2851 775 2887 terroribus
808 2851 958 2897 pluribus
986 2850 1021 2885 in
1044 2849 1126 2884 locis
1150 2852 1314 2896 perrupta
1337 2850 1464 2892 fuerat,
1496 2850 1548 2884 in—
