1838 3230
430 167 1060 216 CHRONOGRAPHIA.
1116 165 1164 210 L.
1195 165 1244 210 V.
1475 167 1571 216 109

114 289 318 350 λαμώνιος
347 292 460 344 Αἴας
489 289 615 347 ἐζήτει
644 295 783 345 λαβεῖν
811 289 858 332 τὸ
888 288 1059 344 βρέτας,
1099 285 1195 344 ὅπερ
1223 286 1308 330 ἐστὶ
1326 284 1374 328 τὸ
1395 281 1571 327 Παλλά-

114 366 224 416 διον,
263 360 407 415 ζώδιον
425 366 498 417 τῆς
516 358 741 409 Παλλάδος
765 358 910 415 μικρὸν
934 356 1116 410 ξύλινον,
1153 355 1174 400 ὃ
1194 355 1326 412 ἔλεγον
1344 352 1444 398 εἶναι
1462 370 1571 396 τετε-

114 431 305 486 λεσμένον
327 432 383 481 εἰς
401 431 528 485 νίκην,
548 427 810 487 φυλάττοντα
830 427 903 482 τὴν
926 424 1042 469 πόλιν
1061 425 1165 469 ἔνθα
1188 423 1392 468 ἀπόκειται
1409 420 1572 479 ἀπαρά-

115 505 282 556 ληπτον.
352 499 400 542 τὸ
428 500 473 542 δὲ
502 497 604 541 αὐτὸ
628 495 869 540 Παλλάδιον
896 495 1018 538 ἔδωκε
1048 499 1106 553 τῷ
1132 492 1263 552 Τρώῳ
1289 496 1454 547 βασιλεῖ’
1473 491 1573 547 μέλ-

89 573 226 614 5λοντι
243 568 383 620 κτίζειν
403 568 477 622 τὴν
495 565 612 610 πόλιν
625 564 760 616 ’Άσιός
778 582 861 618 τις,
901 562 1127 621 φιλόσοφος
1146 565 1212 606 καὶ
1232 559 1429 617 τελεστής.
1501 561 1569 603 καὶ
1592 568 1625 602 Ο
1650 568 1715 604 138

111 637 214 694 ὑπὲρ
243 636 497 692 εὖχαριστίας
525 634 547 678 ὃ
580 639 726 692 Τρῶος
746 633 938 687 βασιλεὺς
970 635 1024 682 εἰς
1052 630 1216 688 μνήμην
1247 630 1374 674 αὐτοῦ
1398 629 1473 685 τὴν
1499 627 1568 671 ὕπ’

114 707 241 750 αὐτὸν
260 701 388 749 οὖσαν
405 703 544 762 χώραν
564 709 702 747 πᾶσαν
722 704 796 758 τὴν
817 700 958 760 πρῴην
977 701 1191 757 λεγομένην
1206 701 1448 757 Ἐπίτροπον
1471 697 1568 754 [ἢν]

113 772 376 831 μετεκάλεσεν
395 773 546 817 Ἀσιάν.
617 777 739 815 τοῦτο
774 773 818 814 δὲ
841 772 888 814 τὸ
907 771 1061 827 βρέτας
1082 770 1303 820 Ὀδυσσεὺς
1323 770 1388 811 καὶ
1409 765 1572 822 Διομή-

113 846 190 900 δης
208 843 384 897 ἔκλεψαν
407 842 513 886 κατὰ
532 840 696 898 γνώμην
717 845 788 884 τοῦ
804 838 1067 895 Ἀντήνορος,
1100 837 1270 895 ἐξάρχου
1292 842 1373 880 τῶν
1396 834 1567 892 Τρώων,

60 921 106 958 10
117 907 318 967 οὗτινοςῆ
341 910 465 968 γυνή,
503 909 670 965 ὀνόματι
690 908 849 962 Θεανώ,
887 904 937 964 ἦν
961 909 1081 966 ἱέρεια
1104 912 1178 963 τῆς
1193 904 1429 958 Παλλάδος,
1468 903 1569 947 ὅπου
1595 917 1626 952 c

55 1024 58 1025 γ
113 981 162 1026 τὸ
182 981 283 1024 αὐτὸ
300 981 451 1037 βρέτας
469 979 674 1032 ἀπέκειτο,
713 976 965 1027 ἐσελθόντες
994 975 1138 1026 νυκτὸς
1168 976 1206 1019 οἱ·
1228 977 1317 1033 περὶ
1335 974 1405 1017 τὸν
1423 974 1574 1016 Ὀδυσ-

114 1051 188 1094 σέα
206 1051 273 1093 καὶ
291 1047 509 1104 Διομήδην
527 1049 568 1091 ἓν
585 1052 636 1105 τῇ
660 1050 804 1105 Τροίῃ,
842 1049 910 1090 καὶ
929 1044 1306 1102 παρακοιμηθέντες
1326 1045 1382 1093 εἷς
1399 1042 1447 1086 τὸ
1466 1042 1572 1099 ἱερὸν

114 1123 189 1174 τῆς
218 1116 468 1170 Παλλάδος,
507 1116 573 1160 ὅτε
597 1117 671 1166 τὰς
694 1115 839 1173 ἑορτὰς
861 1119 942 1158 τῶν
962 1112 1246 1169 ἀναθημάτων
1272 1112 1377 1167 εἶχον
1395 1112 1433 1154 οἳ
1457 1108 1573 1166 Φρύ-

114 1204 180 1244 γες
199 1189 266 1230 καὶ
287 1185 535 1241 οἱἛλληνες.
606 1187 800 1240 ἐποίησαν
818 1185 861 1227 δὲ
880 1188 1002 1227 τοῦτο
1025 1184 1064 1226 οἳ
1083 1184 1258 1235 Δαναοί,
1287 1180 1419 1236 ἐπειδὴ
1442 1178 1571 1235 ἐδόθη

60 1263 105 1299 15
117 1257 258 1306 αὖτοῒς
274 1254 460 1312 χρησμὸς
478 1252 539 1296 ὅτι
565 1253 626 1297 Οὔ
650 1253 825 1297 δυνατὸν
843 1251 950 1307 ’ὗμᾶς
970 1256 1222 1309 παραλαβεῖν
1243 1251 1316 1306 τὴν
1341 1251 1508 1306 Τροίην,
1540 1251 1575 1291 εἰ

112 1325 171 1381 μὴ
192 1324 240 1368 τὸ
251 1321 493 1367 Παλλάδιον
512 1323 737 1380 ἀφέλησθε.
809 1324 875 1365 καὶ
902 1319 1024 1376 ἐζήτει
1044 1325 1182 1375 λαβεῖν
1204 1320 1304 1363 αὐτὸ
1329 1317 1349 1363 ὃ
1374 1315 1576 1373 Τελαμώ-

113 1410 200 1444 νιος
218 1393 331 1443 Αἶἀς
349 1394 404 1442 εἷς
421 1392 496 1447 τὴν
513 1393 619 1434 ἲδιάν
649 1391 776 1435 αὐτοῦ
794 1392 994 1446 πατρίδα,
1033 1391 1156 1446 λέγων
1167 1423 1179 1442 ,
1212 1389 1325 1444 Ἐμοὶ
1350 1385 1575 1445 ἓχρεώστη-

113 1476 204 1506 ται·
239 1461 389 1516 ἔκαμον
421 1461 499 1518 γὰρ
527 1460 713 1516 Ἀχαιοῖς.
787 1460 905 1515 ἇρκεΐ
916 1477 986 1513 μοι
1004 1459 1082 1516 γὰρ
1109 1457 1135 1514 ἦ
1159 1458 1272 1515 παρὰ
1295 1457 1489 1513 Ἕκτορος
1520 1458 1576 1506 εἷς
1600 1467 1633 1502 0
1660 1468 1725 1504 139

101 1532 186 1587 {pu}
202 1530 398 1588 γεναμένη
420 1530 662 1586 παραίτησις
681 1530 722 1572 ἓν
743 1534 793 1587 τῇ
812 1529 906 1586 παρφ
932 1529 1031 1583 ἐμοῦ
1061 1528 1162 1584 πρὸς
1182 1527 1306 1570 αὐτὸν
1327 1526 1572 1584 μονομαχία.

58 1602 184 1644 zona}
203 1597 324 1642 πάλιν
343 1600 513 1655 ἐποίησα
533 1597 682 1656 ἔφοδον
700 1599 764 1640 ἐπὶ
783 1598 857 1653 τὴν
875 1595 1006 1653 πύλην
1027 1601 1100 1640 τοῦ
1116 1597 1251 1648 Ἰλίου,
1285 1593 1409 1649 μόνος
1428 1591 1576 1643 διώξας

115 1669 214 1718 τοὺς
240 1671 413 1724 Τρῶας,
451 1669 518 1709 καὶ
539 1665 679 1717 σώσας
706 1667 780 1716 τὰς
801 1670 903 1721 νῆας
928 1664 1091 1708 πάντων
1117 1663 1232 1719 ὖμῶν
1247 1661 1469 1718 Ἑλλήνων,
1508 1663 1574 1704 καὶ
1596 1670 1629 1706 D

117 1735 295 1788 πολλοὺς
313 1739 395 1779 τῶν
417 1733 573 1792 Τρώων
591 1734 729 1792 ἥρωας
758 1734 912 1792 ἄνδρας
928 1734 1069 1789 βαλὼν
1093 1733 1167 1777 οὐκ
1189 1730 1390 1790 ἔτρώθην.
1463 1730 1579 1788 ἀρκεῖ·

207 1846 243 1882 7.
282 1841 398 1881 αὐτόν
421 1843 593 1879 Cedrenus
616 1856 650 1890 p.
677 1845 753 1879 130.
782 1843 834 1886 D,
869 1842 988 1879 αὐτοῦ
1011 1843 1078 1877 ΟΧ.
1215 1842 1298 1876 ibid.
1324 1837 1571 1885 Ἐπίτροπον]

202 1889 428 1938 Ἐπίρῤοπον
449 1890 631 1927 cedrenus.
678 1891 802 1924 Verum
826 1895 877 1925 est
890 1889 1083 1934 ’Ήπειρον,
1108 1887 1200 1934 quod
1224 1888 1368 1935 praebet
1390 1887 1512 1921 Suidas
1535 1898 1570 1921 v.

205 1937 430 1996 ,Παλλάδιοκ
544 1939 626 1973 ibid.
661 1933 740 1994 ,ηἳν
762 1937 977 1994 'redundans‘
1011 1936 1077 1970 ch.
1190 1937 1224 1971 9.
1252 1931 1468 1981 Ἀντήνορος
1491 1933 1569 1974 Ch„

208 1989 421 2032 Αντηνωρος
445 1984 514 2019 Ox.
607 1985 660 2020 16.
694 1985 906 2029 αφελησθε]
933 1981 1138 2029 αφέλεσθαι
1159 1982 1227 2016 Ox.

115 2077 241 2114 ladium
272 2077 459 2124 quaerebat
480 2075 564 2117 sibi3
605 2087 744 2122 nempe,
779 2086 889 2121 parva
911 2075 970 2110 illa
999 2073 1149 2109 Palladis
1176 2076 1291 2108 statua
1311 2073 1445 2118 lignea,
1480 2082 1568 2117 quae

117 2125 186 2159 ritu
207 2125 272 2168 (ut
295 2123 417 2168 aiunt)
440 2122 583 2168 mystico
608 2123 812 2168 parabatur,
841 2122 876 2156 in
897 2120 1076 2156 victoriam
1099 2119 1248 2162 scilicet,
1273 2123 1309 2154 et
1331 2124 1369 2153 ut
1391 2120 1509 2153 urbem
1532 2118 1569 2151 in

116 2181 186 2216 qua
214 2170 436 2212 servabatur,
475 2167 767 2214 inexpugnabilem
798 2171 998 2213 praestaret.
1045 2166 1233 2202 Palladium
1256 2166 1346 2200 istud
1371 2165 1466 2200 Asius
1490 2164 1567 2209 qui-

115 2218 213 2259 dam,
247 2215 468 2261 Philosophus
493 2226 534 2249 ac
558 2215 693 2259 Mysta‚
730 2214 818 2248 Troi
836 2213 912 2259 regi
934 2213 1123 2255 obtulerat,
1157 2212 1250 2246 urbis
1274 2212 1490 2246 fundamenta
1510 2211 1567 2254 ja-

109 2268 233 2298 cturoe
257 2263 353 2307 cujus
374 2262 410 2296 in
432 2261 578 2306 gratiam
602 2272 663 2295 rex
686 2260 797 2302 Tros,
829 2260 1019 2294 universam
1043 2258 1204 2293 ditionem
1227 2269 1339 2299 suam,
1364 2257 1567 2302 Epitropum

116 2312 196 2344 ante
218 2312 391 2350 vocatam,
424 2307 554 2349 Asiam,
587 2307 657 2341 Asii
681 2306 880 2353 Philosophi
901 2307 936 2340 in
959 2305 1169 2346 memoriam,
1203 2302 1441 2338 denominavit.
1488 2302 1569 2336 Pal-

115 2354 240 2390 ladium
273 2355 338 2388 hoc
370 2353 498 2388 Ulisses
536 2365 578 2388 ac
607 2353 807 2396 Diomedes,
854 2356 1018 2388 nocturno
1058 2357 1213 2396 tempore
1244 2350 1385 2394 Trojam
1415 2348 1569 2392 ingressi,

116 2399 265 2435 Palladis
296 2399 340 2434 ad
370 2401 485 2434 fanum
518 2399 786 2440 obdormientes,
826 2398 962 2433 interim
1000 2398 1076 2432 dum
1100 2409 1121 2431 a
1143 2395 1286 2430 Graecis
1309 2394 1569 2440 Phrygibusque

115 2445 220 2480 Festa
242 2446 501 2481 Anathematum
526 2445 797 2487 celebrarentur,
828 2445 911 2479 clam
936 2444 1162 2479 abstulerunt:
1197 2443 1262 2476 hoo
1285 2445 1396 2476 autem
1421 2452 1463 2474 ex
1488 2451 1570 2474 con-

117 2491 193 2526 silio
215 2491 415 2533 Antenoris,
448 2491 507 2536 qui
531 2503 573 2526 ex
597 2491 826 2535 Trojanorum
851 2491 991 2525 ducibus
1014 2494 1108 2524 erat:
1141 2492 1177 2522 et
1201 2488 1294 2531 cujus
1318 2497 1426 2527 uxor,
1452 2486 1570 2520 Thea-

118 2547 185 2579 no,
207 2538 364 2572 sacerdos
388 2537 521 2572 Palladi
544 2537 769 2578 inserviebat,
792 2537 850 2571 ubi
873 2536 1061 2571 Palladium
1084 2536 1149 2569 hoc
1171 2533 1412 2578 reponebatur.
1458 2531 1570 2567 Nimi-

118 2593 193 2617 rum
215 2583 344 2618 Graeci
366 2594 408 2618 ex
433 2583 584 2617 Oraculo
609 2583 724 2617 edocti
748 2584 906 2625 fuerant,
932 2583 1074 2627 Trojam
1097 2591 1163 2614 non
1188 2579 1288 2613 aliter
1311 2577 1469 2622 occupari
1492 2589 1570 2623 pos-

119 2639 176 2669 se,
214 2627 277 2662 nisi
308 2629 493 2663 Palladium
525 2629 607 2663 illud
641 2628 719 2662 inde
748 2628 987 2674 surriperetur.
1034 2625 1250 2672 Deposcebat
1283 2627 1393 2658 autem
1416 2624 1481 2657 hoc
1503 2623 1569 2657 sibi

121 2673 337 2708 Telamonius
359 2676 467 2719 Ajax,
490 2675 541 2709 uti
563 2674 598 2708 in
621 2674 766 2720 patriam
788 2686 879 2709 suam
902 2675 1113 2720 deportaret.
1148 2670 1290 2715 Quippe
1312 2668 1393 2703 mihi
1415 2668 1567 2714 (inquit)

118 2718 238 2754 merito
261 2719 422 2762 debetur,
460 2720 518 2766 qui
541 2731 603 2766 pro
628 2720 765 2755 Achivis
798 2724 852 2755 tot
873 2719 1024 2755 sustinui.
1072 2715 1165 2751 Satis
1188 2715 1342 2761 equidem
1364 2714 1442 2750 mihi
1466 2720 1566 2758 esset,

119 2764 173 2800 cui
195 2765 328 2799 Hector
348 2765 509 2809 singulari
540 2766 724 2801 certamine
745 2777 1001 2811 congressurus,
1040 2762 1186 2797 cedebat
1206 2762 1326 2806 impar.
1371 2761 1442 2796 Sed
1465 2761 1567 2796 etiam

118 2810 323 2856 propulsatis
356 2810 527 2852 hostibus,
564 2823 628 2856 ego
651 2811 704 2845 Ilii
727 2812 770 2847 ad
794 2817 908 2857 portas
939 2811 1027 2845 viam
1050 2807 1136 2843 solus
1169 2806 1311 2852 aperui,
1347 2812 1564 2853 vestrumque

114 2856 261 2891 ¹omnium
282 2854 423 2890 navibus
446 2857 669 2902 conservatis,
690 2858 876 2903 complures
901 2856 1127 2901 Trojanorum
1148 2852 1299 2896 Heroas,
1322 2853 1463 2889 necdum
1486 2864 1563 2889 sau-
