1838 3230
262 163 364 209 282
440 158 672 203 IOANNIS
700 158 980 203 MALALAE
1008 158 1338 207 CHRONOGR.
1393 161 1441 206 L.
1468 161 1544 208 XI.

258 277 332 327 -τὸς
345 274 524 334 Μάρκος
537 277 728 332 βασιλεὺς
746 275 967 334 ἓξεφώνησε
986 279 1055 322 τὸν
1075 277 1331 323 δικαιότατον
1348 278 1487 335 νόμον,
1523 279 1625 325 ὥστε
1643 283 1712 326 καὶ

263 346 306 395 ἐξ
333 344 557 389 ἀδιαθέτου
588 350 847 401 κληρονομεῖν
873 346 944 390 τὸν
970 348 1125 405 πατέρα
1156 348 1209 390 τὰ
1236 348 1355 391 τέκνα
1389 351 1456 391 καὶ
1485 353 1544 409 τῷ
1566 349 1713 407 ἄχαρι-

261 414 470 473 στουμένῳ
502 415 615 456 παιδὶ
642 413 690 456 τὸ
719 413 912 471 τέταρτον
936 415 1059 473 με’ρος
1089 417 1284 459 δίδοσθαι
1309 421 1383 472 τῆς
1410 422 1608 476 πατρικῆς
1639 435 1712 461 πε-

262 484 458 539 ριουσίας.

361 550 449 592 Ἐπὶ
467 550 511 592 δὲ
527 553 599 604 τῆς
616 549 824 603 βασιλείας
842 549 970 594 αὐτοῦ
985 549 1155 602 ὑπέταξε
1175 551 1221 595 τὸ
1241 550 1364 602 ἔθνος
1382 556 1462 595 τῶν
1475 556 1708 608 Γερμανῶν.
1721 565 1743 600 5

262 615 458 667 ὡσαύτως
489 618 534 660 δὲ
563 619 626 659 ἐπὶ
654 622 736 660 τῶν
763 615 923 675 χρόνων
943 623 1016 674 τῆς
1041 622 1249 674 βασιλείας
1267 619 1394 663 αὐτοῦ
1417 620 1469 664 τὰ
1489 621 1593 665 κατὰ
1608 621 1712 665 'Iov-

260 685 399 729 λιανόν
423 685 494 728 τὸν
510 688 724 728 Χαλδαῖον
743 685 813 729 τὸν
831 686 958 742 μέγαν
976 686 1242 742 ἐθαυμάζετο.

358 752 407 797 ‘0
425 755 469 796 δὲ
489 754 611 804 αὐτὸς
628 753 1004 811 βασιλεύςΜάρκος
1023 755 1186 809 ἔκτισεν,
1211 756 1301 812 ἤτοι
1313 756 1540 808 ἆνενὲωσεν,
1564 757 1604 800 ἓν
1620 756 1712 800 Ἀν-

210 829 241 863 C
264 823 413 882 τιοχειά
443 826 494 879 τῇ
526 821 678 880 μεγάλῃ
703 823 748 865 τὸ
779 820 976 878 δημόσιον
1002 823 1050 866 τὸ
1081 822 1291 880 λεγόμενον
1322 823 1617 882 Κεντηνάριον·
1660 821 1713 881 ἦν

262 891 339 947 γὰρ
371 892 412 933 ἐν
443 895 500 948 τῷ
530 890 665 950 χρόνῳ
699 895 909 947 Τραϊανοῦ
939 892 1061 935 πεσὸν
1090 893 1131 935 ἓν
1164 897 1214 950 τῇ
1236 894 1451 953 θεομηνίᾳ.
1520 893 1647 936 ἔκτισε
1667 894 1712 936 δὲ
1723 905 1767 939 10

114 965 147 998 O
171 965 240 1001 370
263 961 330 1001 καὶ
346 959 396 1011 τὸ,
415 962 627 1003 Μουσεῖον
646 961 713 1002 καὶ
739 959 784 1002 τὸ
804 962 1026 1016 Νυμφαῖον
1050 960 1176 1004 αὐτοῦ
1205 961 1252 1004 τὸ
1283 960 1492 1016 λεγόμενον
1509 960 1710 1005 Ὠκεανόν.

263 1025 284 1069 ὅ
306 1028 350 1070 δὲ
367 1027 490 1077 αὐτὸς
507 1027 683 1084 Μάρκος
696 1027 927 1077 Ἀντωνῖνος
943 1029 1133 1082 βασιλεὺς
1151 1028 1280 1086 ἔχαιρε
1297 1034 1355 1088 τῷ
1373 1031 1573 1090 Πρασίνῳ
1585 1030 1709 1088 με’ρει.

358 1095 568 1138 Ἀπελθών
587 1098 632 1139 δὲ
653 1098 694 1139 ἐν
715 1100 764 1152 τῇ
786 1098 996 1155 Παννοιί’ᾳ
1010 1095 1127 1157 χώρᾳ
1146 1095 1253 1156 νόσῳ
1273 1101 1451 1158 τελευτᾷ.

364 1165 490 1207 Μετὰ
512 1165 556 1207 δὲ
576 1165 648 1220 τὴν
669 1166 876 1218 βασιλείαν
899 1164 1079 1222 Μάρκου
1095 1165 1332 1209 Ἀντωνίνου
1351 1166 1606 1220 ἐβασίλευσεν
1620 1164 1714 1209 Ἀν-

263 1239 428 1283 τωνῖνος
449 1235 601 1289 Βῆρος,
620 1233 707 1282 υἱὸς
725 1232 866 1285 αὐτοῦ,
887 1232 956 1288 ἔτη
973 1231 1026 1288 η’.
1081 1229 1133 1289 ἦν
1154 1235 1198 1276 δὲ
1216 1233 1404 1290 εὐμήκης,
1426 1232 1571 1290 παχύς,
1594 1250 1711 1292 στρε-
1725 1246 1767 1281 15

262 1299 473 1358 βλόρινος,
511 1299 775 1357 εὖόφθαλμος
786 1333 799 1353 ,
835 1299 1100 1357 μελάγχρους,
1135 1300 1344 1359 οὐλόθριξ,
1381 1301 1613 1359 κονδόθριξ,
1649 1319 1714 1358 γε·-

263 1371 424 1424 νηίτης,
462 1368 728 1425 καταγῦναιος
753 1367 870 1411 πολύ.
942 1369 1051 1419 ὅστις
1079 1368 1311 1424 πολεμήσας
1335 1371 1440 1413 κατὰ
1461 1369 1549 1420 ἑνὸς
1567 1370 1715 1420 ἔθνους

211 1447 244 1481 D
274 1436 440 1480 Οῧννων
461 1439 526 1479 καὶ
551 1437 716 1493 νικήσας
738 1436 887 1486 αὐτοὺς
915 1438 1046 1480 πολλὰ
1066 1437 1169 1480 ἄλλα
1189 1437 1292 1494 ἔθνη
1313 1440 1404 1493 δίχα
1422 1438 1598 1493 πολέμου
1615 1436 1714 1480 ὑπέ-

261 1508 401 1555 ταξεν·
435 1501 486 1559 ἦν
502 1506 579 1563 γὰρ
602 1508 667 1549 καὶ
686 1503 908 1563 φιλότιμος.
980 1504 1091 1556 ὅστις
1113 1504 1269 1564 ἐσφάγη
1295 1507 1337 1550 ἐν
1361 1505 1631 1568 Προκονήσῳ,
1657 1505 1714 1550 ὧν

261 1574 454 1616 ἐνιαυτῶν
476 1572 560 1618 λθ’.
1721 1584 1768 1620 20

349 1683 385 1717 2.
410 1679 613 1718 ἆδιαθέτου
637 1682 722 1724 Ch„
745 1676 957 1726 οἷδιαθήτου
981 1682 1050 1718 Ox.

260 1785 390 1827 parva,
414 1778 562 1808 nasutus.
608 1773 744 1808 Marcus
766 1772 831 1807 iste
853 1775 1059 1819 Imperator,
1090 1773 1285 1819 aequissimo
1308 1786 1368 1809 suo
1397 1773 1509 1808 edicto
1528 1773 1646 1818 jussit,
1676 1777 1715 1808 ut

259 1819 427 1853 mtestatis
450 1819 586 1862 liberis,
622 1819 657 1853 in
679 1818 775 1854 bonis
797 1822 896 1864 pater
918 1819 1133 1854 succederet:
1173 1825 1209 1854 et
1230 1820 1382 1864 ingratus
1419 1819 1520 1853 etiam
1549 1819 1638 1854 filius
1671 1830 1714 1853 ex

260 1865 451 1910 quadrante
473 1870 584 1899 tamen
607 1865 727 1900 haeres
749 1869 847 1898 esset.

353 1910 486 1944 Eodem
516 1912 708 1956 Imperante
731 1911 976 1945 Germanorum
1005 1922 1087 1954 gens
1109 1910 1266 1945 Romanis
1296 1910 1477 1954 subjugata
1507 1912 1579 1951 θεῖς
1619 1910 1713 1954 cujus

263 1955 365 1990 etiam
389 1956 449 1988 sub
472 1956 612 2000 imperio
635 1957 755 1990 floruit
776 1955 928 1990 Julianus
951 1956 1160 1998 Chaldaeus,
1196 1956 1249 1990 vir
1271 1956 1382 1999 magni
1405 1955 1555 1989 nominis.

355 2001 491 2035 Marcus
523 2006 632 2036 autem
666 2003 854 2046 Imperator
885 2001 1045 2035 Balneum
1076 2002 1269 2043 Publicum,
1310 2002 1546 2035 Centenarium
1576 1999 1714 2042 dictum,

263 2046 463 2080 Antiochiae
486 2058 645 2090 magnae,
677 2046 821 2091 Trajani
843 2047 1049 2092 temporibus
1071 2048 1328 2081 terraemotibus
1351 2057 1562 2087 concussum,
1597 2046 1714 2079 redin-

262 2091 426 2136 tegravit.
458 2092 551 2126 Idem
574 2104 710 2136 quoque
728 2093 901 2126 Musaeum
925 2093 1085 2135 extruxit,
1109 2097 1144 2127 et
1166 2092 1310 2136 Trajani
1332 2092 1578 2136 Nymphaeum,
1605 2092 1714 2125 Ocea-

262 2150 343 2171 num
366 2140 531 2171 vocatum.
578 2138 734 2172 Factioni
766 2143 879 2172 autem
902 2137 1062 2173 Prasinae
1096 2139 1253 2173 studebat
1275 2138 1413 2172 Marcus
1435 2137 1622 2172 Antoninus
1645 2136 1713 2170 Im-

288 2187 413 2217 erator.

261 2194 284 2229 P
355 2228 560 2262 Pannoniam
584 2226 706 2261 deinde
727 2230 921 2273 profectus,
945 2241 987 2263 ex
1009 2229 1126 2263 morbo
1147 2228 1288 2273 interiit.

355 2273 404 2307 M.
429 2273 629 2316 Antoninum
652 2273 686 2306 in
709 2273 854 2318 Imperio
881 2276 1016 2320 excepit
1037 2275 1124 2309 filius
1147 2275 1239 2318 ejus,
1276 2273 1462 2309 Antoninus
1483 2274 1614 2314 Verus3
1655 2273 1715 2317 qui

265 2319 426 2363 regnavit
448 2330 551 2353 annos
573 2329 648 2352 vm.
695 2319 783 2352 Erat
806 2323 915 2353 autem
939 2332 1110 2365 procerus,
1133 2332 1275 2361 crassus,
1298 2331 1379 2354 naso
1402 2320 1545 2359 adunco,
1567 2317 1713 2363 pulchris

267 2364 384 2406 oculis,
409 2365 522 2399 colore
544 2364 654 2409 nigro,
678 2363 771 2397 crine
794 2364 916 2408 crispo,
940 2371 1115 2410 curtoque‚
1139 2366 1315 2407 barbatus,
1338 2363 1528 2399 mulieribus
1551 2363 1714 2397 addictis-

268 2410 378 2444 simus.
438 2410 525 2452 Hic,
559 2421 626 2444 una
648 2410 842 2443 Hunnorum
873 2415 975 2453 gente
998 2416 1156 2456 superata
1186 2416 1221 2444 et
1244 2414 1419 2456 reportata
1450 2408 1528 2442 inde
1552 2408 1712 2450 victoria,

267 2455 425 2499 plurimas
457 2455 557 2490 etiam
589 2455 669 2490 alias
703 2460 820 2499 gentes
849 2454 884 2488 in
913 2455 1087 2490 deditione
1117 2456 1268 2500 accepitz
1304 2455 1474 2488 munificus
1503 2454 1591 2488 enim
1624 2459 1712 2489 erat.

267 2501 422 2536 Tandem
446 2513 526 2537 vero
549 2501 585 2536 in
608 2501 797 2536 Proconeuo
818 2500 1016 2535 interfectus
1037 2506 1108 2544 est,
1131 2512 1251 2536 annum
1273 2511 1377 2545 agens
1398 2510 1512 2534 xxxm.
