1852 3236
783 668 890 712 DE

155 771 700 859 AUTORIS
761 780 1519 859 COGNOMINE

415 929 1256 982 PRAEMONITIQ

109 1179 380 1222 MALALA
409 1179 626 1236 Cognomen
651 1182 866 1235 Syriacum.
924 1179 991 1222 Ita
1008 1180 1128 1222 scribi
1153 1196 1179 1220 a
1198 1179 1359 1222 Graecis
1373 1185 1566 1236 potuisse.-

165 1250 291 1302 magis
317 1259 445 1289 tamen
464 1252 664 1290 convenire
684 1267 772 1291 cum
793 1250 949 1291 illorum
959 1249 1166 1303 Analogia
1187 1261 1230 1289 ut
1249 1247 1448 1298 Μαλάλας
1467 1254 1566 1290 scri-

167 1315 306 1369 batur-,-
333 1319 464 1372 sicque
492 1320 676 1372 scriptum
699 1318 832 1374 fuisse
856 1318 989 1358 videri.
1047 1317 1118 1358 Ab
1137 1318 1291 1357 Amore
1311 1317 1565 1372 Prolegome-

119 1406 122 1409 ·
165 1398 302 1423 norum
337 1384 557 1441 profiriur
586 1385 770 1439 Syrorum
801 1388 1009 1440 genuinum
1049 1401 1097 1425 ac
1129 1387 1381 1439 originarium
1416 1387 1566 1426 Nomen

164 1450 445 1491 MALALA.
507 1452 623 1504 Quod
651 1454 864 1494 ostenditur
893 1456 1033 1508 optime
1061 1468 1268 1507 congruere
1295 1455 1383 1493 usui
1413 1453 1570 1508 linguae

164 1517 348 1559 Latinae.
404 1520 464 1560 Eo
488 1519 829 1561 RHETOREM
850 1522 1077 1576 significari.
1135 1521 1229 1561 Hoc
1256 1521 1466 1562 multorum
1492 1523 1570 1563 Li-

165 1597 375 1628 urniorum
391 1587 524 1645 fuisse
554 1586 785 1642 Cognomen.
847 1590 933 1644 Quo
960 1604 1071 1629 sensu
1105 1590 1163 1628 sic
1186 1588 1321 1629 Autor
1348 1589 1572 1643 appellatus

165 1655 228 1697 sit.

107 1773 167 1841 In
197 1799 327 1840 verbis
355 1799 519 1840 Ioannis
555 1799 698 1856 (quem
730 1802 957 1855 appellant)
988 1802 1227 1841 Damascena·
1251 1808 1290 1841 et
1323 1801 1573 1844 Constantini

106 1866 251 1922 Porph.
281 1882 302 1908 e
323 1869 466 1922 quibus
491 1879 704 1922 conceptus
727 1877 797 1922 est,
828 1871 896 1923 qui
924 1870 1205 1923 praemittitur,
1235 1870 1402 1922 Titulus,
1433 1878 1566 1911 utrum

106 1934 267 1976 Autoris
290 1935 700 1988 CognomenMazoiaa
730 1937 828 1992 (seu
841 1937 1033 1990 Μαλέλα)
1062 1938 1102 1977 in
1126 1935 1239 1989 Casu,
1268 1944 1314 1977 ut
1333 1940 1565 1991 loquuntur,

112 2001 289 2044 Geniiivo
317 2018 337 2042 a
366 2002 564 2054 Μαλάλας
601 2005 697 2059 (seu
727 2005 943 2057 Μαλέλας)
978 2012 1023 2045 ut
1051 2002 1242 2060 Βαρνάβα
1283 2021 1304 2045 a
1337 2005 1566 2063 Βαρνάβας,

109 2072 265 2112 Σουίδα
286 2073 522 2123 αΣουίδας,
553 2073 791 2122 descendat3
821 2088 891 2119 an,
922 2081 965 2112 ut
983 2075 1232 2127 peregrinum
1267 2081 1306 2114 et
1335 2083 1564 2115 extraneum

109 2140 372 2191 vocabulum,
412 2139 463 2179 sit
499 2141 632 2193 potius
659 2139 959 2192 Ῑηᾶεεῖἰηαόἰῖε,
997 2142 1103 2181 haud
1132 2150 1241 2182 certo
1269 2143 1361 2182 satis
1390 2151 1567 2197 apparet.

108 2207 192 2247 Nos
214 2209 342 2248 secuti
367 2208 614 2248 autoritatem
637 2209 821 2248 Virorum
850 2211 1131 2262 maximorum,
1163 2218 1360 2264 quotquot
1378 2211 1568 2251 hactenus

107 2273 227 2329 hujus
240 2276 490 2328 Cognominis
512 2278 748 2317 mentionem
767 2278 963 2328 fecerunt,
998 2277 1164 2318 Gerardi
1184 2286 1223 2318 et
1248 2278 1381 2319 Isaaci
1406 2279 1453 2318 V
1448 2281 1567 2319 ossio-

109 2357 217 2394 rum,
253 2343 418 2396 Usserii,
448 2343 674 2401 Dffoemii,
710 2347 954 2398 aliorumque
986 2348 1358 2400 complurimorum,
1395 2362 1469 2400 pro
1496 2349 1567 2386 In-

109 2409 340 2452 declinabili
363 2412 597 2465 accepimus.
654 2414 790 2466 Neque
818 2414 896 2453 hoc
925 2429 1016 2454 sane
1050 2421 1212 2455 temere.
1260 2416 1357 2454 Nam
1387 2417 1566 2467 quamvis

108 2477 294 2517 videatur
313 2479 422 2518 haud
448 2481 569 2521 licere
598 2495 669 2534 per
701 2483 944 2521 Graecorum
977 2483 1205 2534 Analogiam
1235 2483 1375 2523 virilia
1400 2483 1569 2522 Nomina

110 2546 220 2598 apud
247 2560 312 2587 eos
341 2548 384 2589 in
407 2552 446 2589 A
471 2550 698 2601 terminari3
737 2565 818 2590 non
847 2558 976 2590 tamen
1006 2551 1193 2590 abhorret
1228 2552 1275 2590 ab
1312 2564 1446 2589 eorum
1477 2564 1566 2601 usu,

108 2619 154 2652 ut
181 2614 346 2654 Nomina
379 2616 564 2657 Virorum
599 2616 815 2658 Ονίεηίαῖἰα
847 2626 886 2658 et
907 2618 1092 2658 Barbara
1127 2620 1272 2670 absque
1303 2618 1385 2656 ulla
1418 2619 1566 2658 Graeca

109 2679 420 2734 Termfflafione,
460 2692 527 2724 aut
562 2684 728 2726 Casuum
759 2687 996 2736 variatione,
1038 2689 1190 2726 Graeco
1212 2700 1280 2725 ore
1299 2686 1565 2738 proferantur.

108 2747 244 2798 Neque
271 2751 477 2804 quisquam
510 2755 663 2805 ignorat
690 2768 807 2806 quam
840 2762 969 2794 ament
994 2753 1208 2794 orientales
1237 2756 1283 2803 (o
1306 2754 1449 2806 quibus
1481 2761 1566 2793 erat

107 2822 242 2856 noster
275 2817 625 2876 Chronographus)
654 2836 724 2862 sua
753 2823 918 2862 Nomina
947 2829 985 2861 et
1005 2822 1240 2873 Cognomina
1268 2822 1308 2860 in
1327 2822 1362 2860 A
1381 2823 1562 2862 formare.
