<?xml version="1.0" encoding="UTF-8"?>
<!DOCTYPE html PUBLIC "-//W3C//DTD XHTML 1.0 Transitional//EN"
    "http://www.w3.org/TR/xhtml1/DTD/xhtml1-transitional.dtd">
<html xmlns="http://www.w3.org/1999/xhtml" xml:lang="en" lang="en">
 <head>
  <title>
</title>
<meta http-equiv="Content-Type" content="text/html;charset=utf-8" />
  <meta name='ocr-system' content='tesseract 3.04.00' />
  <meta name='ocr-capabilities' content='ocr_page ocr_carea ocr_par ocr_line ocrx_word'/>
</head>
<body>
  <div class='ocr_page' id='page_1' title='image "./corpusscriptorum28niebuoft_0421.png"; bbox 0 0 1838 3230; ppageno 0'>
   <div class='ocr_carea' id='block_1_1' title="bbox 464 179 1627 245">
    <p class='ocr_par' dir='ltr' id='par_1_1' title="bbox 464 179 1627 245">
     <span class='ocr_line' id='line_1_1' title="bbox 464 179 1627 245; baseline 0.019 -22"><span class='ocrx_word' id='word_1_1' title='bbox 464 179 1080 228; x_wconf 86' lang='lat' dir='ltr'><strong>CHRONOGRAPHIA.</strong></span> <span class='ocrx_word' id='word_1_2' title='bbox 1137 184 1186 230; x_wconf 87' lang='lat' dir='ltr'><strong>L.</strong></span> <span class='ocrx_word' id='word_1_3' title='bbox 1214 184 1331 232; x_wconf 87' lang='lat' dir='ltr'><strong>XIII.</strong></span> <span class='ocrx_word' id='word_1_4' title='bbox 1525 195 1627 245; x_wconf 81' lang='lat'><strong>339</strong></span> 
     </span>
    </p>
   </div>
   <div class='ocr_carea' id='block_1_2' title="bbox 75 296 1739 1806">
    <p class='ocr_par' dir='ltr' id='par_1_2' title="bbox 118 296 1676 638">
     <span class='ocr_line' id='line_1_2' title="bbox 158 296 1676 366; baseline 0.011 -25"><span class='ocrx_word' id='word_1_5' title='bbox 158 297 250 355; x_wconf 85' lang='grc' dir='ltr'><em>ρίας</em></span> <span class='ocrx_word' id='word_1_6' title='bbox 266 296 478 358; x_wconf 74' lang='grc' dir='ltr'><em>ἄρχοντος,</em></span> <span class='ocrx_word' id='word_1_7' title='bbox 503 299 580 352; x_wconf 65' lang='grc' dir='ltr'><strong>ἕως</strong></span> <span class='ocrx_word' id='word_1_8' title='bbox 596 305 672 345; x_wconf 72' lang='grc' dir='ltr'><em>τοῦ</em></span> <span class='ocrx_word' id='word_1_9' title='bbox 690 302 906 359; x_wconf 72' lang='grc' dir='ltr'><em>λεγομένου</em></span> <span class='ocrx_word' id='word_1_10' title='bbox 925 304 1157 362; x_wconf 80' lang='grc' dir='ltr'><em>Πλεθρίου,</em></span> <span class='ocrx_word' id='word_1_11' title='bbox 1180 307 1248 350; x_wconf 80' lang='grc' dir='ltr'><strong>καὶ</strong></span> <span class='ocrx_word' id='word_1_12' title='bbox 1261 307 1336 363; x_wconf 84' lang='grc' dir='ltr'><strong>τὴν</strong></span> <span class='ocrx_word' id='word_1_13' title='bbox 1353 304 1502 366; x_wconf 80' lang='grc' dir='ltr'><em>κόγχην</em></span> <span class='ocrx_word' id='word_1_14' title='bbox 1519 308 1622 356; x_wconf 83' lang='grc' dir='ltr'><em>άνα-</em></span> <span class='ocrx_word' id='word_1_15' title='bbox 1645 321 1676 358; x_wconf 93' lang='grc' dir='ltr'><strong>Β</strong></span> 
     </span>
     <span class='ocr_line' id='line_1_3' title="bbox 154 365 1624 438; baseline 0.01 -28"><span class='ocrx_word' id='word_1_16' title='bbox 154 365 311 419; x_wconf 78' lang='grc' dir='ltr'><em>νεῶσας</em></span> <span class='ocrx_word' id='word_1_17' title='bbox 337 368 466 425; x_wconf 71' lang='grc' dir='ltr'><em>αὐτῆς</em></span> <span class='ocrx_word' id='word_1_18' title='bbox 498 371 566 413; x_wconf 80' lang='grc' dir='ltr'><strong>καὶ</strong></span> <span class='ocrx_word' id='word_1_19' title='bbox 594 368 759 426; x_wconf 81' lang='grc' dir='ltr'><em>εϊλήσας</em></span> <span class='ocrx_word' id='word_1_20' title='bbox 785 370 942 426; x_wconf 75' lang='grc' dir='ltr'><em>ἁψῖδας</em></span> <span class='ocrx_word' id='word_1_21' title='bbox 962 371 1100 418; x_wconf 71' lang='grc' dir='ltr'><em>ἐπάνω</em></span> <span class='ocrx_word' id='word_1_22' title='bbox 1117 379 1192 418; x_wconf 86' lang='grc' dir='ltr'><em>τοῦ</em></span> <span class='ocrx_word' id='word_1_23' title='bbox 1211 377 1429 432; x_wconf 76' lang='grc' dir='ltr'><em>λεγομένου</em></span> <span class='ocrx_word' id='word_1_24' title='bbox 1446 383 1624 438; x_wconf 83' lang='grc' dir='ltr'><em>Παρμε-</em></span> 
     </span>
     <span class='ocr_line' id='line_1_4' title="bbox 152 435 1624 505; baseline 0.009 -25"><span class='ocrx_word' id='word_1_25' title='bbox 152 437 242 480; x_wconf 82' lang='grc' dir='ltr'><em>νίου</em></span> <span class='ocrx_word' id='word_1_26' title='bbox 265 435 490 496; x_wconf 77' lang='grc' dir='ltr'><em>χειμάῤῥου</em></span> <span class='ocrx_word' id='word_1_27' title='bbox 519 444 733 494; x_wconf 80' lang='grc' dir='ltr'><em>ποταμοῦ,</em></span> <span class='ocrx_word' id='word_1_28' title='bbox 771 442 1068 497; x_wconf 82' lang='grc' dir='ltr'><em>κατερχομένου</em></span> <span class='ocrx_word' id='word_1_29' title='bbox 1091 442 1172 487; x_wconf 80' lang='grc' dir='ltr'><strong>ἀπὸ</strong></span> <span class='ocrx_word' id='word_1_30' title='bbox 1190 449 1264 487; x_wconf 79' lang='grc' dir='ltr'><em>τοῦ</em></span> <span class='ocrx_word' id='word_1_31' title='bbox 1285 444 1410 503; x_wconf 70' lang='grc' dir='ltr'><em>ὅρους</em></span> <span class='ocrx_word' id='word_1_32' title='bbox 1424 448 1530 492; x_wconf 78' lang='grc' dir='ltr'><em>κατὰ</em></span> <span class='ocrx_word' id='word_1_33' title='bbox 1547 450 1624 505; x_wconf 81' lang='grc' dir='ltr'><strong>μέ-</strong></span> 
     </span>
     <span class='ocr_line' id='line_1_5' title="bbox 154 505 1622 572; baseline 0.01 -24"><span class='ocrx_word' id='word_1_34' title='bbox 154 521 230 549; x_wconf 91' lang='grc' dir='ltr'><strong>σον</strong></span> <span class='ocrx_word' id='word_1_35' title='bbox 249 510 324 562; x_wconf 81' lang='grc' dir='ltr'><em>τῆς</em></span> <span class='ocrx_word' id='word_1_36' title='bbox 341 505 495 557; x_wconf 83' lang='grc' dir='ltr'><em>πόλεως</em></span> <span class='ocrx_word' id='word_1_37' title='bbox 507 507 762 563; x_wconf 73' lang='grc' dir='ltr'><em>Ἀντιοχείας.</em></span> <span class='ocrx_word' id='word_1_38' title='bbox 835 513 902 552; x_wconf 81' lang='grc' dir='ltr'><em>καὶ</em></span> <span class='ocrx_word' id='word_1_39' title='bbox 921 509 1095 567; x_wconf 80' lang='grc' dir='ltr'><em>ποιήσας</em></span> <span class='ocrx_word' id='word_1_40' title='bbox 1117 511 1245 569; x_wconf 74' lang='grc' dir='ltr'><em>ἄλλην</em></span> <span class='ocrx_word' id='word_1_41' title='bbox 1264 516 1480 572; x_wconf 86' lang='grc' dir='ltr'><em>βασιλικὴν</em></span> <span class='ocrx_word' id='word_1_42' title='bbox 1500 519 1622 562; x_wconf 83' lang='grc' dir='ltr'><em>κατέ-</em></span> 
     </span>
     <span class='ocr_line' id='line_1_6' title="bbox 118 577 1618 638; baseline 0.009 -22"><span class='ocrx_word' id='word_1_43' title='bbox 118 584 268 620; x_wconf 84' lang='grc' dir='ltr'><em>5ναντι</em></span> <span class='ocrx_word' id='word_1_44' title='bbox 290 579 365 618; x_wconf 78' lang='grc' dir='ltr'><em>τοῦ</em></span> <span class='ocrx_word' id='word_1_45' title='bbox 384 577 630 631; x_wconf 84' lang='grc' dir='ltr'><em>Κομμοδιόυ</em></span> <span class='ocrx_word' id='word_1_46' title='bbox 649 579 716 620; x_wconf 79' lang='grc' dir='ltr'><strong>καὶ</strong></span> <span class='ocrx_word' id='word_1_47' title='bbox 736 577 949 635; x_wconf 76' lang='grc' dir='ltr'><em>κοσμήσας</em></span> <span class='ocrx_word' id='word_1_48' title='bbox 967 579 1043 630; x_wconf 80' lang='grc' dir='ltr'><em>τὰς</em></span> <span class='ocrx_word' id='word_1_49' title='bbox 1061 580 1266 638; x_wconf 87' lang='grc' dir='ltr'><em>τέσσαρας</em></span> <span class='ocrx_word' id='word_1_50' title='bbox 1281 585 1498 638; x_wconf 78' lang='grc' dir='ltr'><em>βασιλικὰς</em></span> <span class='ocrx_word' id='word_1_51' title='bbox 1512 588 1618 631; x_wconf 81' lang='grc' dir='ltr'><em>κίοσι</em></span> 
     </span>
    </p>

    <p class='ocr_par' dir='ltr' id='par_1_3' title="bbox 144 639 1739 914">
     <span class='ocr_line' id='line_1_7' title="bbox 147 639 1619 708; baseline 0.01 -24"><span class='ocrx_word' id='word_1_52' title='bbox 147 639 337 700; x_wconf 85' lang='grc' dir='ltr'><em>μεγάλοις</em></span> <span class='ocrx_word' id='word_1_53' title='bbox 356 647 661 699; x_wconf 78' lang='grc' dir='ltr'><em>Σαλωνιτικοΐς,</em></span> <span class='ocrx_word' id='word_1_54' title='bbox 697 646 953 699; x_wconf 81' lang='grc' dir='ltr'><em>καλαθώσας</em></span> <span class='ocrx_word' id='word_1_55' title='bbox 973 649 1018 692; x_wconf 76' lang='grc' dir='ltr'><strong>δὲ</strong></span> <span class='ocrx_word' id='word_1_56' title='bbox 1037 650 1114 700; x_wconf 79' lang='grc' dir='ltr'><em>τὰς</em></span> <span class='ocrx_word' id='word_1_57' title='bbox 1127 648 1415 708; x_wconf 79' lang='grc' dir='ltr'><em>ὖποροφώσεις</em></span> <span class='ocrx_word' id='word_1_58' title='bbox 1431 656 1499 697; x_wconf 78' lang='grc' dir='ltr'><strong>καὶ</strong></span> <span class='ocrx_word' id='word_1_59' title='bbox 1516 660 1619 699; x_wconf 85' lang='grc' dir='ltr'><em>καλ-</em></span> 
     </span>
     <span class='ocr_line' id='line_1_8' title="bbox 146 712 1739 783; baseline 0.009 -29"><span class='ocrx_word' id='word_1_60' title='bbox 146 712 331 762; x_wconf 81' lang='grc' dir='ltr'><em>λωπίσας</em></span> <span class='ocrx_word' id='word_1_61' title='bbox 355 720 534 770; x_wconf 78' lang='grc' dir='ltr'><em>γραφαῖς</em></span> <span class='ocrx_word' id='word_1_62' title='bbox 562 716 629 757; x_wconf 80' lang='grc' dir='ltr'><strong>καὶ</strong></span> <span class='ocrx_word' id='word_1_63' title='bbox 657 714 894 773; x_wconf 87' lang='grc' dir='ltr'><em>μαρμάροις</em></span> <span class='ocrx_word' id='word_1_64' title='bbox 917 716 1131 775; x_wconf 77' lang='grc' dir='ltr'><em>διαφόροις</em></span> <span class='ocrx_word' id='word_1_65' title='bbox 1153 722 1220 762; x_wconf 82' lang='grc' dir='ltr'><strong>καὶ</strong></span> <span class='ocrx_word' id='word_1_66' title='bbox 1237 719 1468 776; x_wconf 78' lang='grc' dir='ltr'><em>μουσῶσει,</em></span> <span class='ocrx_word' id='word_1_67' title='bbox 1503 741 1615 783; x_wconf 86' lang='grc' dir='ltr'><em>μαρ-</em></span> <span class='ocrx_word' id='word_1_68' title='bbox 1639 742 1673 778; x_wconf 93' lang='lat'>0</span> <span class='ocrx_word' id='word_1_69' title='bbox 1694 745 1739 782; x_wconf 73' lang='lat'><strong>31</strong></span> 
     </span>
     <span class='ocr_line' id='line_1_9' title="bbox 144 778 1617 847; baseline 0.01 -25"><span class='ocrx_word' id='word_1_70' title='bbox 144 778 346 838; x_wconf 81' lang='grc' dir='ltr'><em>μαριῦσας</em></span> <span class='ocrx_word' id='word_1_71' title='bbox 365 782 411 824; x_wconf 74' lang='grc' dir='ltr'><strong>δὲ</strong></span> <span class='ocrx_word' id='word_1_72' title='bbox 430 779 566 826; x_wconf 73' lang='grc' dir='ltr'><em>ἐπάνω</em></span> <span class='ocrx_word' id='word_1_73' title='bbox 592 787 676 826; x_wconf 84' lang='grc' dir='ltr'><strong>τῶν</strong></span> <span class='ocrx_word' id='word_1_74' title='bbox 694 783 924 840; x_wconf 78' lang='grc' dir='ltr'><em>εἶλημάτων</em></span> <span class='ocrx_word' id='word_1_75' title='bbox 946 791 1021 830; x_wconf 80' lang='grc' dir='ltr'><em>τοῦ</em></span> <span class='ocrx_word' id='word_1_76' title='bbox 1037 786 1263 847; x_wconf 77' lang='grc' dir='ltr'><em>χειμάῤῥου</em></span> <span class='ocrx_word' id='word_1_77' title='bbox 1290 793 1373 833; x_wconf 82' lang='grc' dir='ltr'><em>πᾶν</em></span> <span class='ocrx_word' id='word_1_78' title='bbox 1393 790 1442 834; x_wconf 84' lang='grc' dir='ltr'><em>τὸ</em></span> <span class='ocrx_word' id='word_1_79' title='bbox 1458 792 1617 846; x_wconf 75' lang='grc' dir='ltr'><em>μέσαν-</em></span> 
     </span>
     <span class='ocr_line' id='line_1_10' title="bbox 144 847 1616 914; baseline 0.009 -23"><span class='ocrx_word' id='word_1_80' title='bbox 144 852 219 893; x_wconf 90' lang='grc' dir='ltr'><strong>λον</strong></span> <span class='ocrx_word' id='word_1_81' title='bbox 240 847 449 906; x_wconf 71' lang='grc' dir='ltr'><em>ἐπλήρωσε</em></span> <span class='ocrx_word' id='word_1_82' title='bbox 469 851 542 895; x_wconf 83' lang='grc' dir='ltr'><strong>τὸν</strong></span> <span class='ocrx_word' id='word_1_83' title='bbox 559 850 689 909; x_wconf 88' lang='grc' dir='ltr'><em>φόρον</em></span> <span class='ocrx_word' id='word_1_84' title='bbox 710 853 854 908; x_wconf 78' lang='grc' dir='ltr'><em>αὐτοῦ,</em></span> <span class='ocrx_word' id='word_1_85' title='bbox 891 856 959 898; x_wconf 84' lang='grc' dir='ltr'><strong>καὶ</strong></span> <span class='ocrx_word' id='word_1_86' title='bbox 977 862 1068 906; x_wconf 79' lang='grc' dir='ltr'><em>ταῖς</em></span> <span class='ocrx_word' id='word_1_87' title='bbox 1089 856 1254 914; x_wconf 77' lang='grc' dir='ltr'><em>τέτρασι</em></span> <span class='ocrx_word' id='word_1_88' title='bbox 1270 862 1504 912; x_wconf 79' lang='grc' dir='ltr'><em>βασιλικαῖς</em></span> <span class='ocrx_word' id='word_1_89' title='bbox 1522 863 1616 905; x_wconf 86' lang='grc' dir='ltr'><em>δια-</em></span> 
     </span>
    </p>

    <p class='ocr_par' dir='ltr' id='par_1_4' title="bbox 88 915 1665 1262">
     <span class='ocr_line' id='line_1_11' title="bbox 88 915 1615 990; baseline 0.009 -30"><span class='ocrx_word' id='word_1_90' title='bbox 88 929 134 966; x_wconf 76' lang='lat' dir='ltr'><strong>v10</strong></span> <span class='ocrx_word' id='word_1_91' title='bbox 145 915 302 976; x_wconf 85' lang='grc' dir='ltr'><em>φόρους</em></span> <span class='ocrx_word' id='word_1_92' title='bbox 330 918 480 976; x_wconf 75' lang='grc' dir='ltr'><em>ἀρετὰς</em></span> <span class='ocrx_word' id='word_1_93' title='bbox 512 918 790 978; x_wconf 77' lang='grc' dir='ltr'><em>χαρισάμενος</em></span> <span class='ocrx_word' id='word_1_94' title='bbox 818 924 885 966; x_wconf 81' lang='grc' dir='ltr'><strong>καὶ</strong></span> <span class='ocrx_word' id='word_1_95' title='bbox 913 922 1161 981; x_wconf 80' lang='grc' dir='ltr'><em>ἀνδριάντας</em></span> <span class='ocrx_word' id='word_1_96' title='bbox 1191 924 1372 982; x_wconf 85' lang='grc' dir='ltr'><em>στήσας,</em></span> <span class='ocrx_word' id='word_1_97' title='bbox 1409 928 1452 971; x_wconf 77' lang='grc' dir='ltr'><em>έν</em></span> <span class='ocrx_word' id='word_1_98' title='bbox 1481 930 1528 972; x_wconf 78' lang='grc' dir='ltr'><strong>δὲ</strong></span> <span class='ocrx_word' id='word_1_99' title='bbox 1554 935 1615 990; x_wconf 79' lang='grc' dir='ltr'><em>τῷ</em></span> 
     </span>
     <span class='ocr_line' id='line_1_12' title="bbox 140 985 1612 1050; baseline 0.008 -21"><span class='ocrx_word' id='word_1_100' title='bbox 140 986 254 1046; x_wconf 81' lang='grc' dir='ltr'><em>μέσῳ</em></span> <span class='ocrx_word' id='word_1_101' title='bbox 275 985 431 1044; x_wconf 86' lang='grc' dir='ltr'><em>στήσας</em></span> <span class='ocrx_word' id='word_1_102' title='bbox 447 987 628 1045; x_wconf 79' lang='grc' dir='ltr'><em>μεγάλην</em></span> <span class='ocrx_word' id='word_1_103' title='bbox 646 988 753 1033; x_wconf 87' lang='grc' dir='ltr'><em>πάνυ</em></span> <span class='ocrx_word' id='word_1_104' title='bbox 772 993 902 1045; x_wconf 88' lang='grc' dir='ltr'><em>κίονα,</em></span> <span class='ocrx_word' id='word_1_105' title='bbox 930 991 1103 1047; x_wconf 62' lang='grc' dir='ltr'><em>ἔχουσαν</em></span> <span class='ocrx_word' id='word_1_106' title='bbox 1121 992 1276 1050; x_wconf 84' lang='grc' dir='ltr'><em>στήλην</em></span> <span class='ocrx_word' id='word_1_107' title='bbox 1293 998 1612 1042; x_wconf 84' lang='grc' dir='ltr'><em>Βαλεντινιανοῢ</em></span> 
     </span>
     <span class='ocr_line' id='line_1_13' title="bbox 139 1055 1665 1123; baseline 0.008 -25"><span class='ocrx_word' id='word_1_108' title='bbox 139 1056 357 1110; x_wconf 81' lang='grc' dir='ltr'><em>βασιλέως,</em></span> <span class='ocrx_word' id='word_1_109' title='bbox 381 1055 564 1114; x_wconf 76' lang='grc' dir='ltr'><em>ἀδελφοῦ</em></span> <span class='ocrx_word' id='word_1_110' title='bbox 582 1058 710 1102; x_wconf 72' lang='grc' dir='ltr'><em>αὐτοῦ</em></span> <span class='ocrx_word' id='word_1_111' title='bbox 723 1073 733 1084; x_wconf 93' lang='grc'><em>·</em></span> <span class='ocrx_word' id='word_1_112' title='bbox 768 1062 836 1104; x_wconf 80' lang='grc' dir='ltr'><strong>καὶ</strong></span> <span class='ocrx_word' id='word_1_113' title='bbox 853 1059 1008 1117; x_wconf 87' lang='grc' dir='ltr'><em>στήλην</em></span> <span class='ocrx_word' id='word_1_114' title='bbox 1021 1063 1339 1120; x_wconf 78' lang='grc' dir='ltr'><em>δὲμαρμαρίνην</em></span> <span class='ocrx_word' id='word_1_115' title='bbox 1350 1066 1392 1107; x_wconf 75' lang='grc' dir='ltr'><em>ἐν</em></span> <span class='ocrx_word' id='word_1_116' title='bbox 1402 1069 1461 1123; x_wconf 75' lang='grc' dir='ltr'><em>τῷ</em></span> <span class='ocrx_word' id='word_1_117' title='bbox 1470 1065 1610 1122; x_wconf 79' lang='grc' dir='ltr'><em>Σηνά-</em></span> <span class='ocrx_word' id='word_1_118' title='bbox 1632 1083 1665 1119; x_wconf 84' lang='lat' dir='ltr'>c</span> 
     </span>
     <span class='ocr_line' id='line_1_14' title="bbox 141 1122 1612 1192; baseline 0.007 -25"><span class='ocrx_word' id='word_1_119' title='bbox 141 1141 200 1184; x_wconf 82' lang='grc' dir='ltr'><em>τῳ</em></span> <span class='ocrx_word' id='word_1_120' title='bbox 220 1129 295 1181; x_wconf 85' lang='grc' dir='ltr'><em>τῆς</em></span> <span class='ocrx_word' id='word_1_121' title='bbox 315 1122 482 1182; x_wconf 84' lang='grc' dir='ltr'><em>Κόγχης</em></span> <span class='ocrx_word' id='word_1_122' title='bbox 505 1128 573 1169; x_wconf 82' lang='grc' dir='ltr'><strong>καὶ</strong></span> <span class='ocrx_word' id='word_1_123' title='bbox 596 1128 638 1170; x_wconf 77' lang='grc' dir='ltr'><em>ἒν</em></span> <span class='ocrx_word' id='word_1_124' title='bbox 655 1132 715 1188; x_wconf 78' lang='grc' dir='ltr'><em>τῷ</em></span> <span class='ocrx_word' id='word_1_125' title='bbox 732 1128 845 1188; x_wconf 83' lang='grc' dir='ltr'><em>μέσῳ</em></span> <span class='ocrx_word' id='word_1_126' title='bbox 862 1134 938 1186; x_wconf 84' lang='grc' dir='ltr'><em>τῆς</em></span> <span class='ocrx_word' id='word_1_127' title='bbox 957 1130 1000 1174; x_wconf 74' lang='grc' dir='ltr'><em>ἐν</em></span> <span class='ocrx_word' id='word_1_128' title='bbox 1017 1135 1069 1188; x_wconf 82' lang='grc' dir='ltr'><em>τῇ</em></span> <span class='ocrx_word' id='word_1_129' title='bbox 1088 1130 1233 1189; x_wconf 84' lang='grc' dir='ltr'><em>Κόγχῃ</em></span> <span class='ocrx_word' id='word_1_130' title='bbox 1248 1136 1466 1189; x_wconf 79' lang='grc' dir='ltr'><em>βασιλικῆς</em></span> <span class='ocrx_word' id='word_1_131' title='bbox 1483 1133 1612 1192; x_wconf 75' lang='grc' dir='ltr'><em>ἄλλην</em></span> 
     </span>
     <span class='ocr_line' id='line_1_15' title="bbox 140 1191 1611 1262; baseline 0.008 -27"><span class='ocrx_word' id='word_1_132' title='bbox 140 1191 296 1250; x_wconf 88' lang='grc' dir='ltr'><em>στήλην</em></span> <span class='ocrx_word' id='word_1_133' title='bbox 330 1194 399 1237; x_wconf 81' lang='grc' dir='ltr'><em>διὰ</em></span> <span class='ocrx_word' id='word_1_134' title='bbox 425 1195 561 1250; x_wconf 82' lang='grc' dir='ltr'><em>τιμίου</em></span> <span class='ocrx_word' id='word_1_135' title='bbox 596 1197 721 1240; x_wconf 89' lang='grc' dir='ltr'><em>λίθου</em></span> <span class='ocrx_word' id='word_1_136' title='bbox 751 1197 928 1253; x_wconf 81' lang='grc' dir='ltr'><em>ἀνέθηκε</em></span> <span class='ocrx_word' id='word_1_137' title='bbox 958 1200 1236 1256; x_wconf 74' lang='grc' dir='ltr'><em>καθεζομένην</em></span> <span class='ocrx_word' id='word_1_138' title='bbox 1262 1205 1321 1260; x_wconf 81' lang='grc' dir='ltr'><em>τῷ</em></span> <span class='ocrx_word' id='word_1_139' title='bbox 1351 1200 1464 1262; x_wconf 72' lang='grc' dir='ltr'><em>αὐτῷ</em></span> <span class='ocrx_word' id='word_1_140' title='bbox 1493 1208 1611 1248; x_wconf 87' lang='grc' dir='ltr'><em>θειο-</em></span> 
     </span>
    </p>

    <p class='ocr_par' dir='ltr' id='par_1_5' title="bbox 83 1259 1610 1597">
     <span class='ocr_line' id='line_1_16' title="bbox 83 1259 1610 1329; baseline 0.009 -25"><span class='ocrx_word' id='word_1_141' title='bbox 83 1277 129 1312; x_wconf 85' lang='lat'><strong>15</strong></span> <span class='ocrx_word' id='word_1_142' title='bbox 139 1259 251 1322; x_wconf 79' lang='grc' dir='ltr'><em>τάτῳ</em></span> <span class='ocrx_word' id='word_1_143' title='bbox 279 1267 447 1316; x_wconf 85' lang='grc' dir='ltr'><em>βασιλεῖ’</em></span> <span class='ocrx_word' id='word_1_144' title='bbox 465 1266 779 1325; x_wconf 83' lang='grc' dir='ltr'><em>Βαλεντινιανῷ.</em></span> <span class='ocrx_word' id='word_1_145' title='bbox 850 1266 978 1310; x_wconf 68' lang='grc' dir='ltr'><em>ἔκτισε</em></span> <span class='ocrx_word' id='word_1_146' title='bbox 1009 1269 1055 1311; x_wconf 77' lang='grc' dir='ltr'><strong>δὲ</strong></span> <span class='ocrx_word' id='word_1_147' title='bbox 1081 1270 1150 1311; x_wconf 80' lang='grc' dir='ltr'><strong>καὶ</strong></span> <span class='ocrx_word' id='word_1_148' title='bbox 1176 1268 1253 1320; x_wconf 80' lang='grc' dir='ltr'><em>τὰς</em></span> <span class='ocrx_word' id='word_1_149' title='bbox 1281 1267 1356 1313; x_wconf 74' lang='grc' dir='ltr'><strong>δύο</strong></span> <span class='ocrx_word' id='word_1_150' title='bbox 1378 1269 1610 1329; x_wconf 80' lang='grc' dir='ltr'><em>σφενδόνας</em></span> 
     </span>
     <span class='ocr_line' id='line_1_17' title="bbox 138 1331 1609 1398; baseline 0.007 -24"><span class='ocrx_word' id='word_1_151' title='bbox 138 1335 215 1374; x_wconf 81' lang='grc' dir='ltr'><em>τοῦ</em></span> <span class='ocrx_word' id='word_1_152' title='bbox 243 1333 478 1388; x_wconf 86' lang='grc' dir='ltr'><em>Κυνηγίου,</em></span> <span class='ocrx_word' id='word_1_153' title='bbox 519 1331 686 1388; x_wconf 78' lang='grc' dir='ltr'><em>εἰλήσας</em></span> <span class='ocrx_word' id='word_1_154' title='bbox 718 1334 848 1385; x_wconf 76' lang='grc' dir='ltr'><em>αὐτὰς</em></span> <span class='ocrx_word' id='word_1_155' title='bbox 877 1337 945 1379; x_wconf 82' lang='grc' dir='ltr'><strong>καὶ</strong></span> <span class='ocrx_word' id='word_1_156' title='bbox 978 1335 1203 1395; x_wconf 77' lang='grc' dir='ltr'><em>πληρώσας</em></span> <span class='ocrx_word' id='word_1_157' title='bbox 1227 1337 1431 1396; x_wconf 84' lang='grc' dir='ltr'><em>βάθρων,</em></span> <span class='ocrx_word' id='word_1_158' title='bbox 1469 1341 1609 1398; x_wconf 72' lang='grc' dir='ltr'><em>ἐπειδὴ</em></span> 
     </span>
     <span class='ocr_line' id='line_1_18' title="bbox 134 1396 1609 1466; baseline 0.008 -25"><span class='ocrx_word' id='word_1_159' title='bbox 134 1396 278 1459; x_wconf 72' lang='grc' dir='ltr'><em>πρῴην</em></span> <span class='ocrx_word' id='word_1_160' title='bbox 294 1408 567 1456; x_wconf 84' lang='grc' dir='ltr'><em>μονομαχεΐον</em></span> <span class='ocrx_word' id='word_1_161' title='bbox 585 1397 649 1459; x_wconf 76' lang='grc' dir='ltr'><em>ἦν.</em></span> <span class='ocrx_word' id='word_1_162' title='bbox 722 1402 850 1448; x_wconf 64' lang='grc' dir='ltr'><em>ἔκτισε</em></span> <span class='ocrx_word' id='word_1_163' title='bbox 869 1405 915 1448; x_wconf 82' lang='grc' dir='ltr'><strong>δὲ</strong></span> <span class='ocrx_word' id='word_1_164' title='bbox 930 1407 998 1448; x_wconf 82' lang='grc' dir='ltr'><strong>καὶ</strong></span> <span class='ocrx_word' id='word_1_165' title='bbox 1018 1405 1065 1449; x_wconf 84' lang='grc' dir='ltr'><em>τὸ</em></span> <span class='ocrx_word' id='word_1_166' title='bbox 1088 1405 1287 1463; x_wconf 87' lang='grc' dir='ltr'><em>δημόσιον</em></span> <span class='ocrx_word' id='word_1_167' title='bbox 1306 1407 1482 1466; x_wconf 84' lang='grc' dir='ltr'><em>λουτρὸν</em></span> <span class='ocrx_word' id='word_1_168' title='bbox 1500 1414 1609 1466; x_wconf 89' lang='grc' dir='ltr'><em>πλη-</em></span> 
     </span>
     <span class='ocr_line' id='line_1_19' title="bbox 133 1467 1608 1536; baseline 0.009 -26"><span class='ocrx_word' id='word_1_169' title='bbox 133 1468 224 1512; x_wconf 88' lang='grc' dir='ltr'><em>σίον</em></span> <span class='ocrx_word' id='word_1_170' title='bbox 251 1473 326 1512; x_wconf 80' lang='grc' dir='ltr'><em>τοῦ</em></span> <span class='ocrx_word' id='word_1_171' title='bbox 353 1467 548 1514; x_wconf 80' lang='grc' dir='ltr'><em>Ἱππικοῦ.</em></span> <span class='ocrx_word' id='word_1_172' title='bbox 622 1470 751 1516; x_wconf 73' lang='grc' dir='ltr'><em>ἴκτισε</em></span> <span class='ocrx_word' id='word_1_173' title='bbox 780 1474 826 1516; x_wconf 76' lang='grc' dir='ltr'><strong>δὲ</strong></span> <span class='ocrx_word' id='word_1_174' title='bbox 855 1475 925 1516; x_wconf 85' lang='grc' dir='ltr'><strong>καὶ</strong></span> <span class='ocrx_word' id='word_1_175' title='bbox 958 1473 1066 1518; x_wconf 77' lang='grc' dir='ltr'><em>ἄλλα</em></span> <span class='ocrx_word' id='word_1_176' title='bbox 1094 1476 1228 1519; x_wconf 82' lang='grc' dir='ltr'><em>πολλοὶ</em></span> <span class='ocrx_word' id='word_1_177' title='bbox 1255 1477 1488 1532; x_wconf 80' lang='grc' dir='ltr'><em>θαυμαστοὶ</em></span> <span class='ocrx_word' id='word_1_178' title='bbox 1509 1477 1608 1536; x_wconf 67' lang='grc' dir='ltr'><em>ἔργα</em></span> 
     </span>
     <span class='ocr_line' id='line_1_20' title="bbox 130 1535 518 1597; baseline 0.008 -18"><span class='ocrx_word' id='word_1_179' title='bbox 130 1535 174 1580; x_wconf 74' lang='grc' dir='ltr'><em>ἓν</em></span> <span class='ocrx_word' id='word_1_180' title='bbox 193 1541 246 1596; x_wconf 84' lang='grc' dir='ltr'><em>τῇ</em></span> <span class='ocrx_word' id='word_1_181' title='bbox 266 1537 372 1597; x_wconf 77' lang='grc' dir='ltr'><em>αὐτῇ</em></span> <span class='ocrx_word' id='word_1_182' title='bbox 390 1536 518 1583; x_wconf 85' lang='grc' dir='ltr'><em>πόλει.</em></span> 
     </span>
    </p>

    <p class='ocr_par' dir='ltr' id='par_1_6' title="bbox 75 1604 1605 1806">
     <span class='ocr_line' id='line_1_21' title="bbox 75 1604 1605 1670; baseline 0.007 -22"><span class='ocrx_word' id='word_1_183' title='bbox 75 1620 124 1656; x_wconf 77' lang='lat'><strong>20</strong></span> <span class='ocrx_word' id='word_1_184' title='bbox 233 1604 283 1650; x_wconf 87' lang='lat'><strong>‘0</strong></span> <span class='ocrx_word' id='word_1_185' title='bbox 309 1608 355 1650; x_wconf 79' lang='grc' dir='ltr'><strong>δὲ</strong></span> <span class='ocrx_word' id='word_1_186' title='bbox 380 1605 600 1658; x_wconf 85' lang='grc' dir='ltr'><em>θειότατος</em></span> <span class='ocrx_word' id='word_1_187' title='bbox 621 1609 815 1663; x_wconf 73' lang='grc' dir='ltr'><em>βασιλεὺς</em></span> <span class='ocrx_word' id='word_1_188' title='bbox 841 1611 1155 1661; x_wconf 82' lang='grc' dir='ltr'><em>Βαλεντινιανός</em></span> <span class='ocrx_word' id='word_1_189' title='bbox 1183 1611 1363 1663; x_wconf 72' lang='grc' dir='ltr'><em>πολλοὺς</em></span> <span class='ocrx_word' id='word_1_190' title='bbox 1387 1618 1605 1670; x_wconf 85' lang='grc' dir='ltr'><em>συγκλητι-</em></span> 
     </span>
     <span class='ocr_line' id='line_1_22' title="bbox 133 1673 1604 1736; baseline 0.006 -19"><span class='ocrx_word' id='word_1_191' title='bbox 133 1673 231 1725; x_wconf 75' lang='grc' dir='ltr'><strong>κοῦς</strong></span> <span class='ocrx_word' id='word_1_192' title='bbox 248 1676 316 1718; x_wconf 79' lang='grc' dir='ltr'><strong>καὶ</strong></span> <span class='ocrx_word' id='word_1_193' title='bbox 341 1674 545 1731; x_wconf 69' lang='grc' dir='ltr'><em>ἄρχοντας</em></span> <span class='ocrx_word' id='word_1_194' title='bbox 571 1677 775 1733; x_wconf 78' lang='grc' dir='ltr'><em>ἐπαρχιῶν</em></span> <span class='ocrx_word' id='word_1_195' title='bbox 803 1677 1018 1736; x_wconf 70' lang='grc' dir='ltr'><em>ἐφόνευσεν</em></span> <span class='ocrx_word' id='word_1_196' title='bbox 1025 1712 1039 1733; x_wconf 91' lang='grc'><em>,</em></span> <span class='ocrx_word' id='word_1_197' title='bbox 1077 1678 1133 1729; x_wconf 82' lang='grc' dir='ltr'><strong>ὥς</strong></span> <span class='ocrx_word' id='word_1_198' title='bbox 1153 1678 1399 1731; x_wconf 79' lang='grc' dir='ltr'><em>ἀδικοῦντας</em></span> <span class='ocrx_word' id='word_1_199' title='bbox 1418 1684 1487 1725; x_wconf 81' lang='grc' dir='ltr'><strong>καὶ</strong></span> <span class='ocrx_word' id='word_1_200' title='bbox 1511 1683 1604 1726; x_wconf 83' lang='grc' dir='ltr'><em>κλέ-</em></span> 
     </span>
     <span class='ocr_line' id='line_1_23' title="bbox 132 1741 1603 1806; baseline 0.005 -20"><span class='ocrx_word' id='word_1_201' title='bbox 132 1759 313 1794; x_wconf 84' lang='grc' dir='ltr'><em>πτοντας</em></span> <span class='ocrx_word' id='word_1_202' title='bbox 338 1745 406 1786; x_wconf 86' lang='grc' dir='ltr'><strong>καὶ</strong></span> <span class='ocrx_word' id='word_1_203' title='bbox 432 1741 702 1802; x_wconf 75' lang='grc' dir='ltr'><em>ἁρπάζοντας.</em></span> <span class='ocrx_word' id='word_1_204' title='bbox 770 1746 842 1790; x_wconf 85' lang='grc' dir='ltr'><strong>τὸν</strong></span> <span class='ocrx_word' id='word_1_205' title='bbox 860 1749 906 1790; x_wconf 77' lang='grc' dir='ltr'><strong>δὲ</strong></span> <span class='ocrx_word' id='word_1_206' title='bbox 923 1744 1194 1806; x_wconf 83' lang='grc' dir='ltr'><em>πραιπόσιτον</em></span> <span class='ocrx_word' id='word_1_207' title='bbox 1209 1753 1286 1792; x_wconf 80' lang='grc' dir='ltr'><em>τοῦ</em></span> <span class='ocrx_word' id='word_1_208' title='bbox 1305 1751 1509 1794; x_wconf 88' lang='grc' dir='ltr'><em>παλατίου</em></span> <span class='ocrx_word' id='word_1_209' title='bbox 1524 1750 1603 1794; x_wconf 80' lang='grc' dir='ltr'><strong>αὐ-</strong></span> 
     </span>
    </p>
   </div>
   <div class='ocr_carea' id='block_1_3' title="bbox 215 1838 1600 1991">
    <p class='ocr_par' dir='ltr' id='par_1_7' title="bbox 215 1838 1600 1991">
     <span class='ocr_line' id='line_1_24' title="bbox 222 1838 1599 1905; baseline 0.005 -16"><span class='ocrx_word' id='word_1_210' title='bbox 222 1853 257 1889; x_wconf 85' lang='grc'><strong>6.</strong></span> <span class='ocrx_word' id='word_1_211' title='bbox 280 1848 564 1899; x_wconf 74' lang='grc' dir='ltr'><em>ὖποροφοὶσεις]</em></span> <span class='ocrx_word' id='word_1_212' title='bbox 587 1850 855 1901; x_wconf 72' lang='grc' dir='ltr'><em>ὗπωροφοῖσεις</em></span> <span class='ocrx_word' id='word_1_213' title='bbox 878 1855 941 1891; x_wconf 84' lang='lat' dir='ltr'><strong>Ch.</strong></span> <span class='ocrx_word' id='word_1_214' title='bbox 1034 1856 1090 1892; x_wconf 88' lang='lat'><strong>11.</strong></span> <span class='ocrx_word' id='word_1_215' title='bbox 1111 1854 1206 1902; x_wconf 76' lang='grc' dir='ltr'><em>μέγα</em></span> <span class='ocrx_word' id='word_1_216' title='bbox 1227 1854 1329 1894; x_wconf 81' lang='grc' dir='ltr'><em>πάνυ</em></span> <span class='ocrx_word' id='word_1_217' title='bbox 1351 1858 1481 1905; x_wconf 83' lang='grc' dir='ltr'><em>κίονα]</em></span> <span class='ocrx_word' id='word_1_218' title='bbox 1505 1838 1599 1904; x_wconf 56' lang='grc' dir='ltr'><em>,ζμε-</em></span> 
     </span>
     <span class='ocr_line' id='line_1_25' title="bbox 215 1895 1600 1991; baseline 0.006 -57"><span class='ocrx_word' id='word_1_219' title='bbox 215 1895 362 1991; x_wconf 44' lang='grc' dir='ltr'><em>ἔέλιόιὲ.</em></span> <span class='ocrx_word' id='word_1_220' title='bbox 361 1900 574 1936; x_wconf 84' lang='lat' dir='ltr'><strong>scribendum</strong></span> <span class='ocrx_word' id='word_1_221' title='bbox 595 1912 687 1944; x_wconf 86' lang='lat' dir='ltr'><strong>esse,</strong></span> <span class='ocrx_word' id='word_1_222' title='bbox 711 1906 858 1949; x_wconf 89' lang='lat' dir='ltr'><strong>apparet</strong></span> <span class='ocrx_word' id='word_1_223' title='bbox 881 1914 925 1937; x_wconf 89' lang='lat' dir='ltr'><strong>ex</strong></span> <span class='ocrx_word' id='word_1_224' title='bbox 947 1902 1202 1949; x_wconf 82' lang='lat' dir='ltr'><strong>sequentibus.“</strong></span> <span class='ocrx_word' id='word_1_225' title='bbox 1225 1902 1291 1938; x_wconf 83' lang='lat' dir='ltr'><strong>Ch.</strong></span> <span class='ocrx_word' id='word_1_226' title='bbox 1402 1906 1459 1942; x_wconf 78' lang='lat'><strong>12.</strong></span> <span class='ocrx_word' id='word_1_227' title='bbox 1484 1904 1600 1942; x_wconf 74' lang='grc' dir='ltr'><em>Σινά-</em></span> 
     </span>
    </p>
   </div>
   <div class='ocr_carea' id='block_1_4' title="bbox 118 2035 1600 2912">
    <p class='ocr_par' dir='ltr' id='par_1_8' title="bbox 118 2035 1600 2912">
     <span class='ocr_line' id='line_1_26' title="bbox 127 2035 1600 2087; baseline 0.005 -16"><span class='ocrx_word' id='word_1_228' title='bbox 127 2035 255 2083; x_wconf 81' lang='lat' dir='ltr'><strong>Syriae</strong></span> <span class='ocrx_word' id='word_1_229' title='bbox 285 2036 426 2072; x_wconf 87' lang='lat' dir='ltr'><strong>Comitis</strong></span> <span class='ocrx_word' id='word_1_230' title='bbox 457 2037 677 2074; x_wconf 80' lang='lat' dir='ltr'><strong>Praetorium</strong></span> <span class='ocrx_word' id='word_1_231' title='bbox 713 2049 910 2074; x_wconf 87' lang='lat' dir='ltr'><strong>conversum</strong></span> <span class='ocrx_word' id='word_1_232' title='bbox 947 2042 1012 2075; x_wconf 84' lang='lat' dir='ltr'><strong>est.</strong></span> <span class='ocrx_word' id='word_1_233' title='bbox 1073 2040 1246 2076; x_wconf 84' lang='lat' dir='ltr'><strong>Concham</strong></span> <span class='ocrx_word' id='word_1_234' title='bbox 1276 2051 1412 2087; x_wconf 86' lang='lat' dir='ltr'><strong>quoque</strong></span> <span class='ocrx_word' id='word_1_235' title='bbox 1443 2042 1516 2087; x_wconf 86' lang='lat' dir='ltr'><strong>ejus</strong></span> <span class='ocrx_word' id='word_1_236' title='bbox 1544 2042 1600 2078; x_wconf 93' lang='lat' dir='ltr'><strong>in-</strong></span> 
     </span>
     <span class='ocr_line' id='line_1_27' title="bbox 126 2082 1600 2132; baseline 0.004 -14"><span class='ocrx_word' id='word_1_237' title='bbox 126 2082 305 2119; x_wconf 80' lang='lat' dir='ltr'><strong>stauravit.</strong></span> <span class='ocrx_word' id='word_1_238' title='bbox 351 2083 571 2119; x_wconf 53' lang='lat' dir='ltr'><strong>[fornicatum</strong></span> <span class='ocrx_word' id='word_1_239' title='bbox 592 2085 674 2120; x_wconf 88' lang='lat' dir='ltr'><strong>item</strong></span> <span class='ocrx_word' id='word_1_240' title='bbox 698 2096 782 2130; x_wconf 90' lang='lat' dir='ltr'><strong>opus</strong></span> <span class='ocrx_word' id='word_1_241' title='bbox 804 2085 983 2120; x_wconf 80' lang='lat' dir='ltr'><strong>Parmenio</strong></span> <span class='ocrx_word' id='word_1_242' title='bbox 1006 2086 1174 2128; x_wconf 79' lang='lat' dir='ltr'><strong>torrenti,</strong></span> <span class='ocrx_word' id='word_1_243' title='bbox 1198 2086 1258 2132; x_wconf 87' lang='lat' dir='ltr'><strong>qui</strong></span> <span class='ocrx_word' id='word_1_244' title='bbox 1282 2099 1324 2122; x_wconf 85' lang='lat' dir='ltr'><strong>ex</strong></span> <span class='ocrx_word' id='word_1_245' title='bbox 1346 2092 1459 2122; x_wconf 90' lang='lat' dir='ltr'><strong>monte</strong></span> <span class='ocrx_word' id='word_1_246' title='bbox 1481 2088 1600 2124; x_wconf 88' lang='lat' dir='ltr'><strong>hiber-</strong></span> 
     </span>
     <span class='ocr_line' id='line_1_28' title="bbox 126 2129 1595 2179; baseline 0.003 -14"><span class='ocrx_word' id='word_1_247' title='bbox 126 2140 172 2165; x_wconf 83' lang='lat' dir='ltr'><strong>no</strong></span> <span class='ocrx_word' id='word_1_248' title='bbox 195 2133 350 2175; x_wconf 70' lang='lat' dir='ltr'><strong>tempore</strong></span> <span class='ocrx_word' id='word_1_249' title='bbox 372 2129 571 2173; x_wconf 81' lang='lat' dir='ltr'><strong>scaturiens,</strong></span> <span class='ocrx_word' id='word_1_250' title='bbox 594 2132 713 2176; x_wconf 84' lang='lat' dir='ltr'><strong>urbem</strong></span> <span class='ocrx_word' id='word_1_251' title='bbox 737 2131 910 2176; x_wconf 81' lang='lat' dir='ltr'><strong>percurrit</strong></span> <span class='ocrx_word' id='word_1_252' title='bbox 931 2132 1059 2167; x_wconf 89' lang='lat' dir='ltr'><strong>medius</strong></span> <span class='ocrx_word' id='word_1_253' title='bbox 1082 2132 1331 2179; x_wconf 87' lang='lat' dir='ltr'><strong>superinduxit.</strong></span> <span class='ocrx_word' id='word_1_254' title='bbox 1373 2134 1482 2168; x_wconf 89' lang='lat' dir='ltr'><strong>Aliam</strong></span> <span class='ocrx_word' id='word_1_255' title='bbox 1507 2146 1595 2179; x_wconf 91' lang='lat' dir='ltr'><strong>quo-</strong></span> 
     </span>
     <span class='ocr_line' id='line_1_29' title="bbox 126 2175 1594 2230; baseline 0.003 -20"><span class='ocrx_word' id='word_1_256' title='bbox 126 2186 197 2230; x_wconf 71' lang='lat' dir='ltr'><strong>que</strong></span> <span class='ocrx_word' id='word_1_257' title='bbox 219 2175 398 2211; x_wconf 72' lang='lat' dir='ltr'><strong>Basilicam</strong></span> <span class='ocrx_word' id='word_1_258' title='bbox 422 2176 585 2218; x_wconf 87' lang='lat' dir='ltr'><strong>extruxit,</strong></span> <span class='ocrx_word' id='word_1_259' title='bbox 610 2189 630 2212; x_wconf 89' lang='lat' dir='ltr'><strong>e</strong></span> <span class='ocrx_word' id='word_1_260' title='bbox 652 2176 793 2222; x_wconf 84' lang='lat' dir='ltr'><strong>regione</strong></span> <span class='ocrx_word' id='word_1_261' title='bbox 814 2177 935 2212; x_wconf 88' lang='lat' dir='ltr'><strong>Balnei</strong></span> <span class='ocrx_word' id='word_1_262' title='bbox 959 2178 1201 2214; x_wconf 83' lang='lat' dir='ltr'><strong>Commodiani.</strong></span> <span class='ocrx_word' id='word_1_263' title='bbox 1234 2179 1377 2225; x_wconf 86' lang='lat' dir='ltr'><strong>Insuper</strong></span> <span class='ocrx_word' id='word_1_264' title='bbox 1398 2179 1503 2214; x_wconf 89' lang='lat' dir='ltr'><strong>etiam</strong></span> <span class='ocrx_word' id='word_1_265' title='bbox 1522 2181 1594 2215; x_wconf 89' lang='lat' dir='ltr'><strong>Ba-</strong></span> 
     </span>
     <span class='ocr_line' id='line_1_30' title="bbox 126 2221 1595 2270; baseline 0.003 -15"><span class='ocrx_word' id='word_1_266' title='bbox 126 2221 238 2256; x_wconf 71' lang='lat' dir='ltr'><strong>silicas</strong></span> <span class='ocrx_word' id='word_1_267' title='bbox 268 2226 417 2267; x_wconf 87' lang='lat' dir='ltr'><strong>quatuor</strong></span> <span class='ocrx_word' id='word_1_268' title='bbox 448 2222 610 2258; x_wconf 88' lang='lat' dir='ltr'><strong>columnis</strong></span> <span class='ocrx_word' id='word_1_269' title='bbox 643 2223 839 2268; x_wconf 74' lang='lat' dir='ltr'><strong>ingentibus</strong></span> <span class='ocrx_word' id='word_1_270' title='bbox 863 2223 1058 2259; x_wconf 86' lang='lat' dir='ltr'><strong>Saloniticis</strong></span> <span class='ocrx_word' id='word_1_271' title='bbox 1090 2225 1291 2267; x_wconf 78' lang='lat' dir='ltr'><strong>exornavit3</strong></span> <span class='ocrx_word' id='word_1_272' title='bbox 1333 2236 1477 2270; x_wconf 89' lang='lat' dir='ltr'><strong>quarum</strong></span> <span class='ocrx_word' id='word_1_273' title='bbox 1500 2229 1595 2261; x_wconf 86' lang='lat' dir='ltr'><strong>tecta</strong></span> 
     </span>
     <span class='ocr_line' id='line_1_31' title="bbox 123 2265 1595 2317; baseline 0.002 -16"><span class='ocrx_word' id='word_1_274' title='bbox 123 2265 288 2313; x_wconf 81' lang='lat' dir='ltr'><strong>laqueata</strong></span> <span class='ocrx_word' id='word_1_275' title='bbox 309 2267 511 2310; x_wconf 79' lang='lat' dir='ltr'><strong>caelaturis,</strong></span> <span class='ocrx_word' id='word_1_276' title='bbox 542 2280 708 2304; x_wconf 86' lang='lat' dir='ltr'><strong>marmore</strong></span> <span class='ocrx_word' id='word_1_277' title='bbox 730 2269 850 2312; x_wconf 81' lang='lat' dir='ltr'><strong>vario,</strong></span> <span class='ocrx_word' id='word_1_278' title='bbox 882 2273 919 2304; x_wconf 90' lang='lat' dir='ltr'><strong>et</strong></span> <span class='ocrx_word' id='word_1_279' title='bbox 940 2270 1068 2306; x_wconf 84' lang='lat' dir='ltr'><strong>musivo</strong></span> <span class='ocrx_word' id='word_1_280' title='bbox 1091 2282 1198 2317; x_wconf 90' lang='lat' dir='ltr'><strong>opere</strong></span> <span class='ocrx_word' id='word_1_281' title='bbox 1221 2270 1410 2305; x_wconf 87' lang='lat' dir='ltr'><strong>decoravit.</strong></span> <span class='ocrx_word' id='word_1_282' title='bbox 1455 2270 1595 2305; x_wconf 89' lang='lat' dir='ltr'><strong>Mesau-</strong></span> 
     </span>
     <span class='ocr_line' id='line_1_32' title="bbox 123 2311 1594 2362; baseline 0.003 -15"><span class='ocrx_word' id='word_1_283' title='bbox 123 2311 194 2348; x_wconf 86' lang='lat' dir='ltr'><strong>lum</strong></span> <span class='ocrx_word' id='word_1_284' title='bbox 224 2324 361 2359; x_wconf 81' lang='lat' dir='ltr'><strong>quoque</strong></span> <span class='ocrx_word' id='word_1_285' title='bbox 383 2313 557 2348; x_wconf 87' lang='lat' dir='ltr'><strong>Parmenii</strong></span> <span class='ocrx_word' id='word_1_286' title='bbox 588 2316 775 2352; x_wconf 83' lang='lat' dir='ltr'><strong>fornicibus</strong></span> <span class='ocrx_word' id='word_1_287' title='bbox 807 2316 1120 2362; x_wconf 86' lang='lat' dir='ltr'><strong>superimpositum,</strong></span> <span class='ocrx_word' id='word_1_288' title='bbox 1162 2328 1328 2351; x_wconf 85' lang='lat' dir='ltr'><strong>marmore</strong></span> <span class='ocrx_word' id='word_1_289' title='bbox 1358 2321 1466 2351; x_wconf 84' lang='lat' dir='ltr'><strong>totum</strong></span> <span class='ocrx_word' id='word_1_290' title='bbox 1491 2316 1594 2351; x_wconf 88' lang='lat' dir='ltr'><strong>ador-</strong></span> 
     </span>
     <span class='ocr_line' id='line_1_33' title="bbox 124 2358 1593 2405; baseline 0.002 -13"><span class='ocrx_word' id='word_1_291' title='bbox 124 2368 229 2400; x_wconf 71' lang='lat' dir='ltr'><strong>nans,</strong></span> <span class='ocrx_word' id='word_1_292' title='bbox 265 2358 389 2394; x_wconf 75' lang='lat' dir='ltr'><strong>Forum</strong></span> <span class='ocrx_word' id='word_1_293' title='bbox 413 2371 507 2394; x_wconf 84' lang='lat' dir='ltr'><strong>suum</strong></span> <span class='ocrx_word' id='word_1_294' title='bbox 530 2361 689 2396; x_wconf 83' lang='lat' dir='ltr'><strong>absolvit.</strong></span> <span class='ocrx_word' id='word_1_295' title='bbox 747 2362 908 2403; x_wconf 84' lang='lat' dir='ltr'><strong>Quatuor</strong></span> <span class='ocrx_word' id='word_1_296' title='bbox 930 2363 1031 2397; x_wconf 87' lang='lat' dir='ltr'><strong>etiam</strong></span> <span class='ocrx_word' id='word_1_297' title='bbox 1053 2362 1215 2398; x_wconf 78' lang='lat' dir='ltr'><strong>Basilicas</strong></span> <span class='ocrx_word' id='word_1_298' title='bbox 1247 2361 1453 2397; x_wconf 86' lang='lat' dir='ltr'><strong>ornamentis</strong></span> <span class='ocrx_word' id='word_1_299' title='bbox 1475 2361 1593 2405; x_wconf 84' lang='lat' dir='ltr'><strong>variis,</strong></span> 
     </span>
     <span class='ocr_line' id='line_1_34' title="bbox 125 2403 1594 2454; baseline 0.003 -16"><span class='ocrx_word' id='word_1_300' title='bbox 125 2403 312 2450; x_wconf 76' lang='lat' dir='ltr'><strong>statuisque</strong></span> <span class='ocrx_word' id='word_1_301' title='bbox 334 2405 455 2451; x_wconf 86' lang='lat' dir='ltr'><strong>positis</strong></span> <span class='ocrx_word' id='word_1_302' title='bbox 477 2405 670 2451; x_wconf 80' lang='lat' dir='ltr'><strong>insignivit:</strong></span> <span class='ocrx_word' id='word_1_303' title='bbox 714 2418 857 2453; x_wconf 86' lang='lat' dir='ltr'><strong>quarum</strong></span> <span class='ocrx_word' id='word_1_304' title='bbox 879 2407 915 2442; x_wconf 88' lang='lat' dir='ltr'><strong>in</strong></span> <span class='ocrx_word' id='word_1_305' title='bbox 936 2408 1069 2451; x_wconf 88' lang='lat' dir='ltr'><strong>medio,</strong></span> <span class='ocrx_word' id='word_1_306' title='bbox 1092 2407 1224 2454; x_wconf 85' lang='lat' dir='ltr'><strong>ingenti</strong></span> <span class='ocrx_word' id='word_1_307' title='bbox 1247 2408 1431 2443; x_wconf 82' lang='lat' dir='ltr'><strong>Columnae</strong></span> <span class='ocrx_word' id='word_1_308' title='bbox 1453 2406 1594 2452; x_wconf 87' lang='lat' dir='ltr'><strong>imposi-</strong></span> 
     </span>
     <span class='ocr_line' id='line_1_35' title="bbox 123 2449 1593 2499; baseline 0.002 -16"><span class='ocrx_word' id='word_1_309' title='bbox 123 2449 336 2485; x_wconf 74' lang='lat' dir='ltr'><strong>tam‘fratris</strong></span> <span class='ocrx_word' id='word_1_310' title='bbox 359 2450 410 2485; x_wconf 89' lang='lat' dir='ltr'><strong>sui</strong></span> <span class='ocrx_word' id='word_1_311' title='bbox 426 2451 659 2487; x_wconf 86' lang='lat' dir='ltr'><strong>Valentiniani</strong></span> <span class='ocrx_word' id='word_1_312' title='bbox 681 2453 898 2499; x_wconf 82' lang='lat' dir='ltr'><strong>Imperatoris</strong></span> <span class='ocrx_word' id='word_1_313' title='bbox 922 2458 1069 2489; x_wconf 86' lang='lat' dir='ltr'><strong>statuam</strong></span> <span class='ocrx_word' id='word_1_314' title='bbox 1092 2453 1282 2489; x_wconf 84' lang='lat' dir='ltr'><strong>collocavit.</strong></span> <span class='ocrx_word' id='word_1_315' title='bbox 1324 2454 1481 2487; x_wconf 82' lang='lat' dir='ltr'><strong>Statuam</strong></span> <span class='ocrx_word' id='word_1_316' title='bbox 1505 2465 1593 2498; x_wconf 90' lang='lat' dir='ltr'><strong>quo-</strong></span> 
     </span>
     <span class='ocr_line' id='line_1_36' title="bbox 123 2494 1590 2544; baseline 0.004 -16"><span class='ocrx_word' id='word_1_317' title='bbox 123 2504 194 2539; x_wconf 83' lang='lat' dir='ltr'><strong>que</strong></span> <span class='ocrx_word' id='word_1_318' title='bbox 215 2494 334 2539; x_wconf 72' lang='lat' dir='ltr'><strong>aliam,</strong></span> <span class='ocrx_word' id='word_1_319' title='bbox 365 2497 402 2531; x_wconf 92' lang='lat' dir='ltr'><strong>in</strong></span> <span class='ocrx_word' id='word_1_320' title='bbox 425 2497 587 2533; x_wconf 87' lang='lat' dir='ltr'><strong>Conchae</strong></span> <span class='ocrx_word' id='word_1_321' title='bbox 609 2499 778 2534; x_wconf 85' lang='lat' dir='ltr'><strong>Senaculo</strong></span> <span class='ocrx_word' id='word_1_322' title='bbox 802 2511 1043 2540; x_wconf 85' lang='lat' dir='ltr'><strong>marmoream;</strong></span> <span class='ocrx_word' id='word_1_323' title='bbox 1079 2500 1215 2535; x_wconf 88' lang='lat' dir='ltr'><strong>tertiam</strong></span> <span class='ocrx_word' id='word_1_324' title='bbox 1238 2500 1377 2544; x_wconf 82' lang='lat' dir='ltr'><strong>insuper</strong></span> <span class='ocrx_word' id='word_1_325' title='bbox 1399 2510 1443 2533; x_wconf 85' lang='lat' dir='ltr'><strong>ex</strong></span> <span class='ocrx_word' id='word_1_326' title='bbox 1465 2498 1590 2543; x_wconf 85' lang='lat' dir='ltr'><strong>lapillis</strong></span> 
     </span>
     <span class='ocr_line' id='line_1_37' title="bbox 122 2539 1591 2589; baseline 0.004 -16"><span class='ocrx_word' id='word_1_327' title='bbox 122 2539 294 2584; x_wconf 67' lang='lat' dir='ltr'><strong>pretiosis,</strong></span> <span class='ocrx_word' id='word_1_328' title='bbox 318 2541 362 2577; x_wconf 83' lang='lat' dir='ltr'><strong>ad</strong></span> <span class='ocrx_word' id='word_1_329' title='bbox 384 2543 531 2578; x_wconf 84' lang='lat' dir='ltr'><strong>sedentis</strong></span> <span class='ocrx_word' id='word_1_330' title='bbox 553 2545 695 2580; x_wconf 86' lang='lat' dir='ltr'><strong>formam</strong></span> <span class='ocrx_word' id='word_1_331' title='bbox 718 2547 856 2588; x_wconf 84' lang='lat' dir='ltr'><strong>factam,</strong></span> <span class='ocrx_word' id='word_1_332' title='bbox 890 2546 926 2580; x_wconf 87' lang='lat' dir='ltr'><strong>in</strong></span> <span class='ocrx_word' id='word_1_333' title='bbox 952 2546 1062 2581; x_wconf 88' lang='lat' dir='ltr'><strong>medio</strong></span> <span class='ocrx_word' id='word_1_334' title='bbox 1086 2546 1254 2580; x_wconf 86' lang='lat' dir='ltr'><strong>Basilicae</strong></span> <span class='ocrx_word' id='word_1_335' title='bbox 1275 2544 1312 2577; x_wconf 92' lang='lat' dir='ltr'><strong>in</strong></span> <span class='ocrx_word' id='word_1_336' title='bbox 1335 2544 1475 2578; x_wconf 83' lang='lat' dir='ltr'><strong>Concha</strong></span> <span class='ocrx_word' id='word_1_337' title='bbox 1496 2544 1591 2589; x_wconf 84' lang='lat' dir='ltr'><strong>posi-</strong></span> 
     </span>
     <span class='ocr_line' id='line_1_38' title="bbox 123 2585 1589 2635; baseline 0.004 -16"><span class='ocrx_word' id='word_1_338' title='bbox 123 2589 202 2627; x_wconf 80' lang='lat' dir='ltr'><strong>tae,</strong></span> <span class='ocrx_word' id='word_1_339' title='bbox 227 2585 334 2622; x_wconf 82' lang='lat' dir='ltr'><strong>eidem</strong></span> <span class='ocrx_word' id='word_1_340' title='bbox 356 2588 563 2634; x_wconf 84' lang='lat' dir='ltr'><strong>Imperatori</strong></span> <span class='ocrx_word' id='word_1_341' title='bbox 585 2591 825 2627; x_wconf 81' lang='lat' dir='ltr'><strong>Valentiniano</strong></span> <span class='ocrx_word' id='word_1_342' title='bbox 849 2591 990 2627; x_wconf 83' lang='lat' dir='ltr'><strong>dicavit.</strong></span> <span class='ocrx_word' id='word_1_343' title='bbox 1037 2592 1131 2626; x_wconf 89' lang='lat' dir='ltr'><strong>Duas</strong></span> <span class='ocrx_word' id='word_1_344' title='bbox 1154 2591 1256 2625; x_wconf 86' lang='lat' dir='ltr'><strong>etiam</strong></span> <span class='ocrx_word' id='word_1_345' title='bbox 1279 2589 1428 2635; x_wconf 83' lang='lat' dir='ltr'><strong>Cynegii</strong></span> <span class='ocrx_word' id='word_1_346' title='bbox 1450 2589 1589 2625; x_wconf 75' lang='lat' dir='ltr'><strong>Fundus</strong></span> 
     </span>
     <span class='ocr_line' id='line_1_39' title="bbox 123 2630 1588 2683; baseline 0.005 -19"><span class='ocrx_word' id='word_1_347' title='bbox 123 2630 296 2673; x_wconf 77' lang='lat' dir='ltr'><strong>extruxit3</strong></span> <span class='ocrx_word' id='word_1_348' title='bbox 333 2645 415 2679; x_wconf 86' lang='lat' dir='ltr'><strong>quas</strong></span> <span class='ocrx_word' id='word_1_349' title='bbox 439 2635 540 2670; x_wconf 86' lang='lat' dir='ltr'><strong>etiam</strong></span> <span class='ocrx_word' id='word_1_350' title='bbox 561 2639 655 2672; x_wconf 85' lang='lat' dir='ltr'><strong>tecto</strong></span> <span class='ocrx_word' id='word_1_351' title='bbox 679 2638 955 2683; x_wconf 75' lang='lat' dir='ltr'><strong>superinductus,</strong></span> <span class='ocrx_word' id='word_1_352' title='bbox 990 2638 1125 2672; x_wconf 86' lang='lat' dir='ltr'><strong>sedibus</strong></span> <span class='ocrx_word' id='word_1_353' title='bbox 1147 2636 1355 2681; x_wconf 80' lang='lat' dir='ltr'><strong>complevit;</strong></span> <span class='ocrx_word' id='word_1_354' title='bbox 1396 2646 1471 2670; x_wconf 89' lang='lat' dir='ltr'><strong>cum</strong></span> <span class='ocrx_word' id='word_1_355' title='bbox 1494 2636 1588 2682; x_wconf 85' lang='lat' dir='ltr'><strong>prius</strong></span> 
     </span>
     <span class='ocr_line' id='line_1_40' title="bbox 122 2674 1589 2738; baseline 0.003 -27"><span class='ocrx_word' id='word_1_356' title='bbox 122 2674 394 2730; x_wconf 59' lang='lat' dir='ltr'><strong>lidonomachium</strong></span> <span class='ocrx_word' id='word_1_357' title='bbox 412 2680 543 2736; x_wconf 63' lang='lat' dir='ltr'><strong>fuisset.</strong></span> <span class='ocrx_word' id='word_1_358' title='bbox 592 2682 759 2719; x_wconf 83' lang='lat' dir='ltr'><strong>Balneum</strong></span> <span class='ocrx_word' id='word_1_359' title='bbox 781 2696 919 2729; x_wconf 87' lang='lat' dir='ltr'><strong>quoque</strong></span> <span class='ocrx_word' id='word_1_360' title='bbox 941 2683 1137 2738; x_wconf 75' lang='lat' dir='ltr'><strong>Publieum‚</strong></span> <span class='ocrx_word' id='word_1_361' title='bbox 1175 2693 1285 2736; x_wconf 70' lang='lat' dir='ltr'><strong>prope</strong></span> <span class='ocrx_word' id='word_1_362' title='bbox 1307 2681 1444 2716; x_wconf 90' lang='lat' dir='ltr'><strong>Circum</strong></span> <span class='ocrx_word' id='word_1_363' title='bbox 1468 2687 1589 2717; x_wconf 86' lang='lat' dir='ltr'><strong>extru-</strong></span> 
     </span>
     <span class='ocr_line' id='line_1_41' title="bbox 121 2724 1586 2821; baseline 0.005 -21"><span class='ocrx_word' id='word_1_364' title='bbox 121 2725 194 2764; x_wconf 54' lang='grc' dir='ltr'><strong>ἠ’</strong></span> <span class='ocrx_word' id='word_1_365' title='bbox 210 2724 446 2806; x_wconf 60' lang='grc' dir='ltr'><strong>Βῖἓῑῗῑῖξῑέἑὲ</strong></span> <span class='ocrx_word' id='word_1_366' title='bbox 466 2730 832 2821; x_wconf 47' lang='lat' dir='ltr'><strong>ffiss&#39;i&#39;mffliff‘</strong></span> <span class='ocrx_word' id='word_1_367' title='bbox 831 2729 1053 2810; x_wconf 54' lang='lat' dir='ltr'><strong>ffisso‘ssmssssn</strong></span> <span class='ocrx_word' id='word_1_368' title='bbox 1055 2727 1283 2808; x_wconf 58' lang='lat'><strong>221113223333</strong></span> <span class='ocrx_word' id='word_1_369' title='bbox 1318 2777 1354 2808; x_wconf 62' lang='lat' dir='ltr'><strong>et</strong></span> <span class='ocrx_word' id='word_1_370' title='bbox 1386 2772 1586 2809; x_wconf 59' lang='lat' dir='ltr'><strong>Provincia.</strong></span> 
     </span>
     <span class='ocr_line' id='line_1_42' title="bbox 120 2813 1587 2866; baseline 0.004 -19"><span class='ocrx_word' id='word_1_371' title='bbox 120 2823 193 2848; x_wconf 88' lang='lat' dir='ltr'><strong>rum</strong></span> <span class='ocrx_word' id='word_1_372' title='bbox 216 2813 395 2850; x_wconf 85' lang='lat' dir='ltr'><strong>Praesides</strong></span> <span class='ocrx_word' id='word_1_373' title='bbox 441 2822 560 2862; x_wconf 86' lang='lat' dir='ltr'><strong>ropter</strong></span> <span class='ocrx_word' id='word_1_374' title='bbox 581 2821 737 2866; x_wconf 85' lang='lat' dir='ltr'><strong>rapinas,</strong></span> <span class='ocrx_word' id='word_1_375' title='bbox 773 2821 1003 2862; x_wconf 84' lang='lat' dir='ltr'><strong>extortiones,</strong></span> <span class='ocrx_word' id='word_1_376' title='bbox 1038 2819 1176 2864; x_wconf 86' lang='lat' dir='ltr'><strong>aliaque</strong></span> <span class='ocrx_word' id='word_1_377' title='bbox 1197 2819 1324 2863; x_wconf 86' lang='lat' dir='ltr'><strong>injusta</strong></span> <span class='ocrx_word' id='word_1_378' title='bbox 1354 2820 1398 2855; x_wconf 88' lang='lat' dir='ltr'><strong>ab</strong></span> <span class='ocrx_word' id='word_1_379' title='bbox 1421 2818 1470 2855; x_wconf 80' lang='lat' dir='ltr'><strong>eis</strong></span> <span class='ocrx_word' id='word_1_380' title='bbox 1494 2830 1587 2854; x_wconf 89' lang='lat' dir='ltr'><strong>com·</strong></span> 
     </span>
     <span class='ocr_line' id='line_1_43' title="bbox 118 2858 1588 2912; baseline 0.003 -19"><span class='ocrx_word' id='word_1_381' title='bbox 118 2858 219 2895; x_wconf 86' lang='lat' dir='ltr'><strong>missa</strong></span> <span class='ocrx_word' id='word_1_382' title='bbox 241 2864 349 2896; x_wconf 86' lang='lat' dir='ltr'><strong>morte</strong></span> <span class='ocrx_word' id='word_1_383' title='bbox 371 2872 424 2896; x_wconf 91' lang='lat' dir='ltr'><strong>mu</strong></span> <span class='ocrx_word' id='word_1_384' title='bbox 439 2863 537 2898; x_wconf 84' lang='lat' dir='ltr'><strong>tavit.</strong></span> <span class='ocrx_word' id='word_1_385' title='bbox 582 2864 782 2902; x_wconf 84' lang='lat' dir='ltr'><strong>Rhodanum</strong></span> <span class='ocrx_word' id='word_1_386' title='bbox 807 2878 902 2909; x_wconf 83' lang='lat' dir='ltr'><strong>vero,</strong></span> <span class='ocrx_word' id='word_1_387' title='bbox 927 2864 1047 2912; x_wconf 82' lang='lat' dir='ltr'><strong>palatii</strong></span> <span class='ocrx_word' id='word_1_388' title='bbox 1063 2864 1309 2911; x_wconf 78' lang='lat' dir='ltr'><strong>Praepositum,</strong></span> <span class='ocrx_word' id='word_1_389' title='bbox 1331 2865 1439 2901; x_wconf 84' lang='lat' dir='ltr'><strong>virum</strong></span> <span class='ocrx_word' id='word_1_390' title='bbox 1464 2869 1588 2911; x_wconf 85' lang='lat' dir='ltr'><strong>poten-</strong></span> 
     </span>
    </p>
   </div>
  </div>
 </body>
</html>
