1838 3230
430 173 1048 219 CHRONOGRAPHIA.
1103 172 1155 216 L.
1186 173 1240 217 V.
1481 176 1577 225 123

108 300 230 352 νους,
261 296 336 343 τὸν
355 299 539 354 Τεῦκρον
557 292 579 338 ὅ
599 290 771 352 Πῦῥρος
789 292 876 351 ᾔτει
899 295 1128 350 διηγεῖσθαι
1148 291 1261 351 αὐτῷ
1282 288 1418 336 πάντα
1437 291 1480 343 ἐξ
1501 290 1579 347 ἂρ-

105 371 187 423 χῆς
213 366 269 410 τὰ
298 362 518 422 συμβάντα
547 368 606 423 τῷ
637 363 767 407 αὐτοῦ
796 366 944 421 πατρί,
982 361 1120 420 φήσας
1148 362 1306 420 ἀγνοεῖν
1333 360 1381 404 τὸ
1402 360 1577 419 ἀκριβές.

110 433 134 480 ὃ
155 436 202 479 δὲ
223 439 406 494 Τεῦκρος
419 433 572 491 ἤρξατο
595 432 718 489 λέγειν
738 426 882 483 οὕτως.
1501 427 1511 433 ’

211 501 259 548 ‘O
278 509 362 556 πᾶς
379 503 481 548 αἰὼν
503 501 578 546 οὔκ
601 502 803 556 ἐξαλείψει
822 501 898 557 τὴν
924 499 1138 556 Ἀχιλλέως
1171 499 1278 543 κατὰ
1302 497 1499 556 ’Έκτορος
1518 497 1580 542 νί-

76 582 210 629 5κην·
247 571 294 625 ὃς
309 571 463 630 μαθὼν
484 570 662 629 Ἕκτορα
688 570 835 620 νυκτὸς
856 568 1107 625 βουλόμενον
1130 568 1363 625 ἀπαντῆσαι
1385 572 1437 626 τῇ
1457 572 1581 623 βασι-

111 643 195 686 λίδι
211 642 506 701 Πενθεσιλείᾳ,
541 638 799 696 προποιήσας
824 638 967 699 λάθρᾳ
988 638 1076 694 ἅμα
1105 643 1165 697 τῷ
1191 639 1284 697 ἰδίῳ
1314 641 1478 696 στρατῷ
1512 638 1581 680 καὶ

107 709 260 755 ’ἑαυτὸν
293 711 369 754 σὺν
399 709 540 759 αὐτοῖς
568 707 841 765 ἀποκρύψας,
888 708 960 751 τὸν
991 708 1178 762 ποταμὸν
1209 709 1476 761 διαβαίνοντα
1510 705 1582 749 τὸν

103 778 281 837 Ἕκτορα
299 780 438 824 κτείνει
456 780 522 821 καὶ
543 776 730 828 ἅπαντας
751 777 847 828 τοὺς
867 777 979 835 αὐτῷ
1002 775 1238 831 ἑπομένους,
1274 776 1344 819 ἕνα
1360 773 1488 831 μόνον
1507 792 1584 818 κα-

111 836 294 892 ταλιπὼν
334 850 491 902 ζῶντα·
540 846 678 890 ὅντινα
709 844 1008 903 χειροκοπήσας
1038 843 1220 903 Πριάμῳ
1255 844 1435 900 ἔπεμψεν
1466 844 1582 900 ἇγγε-
1607 856 1640 891 D

57 927 103 962 10
113 921 266 961 λοῦντα
293 917 367 961 τὸν
385 915 582 973 Ἕκτορος
612 914 813 959 θάνατον.
887 917 953 958 καὶ
981 915 1033 958 τὰ
1061 913 1278 969 συμβάντα
1304 912 1481 970 μηδενὸς
1499 918 1581 956 τῶν

107 984 312 1043 Ἑλλήνων
339 983 533 1043 γνόντος,
570 984 693 1042 ἤγαγε
720 984 768 1028 τὸ
798 988 874 1028 τοῦ
898 983 1093 1040 Ἕκτορος
1112 985 1308 1038 λείψανον
1327 984 1383 1033 εἰς
1403 979 1582 1025 δάπεδον

110 1055 192 1112 πρὸ
225 1054 397 1112 αὕγους·
434 1056 502 1098 καὶ
531 1054 573 1097 ἓν
607 1055 742 1113 δίφρῳ
768 1051 1004 1110 ἀναρτήσας
1024 1052 1150 1096 αὐτὸν
1171 1052 1269 1102 τοὺς
1285 1053 1437 1102 ἵππους
1458 1048 1582 1094 ἐλαύ-

112 1141 257 1175 νοντος
281 1123 600 1179 Αὐτομέδοντος
625 1123 700 1166 σὺν
729 1122 841 1182 αὐτῷ
863 1119 1216 1178 μαστιγόπληκτον
1244 1120 1372 1164 αὐτοῦ
1392 1120 1440 1164 τὸ
1460 1125 1582 1175 σῶμα

115 1191 137 1235 ὃ
159 1197 232 1244 σὸς
248 1193 407 1249 γενέτης
425 1196 552 1236 ποιῶν
574 1191 648 1235 οὐκ
666 1189 851 1235 ἐπαύετο.
923 1189 1104 1241 ἄκου’-σας
1131 1191 1176 1234 δὲ
1194 1191 1390 1248 Πριάμος
1411 1189 1483 1233 τὸν
1506 1193 1581 1232 τοῦ

62 1260 306 1317 15”Εκτορος
330 1259 461 1318 μόρον
471 1294 484 1315 ,
524 1259 720 1313 ὥλόλυξε,
755 1262 823 1303 καὶ
851 1257 1000 1309 πάντες
1026 1260 1102 1303 σὺν
1131 1259 1266 1319 αὐτῷ’·
1303 1261 1371 1302 καὶ
1398 1255 1582 1314 τοσαύτη
1649 1277 1651 1279 ’

112 1330 193 1385 βοὴ
225 1330 378 1387 ἐγένετο
408 1331 452 1373 ἐκ
483 1334 558 1373 τοῦ
593 1328 784 1385 πλήθους
803 1333 887 1372 τῶν
909 1327 1090 1386 Τρώων,
1130 1327 1233 1372 ὥστε
1253 1330 1319 1372 καὶ
1348 1328 1401 1371 τὰ
1422 1327 1581 1371 πετεινὰ

113 1403 189 1443 ’τοῦΙ
210 1399 389 1456 οὐρανοῦ
407 1403 680 1457 ταραχθῆναι.
750 1400 818 1441 καὶ
838 1397 1073 1454 οἱἛλληνες
1092 1399 1137 1441 δὲ
1150 1399 1364 1456 χαίροντες
1382 1395 1582 1452 ἀντεβόη-

114 1484 195 1512 σαν
216 1466 388 1524 ὁμοίως·
425 1469 492 1511 καὶ
523 1469 723 1511 ὅιλείονται
753 1468 797 1510 αἱ
827 1465 953 1511 πύλαι
976 1472 1050 1510 τοῦ
1069 1467 1205 1511 Ἰλίου.
1279 1465 1302 1512 ὃ,
1328 1466 1401 1516 σὸς
1422 1466 1582 1523 γενέτης

114 1537 339 1580 ἐπετέλεσεν
371 1535 528 1594 ἀγῶνος
556 1535 700 1595 ἑορτὴν
727 1543 814 1587 τοῖς
832 1541 1045 1592 βασιλεῦσι
1064 1538 1131 1579 καὶ
1148 1540 1271 1589 πᾶσι,
1307 1535 1442 1579 πολλὰ
1463 1538 1584 1592 φιλο-

59 1597 402 1662 Ξοτιμησάμενος.
472 1610 524 1664 τῇ
569 1607 614 1649 δὲ
655 1604 746 1661 ἑξῆς
776 1604 909 1666 ἡμέρᾳ
937 1603 958 1648 ὃ
988 1607 1184 1662 Πρίαμος
1213 1605 1414 1659 πένθιμον
1443 1607 1584 1661 φορῶν
1608 1612 1641 1647 O
1668 1613 1735 1648 157

114 1679 271 1730 σχῆμα,
308 1674 410 1726 ι’ίξας
425 1674 520 1730 μεθ’
542 1673 690 1718 ἑαυτοῦ
708 1675 944 1730 Πολυξένην
965 1674 1039 1730 τὴν
1059 1674 1270 1731 θυγατέρα
1292 1673 1434 1726 αὐτοῦ,
1472 1689 1580 1729 παρ-
1603 1681 1637 1716 E:

115 1743 255 1796 θένον,
293 1745 360 1786 καὶ
373 1741 668 1801 Ἀνδρομάχην,
703 1743 986 1800 τὴνἛκτορος
1001 1750 1186 1799 γυναῖκα,
1211 1744 1278 1786 καὶ
1296 1740 1581 1785 Ἀστυάνακτα

117 1813 184 1855 καὶ
201 1809 522 1867 Λαοδάμαντα,
559 1812 674 1862 υἶοῦς
697 1811 824 1855 αὐτοῦ
850 1814 1043 1867 νηπίους,
1080 1813 1343 1869 παραγίνεται
1361 1811 1463 1869 πρὸς
1484 1810 1582 1861 τούς

207 1910 266 1946 23.
293 1909 534 1956 Λαομέδοντα
556 1908 732 1944 Cedrenus
754 1921 790 1956 p.
814 1911 891 1946 127.
915 1910 959 1946 D.

116 2000 158 2025 re
180 1989 284 2025 etiam
307 1991 504 2036 conjunctus
527 1991 649 2035 erat‚)
681 1989 733 2024 uti
755 1989 854 2024 altius
876 1989 920 2024 ab
942 1987 1077 2034 origine
1097 2000 1169 2024 rem
1192 1992 1370 2035 repetem,
1405 2000 1494 2035 quae
1515 1999 1581 2034 pa-

115 2034 165 2071 tri
187 2047 248 2071 suo
271 2037 470 2072 acciderant
493 2041 670 2072 enarraret
693 2035 822 2078 omnia3
859 2035 943 2070 nihil
966 2036 1078 2071 adbuc
1101 2035 1187 2071 certi
1209 2035 1254 2070 de
1278 2036 1328 2071 his
1350 2035 1522 2082 accepisse
1544 2048 1581 2070 se

116 2092 287 2118 asserens:
310 2083 373 2119 His
394 2083 515 2129 itaque
537 2084 696 2118 Teucrus
717 2094 855 2117 exorsus
877 2086 939 2117 est.

211 2129 401 2165 Victoriam
423 2129 536 2179 illam,
573 2141 672 2175 quam
696 2128 842 2164 Achilles
874 2128 918 2164 de
939 2129 1094 2164 Hectore
1115 2128 1328 2175 reportavit,
1370 2129 1464 2163 nulla
1486 2131 1581 2162 aetas

117 2173 283 2210 oblivioni
306 2176 430 2211 datura
453 2182 522 2211 est:
565 2177 624 2221 qui
648 2176 708 2210 ubi
733 2175 898 2217 audisset,
933 2176 1119 2210 Hectorem
1142 2178 1186 2210 de
1219 2180 1319 2211 nocte
1343 2174 1583 2210 Penthesileae

117 2219 276 2265 Reginae
299 2221 432 2257 obviam
455 2222 601 2265 iturum,
625 2227 880 2268 praeoccupato
904 2222 975 2267 ejus
997 2221 1143 2265 itinere,
1167 2234 1203 2257 se
1226 2234 1372 2267 suosque
1395 2221 1430 2254 in
1452 2220 1583 2255 insidiis

113 2266 321 2310 collocavit3
356 2268 630 2314 Rectoremque,
655 2280 727 2303 cum
751 2267 818 2302 suis
843 2268 1012 2311 omnibus,
1035 2268 1161 2303 flumen
1183 2267 1450 2313 trajicientibus‚
1474 2266 1584 2300 inter-

111 2313 254 2347 -necioni
277 2314 394 2357 dedit3
429 2314 529 2349 unico
554 2316 714 2360 dempto,
738 2326 836 2360 quem
860 2314 970 2359 stragi
993 2326 1168 2361 superesse
1191 2315 1323 2356 voluit,
1347 2313 1497 2348 manibus
1521 2313 1584 2346 ab·

118 2357 249 2402 scissis,
285 2360 420 2396 Priamo
458 2361 716 2402 remittendum,
754 2360 808 2395 cui
832 2360 991 2395 Hectoris
1026 2366 1165 2396 mortem
1198 2360 1429 2395 annunciaret.
1476 2359 1584 2392 Pater

109 2408 233 2440 ‘nutem
254 2410 334 2441 tuus
357 2412 439 2442 ante
460 2407 590 2450 lucem,
628 2406 774 2442 Graecis
795 2406 931 2442 interim
965 2419 1053 2453 quae
1077 2407 1277 2442 acciderant
1299 2405 1409 2440 omnia
1431 2403 1586 2439 nescien-

118 2449 222 2494 tibus,
246 2453 408 2488 Hectoris
429 2453 690 2489 intermortuum
714 2464 855 2499 corpus,
881 2454 996 2488 currui
1019 2453 1215 2499 alligatum,
1239 2458 1276 2487 et
1298 2453 1342 2487 ab
1368 2451 1474 2496 equis,
1499 2461 1584 2495 quos

119 2495 195 2541 ipse
217 2509 291 2534 cum
314 2501 563 2534 Automedonte
585 2499 753 2545 agitavit,
786 2499 1078 2542 circumtractum,
1115 2512 1214 2545 quam
1240 2498 1352 2545 potuit
1375 2496 1517 2531 maxime
1539 2495 1585 2531 ad

119 2545 247 2578 ten-am
283 2545 397 2580 allisit.
443 2546 597 2580 Priamus
629 2551 741 2581 autem
765 2546 883 2580 audito
907 2546 1066 2580 Hectoris
1088 2547 1182 2587 fato,
1226 2545 1379 2589 ejulare,
1421 2553 1495 2577 cum
1517 2541 1585 2577 suis

120 2587 290 2624 omnibust
313 2595 496 2637 tantusque
519 2596 570 2627 est
592 2592 629 2626 in
652 2593 806 2637 Trojano
829 2592 955 2639 populo
979 2592 1106 2627 clamor
1130 2592 1257 2632 editus,
1282 2589 1428 2624 Graecis
1450 2588 1585 2623 interim

120 2633 326 2680 triumphum
352 2648 446 2672 suum
481 2638 683 2674 clamoribus
706 2638 894 2684 reciprocis
918 2638 1189 2680 celebrantibus,
1233 2641 1274 2670 ut
1296 2636 1459 2670 Volucres
1482 2634 1586 2669 etiam

121 2680 221 2714 Coeli
243 2686 555 2719 consternarentur.
598 2685 688 2719 Tum
710 2696 792 2719 vero
816 2685 932 2720 statim
955 2685 1132 2718 obseratae
1155 2687 1234 2718 sunt
1255 2682 1308 2716 Ilii
1334 2687 1467 2726 portae.
1511 2681 1584 2716 Pa-

121 2730 178 2760 ter
200 2730 313 2761 autem
335 2733 431 2770 tuus,
473 2730 631 2766 instituto
670 2730 861 2765 certaminis
893 2732 1006 2772 festo,
1041 2730 1154 2763 Duces
1190 2727 1444 2772 exercitumque
1473 2731 1582 2762 totum

120 2772 316 2807 muneribus
338 2774 489 2819 plurimis
511 2776 664 2811 donavit.
712 2777 865 2812 Priamus
895 2780 1008 2812 autem
1031 2775 1087 2809 die
1109 2779 1294 2821 sequente,
1330 2780 1424 2809 veste
1446 2773 1582 2808 indutus

121 2818 278 2864 lugubri,
315 2826 352 2853 et
375 2826 543 2867 assumpta
565 2834 678 2857 secum
701 2823 773 2857 filia
796 2823 993 2868 Polyxena,
1018 2821 1154 2865 virgine
1175 2820 1337 2867 innupta,
1362 2824 1398 2854 et
1420 2819 1583 2855 Hectoris

121 2875 229 2900 uxore
251 2866 510 2910 Andromache,
542 2879 618 2903 cum
639 2867 753 2903 filiolis
776 2869 849 2914 ejus
872 2868 1025 2910 duobus,
1057 2868 1268 2913 Astyanacte
1303 2871 1340 2902 et
1368 2866 1582 2902 Leodaman-
