1838 3230
427 154 1044 204 CHRONOG'RAPHIA.
1095 159 1149 204 L.
1180 159 1275 204 XII.
1489 169 1590 215 293

113 277 178 324 ὅτι
203 279 311 330 τινες
329 272 404 336 τ’ἥς
424 277 653 336 συγκλήτου
671 276 829 335 Ῥώμης
850 279 978 324 αὐτὸν
1006 272 1228 336 ὠνόμασαν
1247 279 1422 336 βασιλέα
1434 315 1449 336 ,
1489 281 1590 338 ἄνη-

112 346 314 405 γόρευσαν
343 348 414 392 τὸν
438 348 565 392 αὐτὸν
581 349 762 406 Νίγερτα
778 349 965 403 βασιλέα.
1037 350 1105 392 καὶ
1131 349 1337 406 παρέλαβε
1355 355 1495 393 πᾶσαν
1513 351 1588 407 τὴν

113 417 317 473 ἀνατολὴν
346 418 421 467 ἕως
450 421 524 472 τῆς
554 415 791 474 Αἶγύπτου’
829 416 966 461 ὅντινα
994 418 1068 461 οὐκ
1095 419 1282 469 ἐδέξαντο
1304 420 1344 462 οἳ
1361 421 1588 470 Λαοδικεῖς

113 483 256 543 Σύροι,
286 485 374 528 ἀλλ’
395 476 648 542 ἀντέστησαν
672 485 798 545 αὐτῷ.
869 488 936 529 καὶ
955 485 1216 544 φοσατεῦσας
1237 489 1444 546 παρέλαβε
1460 491 1589 533 Λαο-

78 565 101 600 5
113 555 286 608 δίκειαν,
318 556 386 598 καὶ
407 554 604 612 ἔστρεψεν
623 554 752 611 αὐτὴν
772 556 838 598 καὶ
858 555 1084 613 κατέσφαξε
1103 554 1273 607 πάντας.

211 647 296 690 Καὶ
316 643 606 702 ἐπεστράτευσε
629 646 718 689 κατ’
742 647 870 689 αὐτοῦ
892 646 913 690 ὃ
935 647 1059 697 αὐτὸς
1071 647 1270 705 Σέβηρος,
1292 649 1358 690 καὶ
1380 647 1587 691 καταδιώ-

110 718 185 766 ξας
213 713 397 772 ἔφθασεν
429 714 556 757 αὐτὸν
586 715 628 757 ἓν
663 717 844 771 Θηβαΐδι
875 721 949 771 τῆς
972 714 1210 772 Αἰγύπτου·
1250 715 1388 759 ὅντινα
1419 717 1583 775 πολέμῳ

109 781 499 839 συλλαμβανόμενος
525 781 753 840 ἐφόνευσεν.
825 786 891 827 καὶ
918 783 1186 840 ὑποστρέψας
1210 785 1292 828 ἀπὸ
1322 789 1396 840 τῆς
1422 788 1586 841 Θηβαΐ-

109 853 182 902 δος
199 852 304 907 μετὰ
324 851 400 908 τὴν
421 853 535 908 νίκην
555 852 769 909 ἠγανάκτει
792 854 897 896 κατὰ
918 858 1000 896 τῶν
1018 853 1335 911 Ἀλεξανδρέων,
1373 852 1476 896 διότι
1499 854 1587 897 ε’δέ-

53 929 98 965 10
110 923 233 971 ξαντο
260 920 332 964 τόν
356 923 557 978 Νίγερτον
584 919 784 978 τύραννον
813 924 880 964 καὶ
910 922 1149 979 ἐπέγραψαν
1169 924 1224 972 εἷς
1242 922 1316 972 τὰς
1334 920 1491 978 πόρτας
1509 923 1586 965 αὗ-

106 994 214 1043 τῶν,
255 994 344 1033 Τοῦ
375 994 502 1046 κυροῦ
530 991 705 1047 Νίγερος
724 989 750 1046 ἢ
773 988 901 1040 πόλις.
974 992 1040 1033 καὶ
1063 989 1372 1046 ἀπαντήσαντες
1392 995 1450 1049 τῷ
1471 991 1584 1049 αὐτῷ

106 1062 272 1110 βασιλεῖ
284 1057 456 1117 Σεβήρῳ
477 1059 516 1100 οἱ
533 1060 655 1114 δῆμοι
677 1064 750 1114 τῆς
771 1059 899 1115 αὐτῆς
914 1059 1210 1115 Ἀλεξανδρέων
1230 1057 1408 1115 μεγάλης
1428 1057 1584 1109 πόλεως

106 1126 274 1183 ἔκραζον
295 1131 443 1180 ταῦτα,
468 1128 663 1182 Οἴδαμεν,
688 1125 916 1185 εἰρήκαμεν,
947 1132 1035 1171 Τοῦ
1056 1132 1182 1184 κυροῦ
1204 1129 1378 1184 Νίγερος
1397 1126 1421 1182 ἦ
1443 1126 1581 1178 πόλις·

107 1195 160 1238 σύ
190 1191 308 1251 ἦσθα
342 1195 363 1239 ὃ
397 1200 510 1253 κῦρις
533 1196 675 1240 αὐτοῦ.
748 1198 815 1239 καὶ
839 1195 1057 1251 δεξάμενος
1076 1196 1122 1239 τὸ
1147 1197 1310 1251 ἕτοιμον
1329 1201 1404 1251 τῆς
1426 1196 1582 1240 ἀπολο-

52 1276 96 1311 15
107 1265 197 1321 γίας
227 1263 506 1320 συνεχώρησεν
537 1265 676 1316 αὐτοῖς
707 1265 755 1308 τὸ
786 1273 972 1319 πταῖσμα
1011 1267 1077 1308 καὶ
1111 1267 1410 1321 ι’νδουλγεντίας
1443 1265 1584 1316 αὐτοῖς

1611 567 1641 600 C

1614 723 1647 758 Ο
1670 725 1739 760 387

104 1333 331 1390 παρασχών
345 1334 509 1384 ἐδέξατο
531 1331 693 1384 αὐτούς.
752 1336 819 1377 καὶ
842 1333 994 1377 ἔκτισεν
1013 1334 1153 1384 αὐτοΐς
1170 1333 1368 1389 δημόσιον
1386 1333 1575 1391 λουτρόν,
1603 1343 1634 1377 D

106 1400 128 1444 ὃ
160 1401 372 1446 ἓπεκάλεσε
402 1400 627 1459 Σεβήριον·
663 1402 791 1446 ἔκτισε
821 1404 866 1446 δὲ
887 1405 954 1446 καὶ
979 1403 1087 1459 ἱερὸν
1106 1408 1179 1459 τῆς
1198 1401 1323 1453 Ῥέας.
1396 1404 1438 1446 ἓν
1456 1408 1514 1460 τῷ
1534 1404 1580 1445 δὲ

101 1471 261 1525 με’λλειν
281 1471 407 1514 αὐτὸν
424 1472 566 1522 ἐξιέναι
587 1472 752 1526 συνέσχε
774 1470 939 1528 Θερμόν
957 1489 1047 1515 τινα
1068 1471 1257 1527 ὀνόματι,
1291 1471 1403 1521 ὅστις
1425 1470 1578 1527 ὑπῆρχε

101 1544 186 1583 τῶν
206 1539 380 1598 πρώτων
402 1539 685 1595 ἀξιωματικῶν
707 1541 1011 1598 Ἀλεξανδρείας
1031 1546 1105 1595 τῆς
1125 1539 1305 1597 μεγάλης
1323 1542 1389 1582 καὶ
1410 1539 1579 1595 ἀγαπώ-

46 1612 236 1663 2ομιενοςΧ
255 1608 338 1652 ἀπὸ
369 1613 451 1652 τῶν
479 1613 677 1652 πολιτῶν·
715 1608 828 1660 ὅστις
851 1610 1014 1666 Θερμὸς
1035 1604 1085 1664 ἦν
1107 1611 1248 1659 κτίσας
1269 1610 1310 1651 ἓν
1331 1613 1382 1665 τῇ
1402 1606 1515 1651 πόλει
1534 1608 1578 1650 ἐκ

102 1681 186 1720 τῶν
206 1678 320 1721 ἲδίων
350 1675 549 1732 δημόσιον
566 1676 763 1734 λουτρόν,
802 1677 823 1720 ὃ
845 1676 1056 1720 ἐπεκάλεσε
1085 1678 1228 1734 Θέρμα
1251 1679 1306 1726 εἷς
1328 1676 1456 1730 ὄνομα
1479 1675 1577 1719 ἑαυ-

103 1749 193 1788 τοῦ.
265 1744 404 1788 ὅντινα
429 1745 591 1802 Θερμὸν
613 1744 830 1800 ἐδήμευσεν
850 1746 1048 1802 Σὲβηρος,
1078 1744 1134 1795 ὥς
1153 1747 1274 1802 φίλον
1294 1749 1368 1788 τοῦ
1386 1747 1573 1802 Νίγερος.

105 1813 186 1858 ἀπὸ
208 1815 252 1857 δὲ
265 1814 570 1872 Ἀλεξανδρείας
587 1814 765 1866 ἐξελθὼν
784 1810 912 1869 ἦλθεν
928 1816 970 1858 ε”ν
979 1816 1211 1874 Λαοδικείᾳ
1229 1818 1303 1869 τῆς
1314 1815 1484 1871 Συρίας,
1507 1816 1575 1856 καὶ

101 1959 175 1982 rem
198 1946 402 1983 nominatum
426 1946 546 1990 fuisse,
581 1946 726 1993 Nigrum
750 1947 990 1993 Imperatorem
1017 1945 1165 1981 dicebat.
1214 1945 1283 1980 Hic
1304 1945 1423 1991 itaque
1447 1945 1575 1980 Orien-

101 1997 172 2029 tem
195 2005 325 2028 omnem
347 1994 392 2028 ad
412 1995 604 2039 Aegyptum
626 2006 733 2039 usque
755 1992 961 2039 occupavit:
998 2003 1096 2037 quem
1121 1998 1233 2027 tamen
1256 1991 1483 2027 Laodicenses
1503 1992 1574 2037 Sy-

102 2039 132 2073 ri
158 2051 372 2084 nequaquam
403 2041 637 2084 recipiebant,
678 2039 740 2074 sed
764 2039 796 2073 ei
819 2040 921 2074 etiam
954 2039 1168 2074 resistebant.
1225 2038 1431 2073 Laodiceam
1453 2038 1573 2082 itaque

101 2085 276 2120 obsidione
300 2085 425 2127 cinxit3
469 2090 674 2132 captamque
696 2085 850 2120 funditus
882 2084 1029 2127 evertit,
1063 2083 1183 2120 incolis
1206 2084 1310 2120 etiam
1344 2083 1572 2119 internecioni

100 2130 200 2167 datis.

190 2200 293 2235 Hunc
324 2200 442 2246 itaque
463 2200 554 2236 bello
584 2204 703 2246 petens
732 2200 900 2242 Severus,
944 2199 980 2234 in
1004 2198 1185 2234 Thebaide
1216 2198 1366 2244 Aegypti
1391 2197 1568 2232 adoritur:

99 2246 306 2292 tandemque
327 2247 418 2281 bello
441 2251 578 2292 captum
599 2247 788 2281 interfecit.
835 2245 991 2280 Victoria
1013 2250 1126 2280 autem
1150 2245 1279 2292 potitus
1302 2246 1514 2290 Imperator,
1548 2254 1570 2277 a

101 2290 283 2328 Thebaide
302 2293 540 2328 Alexandriam
564 2293 750 2327 contendit.
798 2291 1035 2326 Alexandrinis
1057 2296 1170 2326 autem
1193 2291 1341 2325 infensus
1363 2294 1451 2330 erat,
1477 2288 1569 2333 quod

99 2336 246 2384 Nigrum
267 2339 489 2374 rebellantem
513 2339 752 2381 admittentes,
785 2338 892 2384 portis
915 2338 1015 2372 etiam
1038 2338 1106 2372 suis
1127 2337 1390 2382 inscripserant:
1429 2335 1569 2369 Domini

102 2383 210 2430 Nigra·
242 2390 292 2421 est
323 2386 410 2420 haec
439 2386 530 2420 urbs.
586 2385 737 2431 Populus
769 2384 887 2430 itaque
919 2383 1165 2419 Alexandrinus
1198 2383 1329 2418 Severo
1363 2379 1568 2425 Imperatori

99 2430 285 2473 procedens
308 2431 454 2473 obviam,
478 2431 550 2466 alta
572 2443 660 2466 voce
684 2430 896 2466 exclamavit.
942 2431 1108 2465 Fatemur
1129 2430 1252 2464 dixisse
1274 2440 1334 2462 nos
1356 2427 1449 2461 urbis
1467 2426 1568 2469 hujus

100 2475 262 2512 Dumium
285 2477 399 2523 Niger
421 2483 492 2512 επ.-
540 2478 592 2511 Τιι
614 2482 732 2512 autem
757 2478 865 2522 Nigri
896 2478 1052 2512 dominus
1075 2487 1164 2510 eras.
1222 2475 1416 2518 Imperator
1439 2477 1564 2512 autem,

100 2520 213 2556 subita
235 2521 299 2557 hac
321 2523 627 2558 Alexandrinorum
649 2523 808 2578 apologia
831 2527 964 2570 captus,
988 2521 1196 2556 condonavit
1218 2521 1282 2553 hoc
1305 2518 1376 2559 eis;
1398 2516 1566 2562 ‘datisque

99 2564 326 2612 indulgentiis,
349 2569 384 2603 in
406 2569 554 2615 gratiam
578 2581 652 2604 cnm
675 2569 740 2604 illis
763 2567 876 2604 rediit.
925 2567 1096 2603 Extruxit
1118 2567 1220 2600 etiam
1241 2564 1291 2599 ibi
1312 2563 1476 2598 Balneum
1499 2574 1564 2609 pu-

99 2612 244 2654 blicum,
267 2613 321 2648 cui
343 2626 463 2650 nomen
487 2615 583 2650 dedit
605 2615 837 2650 Severianum.
883 2615 1034 2659 Magnae
1057 2612 1157 2647 matri
1178 2610 1279 2645 etiam
1304 2609 1423 2643 aedem
1443 2619 1560 2643 sacra—

99 2657 162 2694 vit.
207 2658 291 2693 Inde
322 2671 406 2696 vero
436 2661 662 2702 discessurus,
700 2661 883 2696 Thermum
914 2659 1102 2706 quendam,
1166 2656 1234 2691 uod
1267 2655 1371 2700 Nigri
1393 2654 1559 2689 studiosus

98 2704 224 2746 fuerat,
248 2706 484 2750 comprehendi
501 2708 614 2752 jussit,
638 2708 795 2752 bonaque
817 2707 889 2752 ejus
912 2704 1092 2752 publicari.
1176 2706 1230 2737 rat
1254 2700 1309 2735 hic
1326 2701 1493 2736 Thermus
1515 2711 1557 2734 ex

97 2749 267 2796 primariis
289 2750 515 2787 Alexandriae
537 2753 792 2799 OptimatibuS,
815 2758 851 2787 et
874 2752 1004 2786 civibus
1026 2749 1094 2785 suis
1115 2759 1240 2783 summe
1263 2749 1407 2788 charus3
1438 2752 1477 2782 ¹¹²
1499 2745 1560 2792 (1¹¹i

98 2795 246 2841 propriis
274 2795 457 2841 sumptibus
485 2798 646 2834 Balneum
676 2799 855 2833 Publicum
886 2802 1106 2837 extruxerat,
1142 2794 1235 2839 quod
1268 2804 1290 2827 a
1321 2793 1453 2828 nomine
1485 2804 1558 2834 suo,

101 2842 269 2884 Therma,
303 2842 452 2878 vocavit.
506 2844 590 2879 Inde
621 2849 733 2880 autem
766 2844 939 2879 discedens
968 2843 1177 2887 Imperator,
1209 2838 1412 2874 Laodiceam
1434 2839 1559 2883 Syriae
