1838 3230
0 139 4 171 ³
449 166 1059 216 CHRONOGRAPHIA.
1115 166 1167 211 L.
1196 165 1291 210 ΧΠ.
1503 170 1604 218 287

134 294 292 352 ἅσπρα.
363 288 560 336 ἐκάθευδε
580 291 625 334 δὲ
643 289 717 340 τὰς
744 288 874 339 αὐτὰς
892 286 1048 346 ἡμέρας
1067 290 1123 339 εἷς
1140 287 1187 332 τὸ
1209 284 1373 346 ἕξιίερον
1393 289 1467 343 τῆς
1490 290 1605 343 λεγο-

133 364 260 419 μένης
284 365 499 418 βασιλικῆς
527 359 575 404 τὸ
601 356 856 415 Καισάριον,
894 358 942 401 τὸ
974 359 1141 401 κτισθὲν
1169 355 1248 401 ὖπό
1277 361 1352 400 τοῦ
1388 356 1605 411 Καίσαρος

127 432 302 476 Ἰουλίου
319 435 394 474 τοῦ
414 427 676 486 δικτάτορος,
715 426 819 471 ὅπου
844 428 989 470 ’ἵστατο
1016 425 1037 469 ὅ
1058 426 1228 484 ἀνδριὰς
1247 431 1322 470 τοῦ
1345 424 1474 468 αὐτοῦ
1495 426 1604 467 Καί-

133 517 263 556 σαρος
279 497 302 544 ὅ
329 499 408 552 ἔξω
425 503 500 555 τῆς
522 496 688 554 Κόγχης
706 501 779 552 τῆς
797 500 1024 551 βασιλικῆς.
1095 496 1144 539 τὸ
1171 497 1216 539 δὲ
1247 494 1348 539 αὐτὸ
1370 491 1602 550 Καισᾶριον

100 570 346 614 5κατέναντι
362 573 437 612 τοῦ
455 568 564 624 ἱεροῦ
583 570 657 610 τοῦ
667 565 819 623 Ἄρειος
839 563 1031 621 ὖπῆρχεν,
1060 564 1162 608 ὅπου
1183 564 1230 608 τὸ
1257 562 1467 622 λεγόμενον
1493 560 1601 606 Ma'-

131 642 287 691 κελλον,
316 638 384 680 διὰ
402 636 448 681 τὸ
471 637 554 679 ἐκεῖ
567 636 621 679 τὰ
632 637 790 693 χοίρεια
811 635 908 692 κρέα
930 633 1156 678 κόπτεσθαι
1174 632 1316 690 μόνον,
1337 634 1511 689 πλησίον
1527 636 1602 675 τοῦ
1626 637 1659 672 Ο
1683 639 1753 675 377

117 707 271 764 Ἄρεως
288 710 362 749 τοῦ
383 706 508 763 ἱεροῦ.

226 774 276 819 Ὁ
299 776 344 819 δὲ
370 773 635 832 γραμματεὺς
653 773 940 829 προεχειρίσθη
962 769 1141 829 πρώτοις
1166 771 1246 814 ἀπὸ
1268 775 1341 826 τῆς
1359 773 1516 825 βουλῆς
1533 770 1600 812 καὶ
1623 777 1657 811 Ε

127 848 202 889 τοῦ
221 843 354 900 δήμου
375 842 545 899 ὀνόματι
565 842 839 897 Πομπηιανὸς
858 843 1111 898 Κοιαίστωρ,
1141 839 1186 891 ὃς
1205 842 1248 883 ἐκ
1267 841 1408 896 γε’νους
1423 842 1600 894 συγκλη-

72 921 118 956 10
129 917 253 958 τικῶν
268 911 427 970 Ῥώμης
446 910 666 968 ὑπάρχων,
704 911 886 968 φορέσας
916 912 983 953 καὶ
1014 910 1138 961 αὐτὸς
1164 909 1314 965 στολὴν
1342 908 1502 965 ἄσπρον
1531 909 1599 950 καὶ

126 983 331 1041 στέφανον
370 980 597 1039 ὁλόχρυσον
635 977 751 1039 τύπῳ
786 982 1104 1037 φυλλοδαφνῶν.
1174 977 1313 1022 ὅντινα
1355 979 1503 1033 ἐτίμων
1531 978 1599 1020 καὶ

124 1050 400 1111 προσεκύνουν
421 1051 478 1102 ὥς
497 1068 603 1102 τινα,
628 1051 768 1107 φησίν,
793 1047 1044 1092 Ἀπόλλωνα.

224 1118 284 1163 Ἡ
305 1120 407 1175 αὐτὴ
433 1121 478 1163 δὲ
495 1119 624 1174 βουλὴ
648 1120 714 1161 καὶ
736 1116 757 1161 ὅ
779 1120 910 1174 δῆμος
930 1116 1051 1161 πάλιν
1078 1113 1356 1174 προεβάλοντο
1383 1114 1595 1172 Ἀμφιθα-
1618 1126 1653 1161 V
1678 1127 1743 1163 123

125 1190 201 1246 λὴν
236 1188 408 1244 ὀνόματι
443 1187 604 1232 Κάσιον
635 1185 906 1243 Ἰλλούστριον
918 1220 931 1240 ,
969 1189 1180 1244 φοροῦντα
1218 1183 1415 1235 ὡσαύτως
1447 1183 1598 1239 στολὴν

71 1265 113 1300 15
126 1259 286 1316 ἅσπρον
305 1256 544 1315 ὃλοσηρικὸν
563 1259 630 1300 καὶ
649 1256 854 1313 στέφανον
876 1256 1142 1312 πεπλεγμένον
1165 1254 1245 1298 ἀπὸ
1264 1254 1471 1312 δαφνίνων
1490 1251 1597 1310 φύλ-

124 1331 207 1371 λων
236 1329 305 1371 καὶ
337 1328 380 1370 ἐν
402 1331 461 1386 τῷ
491 1327 603 1385 μέσῳ
639 1323 843 1382 στηθάριν
863 1329 1049 1380 χρυσοῦν
1078 1324 1169 1379 ἔχον
1192 1323 1264 1367 τὸν
1286 1325 1386 1367 Δία.
1457 1321 1596 1365 ὅντινα

115 1395 381 1455 Ἄμφιθαλῆν
407 1397 556 1451 ἐτίμων
597 1395 664 1438 καὶ
694 1392 969 1450 προσεκύνουν
998 1392 1053 1445 ὥς
1083 1393 1154 1437 τὸν
1171 1391 1346 1450 Ἑρμῆν,
1397 1388 1596 1442 καθώςὸ

120 1465 253 1524 σοφὸς
272 1468 479 1521 Δομνΐνος
496 1463 518 1508 ὃ
534 1462 822 1521 χρονογράφος
843 1462 979 1507 πάντα
1000 1468 1134 1507 ταῦτα
1154 1460 1456 1520 συνεγράψατο.
1620 1474 1654 1509 0
1678 1476 1748 1512 378

221 1537 297 1586 Εἰς
322 1536 369 1578 δὲ
393 1533 465 1578 τὸν
494 1533 619 1578 αὐτὸν
651 1533 758 1590 ἱερὸν
786 1533 924 1589 ἀγῶνα
952 1537 1036 1577 τῶν
1056 1532 1292 1587 Ὀλυμπίων
1315 1531 1490 1588 ἤρχοντο
1513 1529 1595 1573 ἀπὸ
1640 1552 1647 1566 2

63 1600 294 1660 Ξοὲκάστης
311 1602 467 1654 πόλεως
488 1605 555 1647 καὶ
584 1600 725 1659 χώρας
757 1600 944 1659 νεώτεροι
980 1602 1146 1659 εὐγενεῖς
1164 1592 1270 1644 κατὰ
1289 1599 1426 1657 τάγμα
1447 1598 1595 1656 ἀγωνι-

121 1670 276 1726 ζῦμενοι
286 1706 300 1726 ,
343 1674 409 1716 καὶ
431 1673 611 1729 ε’μίριζον
631 1669 783 1721 αὖτοὺς
799 1672 1010 1714 κατέναντι
1030 1668 1232 1726 ἀλλήλων.
1302 1669 1406 1724 μετὰ
1429 1669 1473 1710 δὲ
1491 1671 1597 1711 πολ·

118 1745 194 1797 λῆς
219 1739 492 1799 σωφροσύνης
519 1742 587 1784 καὶ
615 1741 824 1791 ἐπιεικείας
853 1742 992 1797 διῆγον
1011 1737 1261 1795 μηδαμόθεν
1277 1739 1406 1794 μηδὲν
1428 1734 1591 1791 κομιζό-

115 1825 254 1867 μενοι·
288 1806 395 1867 ἧσαν
421 1810 500 1868 γὰρ
525 1809 689 1868 εὔποροι
698 1840 713 1863 ,
748 1809 906 1865 ἔχοντες
927 1810 996 1852 καὶ
1020 1806 1194 1859 δούλους
1214 1809 1344 1858 ἰδίους
1360 1809 1416 1858 εἷς
1436 1804 1588 1865 ὖπηρε-

208 1932 243 1967 7.
263 1929 388 1978 Ἀρέως
409 1933 479 1968 Ox.
568 1931 603 1967 9.
628 1928 847 1975 Πομπιανός
869 1930 938 1965 Ox.
1031 1930 1088 1967 13.
1109 1926 1380 1977 προεβάλλοντο
1402 1928 1470 1963 Ox.

116 2036 171 2072 vit
191 2036 373 2082 sceptrum
396 2034 610 2076 Ebeninum,
649 2032 862 2080 pedibusque
884 2031 1038 2068 sandalia
1060 2033 1149 2069 alba.
1205 2033 1333 2068 Diebus
1355 2036 1469 2068 autem
1492 2031 1587 2066 hisce

114 2083 178 2119 sub
201 2082 259 2118 dio
283 2082 465 2125 dormivit,
488 2081 524 2116 in
548 2082 606 2126 Hy
633 2081 756 2115 aethre
781 2079 943 2114 Caesario
965 2080 1154 2122 Basilicae,
1190 2092 1211 2115 a
1232 2081 1323 2115 Julio
1348 2079 1498 2114 Caesare
1521 2078 1585 2112 Di-

114 2133 249 2165 ctatore
271 2134 450 2165 extructo:
494 2128 554 2163 ubi
577 2133 680 2163 enam
703 2125 800 2161 stetit
831 2126 906 2170 ejus
927 2130 1062 2170 statua,
1099 2131 1200 2162 extra
1223 2128 1385 2162 concham
1416 2125 1588 2160 Basilicae

113 2176 293 2211 collocata.
350 2175 554 2211 Caesareum
578 2185 662 2209 vero
693 2172 778 2207 illud
801 2172 925 2207 Martis
947 2172 1020 2208 fani
1051 2186 1072 2209 e
1094 2173 1234 2218 regione
1255 2173 1357 2209 situm
1381 2177 1475 2214 erat;
1541 2182 1588 2205 uo

113 2221 188 2257 loco
211 2233 302 2258 nuuc
323 2226 393 2257 stat
416 2221 620 2262 Macellum,
654 2220 703 2254 sic
727 2219 854 2254 dictum
876 2231 898 2253 a
921 2219 1068 2265 porcinis
1093 2220 1272 2262 carnibus,
1309 2230 1398 2265 quae
1420 2218 1470 2253 ibi
1493 2228 1529 2251 so
1543 2228 1588 2252 ao

112 2267 250 2310 venales
274 2268 484 2309 caeduntur,
508 2279 573 2302 nec
595 2266 718 2312 procul
740 2277 762 2300 a
785 2265 910 2300 Martis
932 2266 1012 2301 fano
1036 2266 1148 2301 situm.

202 2316 324 2350 Scriba
348 2326 488 2361 quoque
509 2318 581 2349 tum
607 2313 752 2358 primum
775 2323 796 2347 a
813 2315 932 2347 senatu
955 2313 1155 2359 populoque
1177 2311 1375 2356 designatus
1401 2311 1453 2345 est
1482 2309 1587 2343 Pom-

112 2360 254 2407 peianus
277 2362 471 2404 Quaestor,
513 2372 535 2396 a
557 2359 783 2395 Senatoribus
806 2357 966 2393 Romanis
997 2358 1179 2394 oriundus:
1221 2358 1278 2404 qui
1304 2362 1339 2392 et
1369 2357 1442 2402 ipse
1465 2354 1585 2391 stolam

113 2417 251 2454 quoque
274 2407 454 2443 candidam
476 2407 659 2453 gestabat,
691 2409 727 2440 et
750 2417 908 2440 coronam
932 2416 976 2439 ex
1001 2417 1084 2441 auro
1108 2405 1236 2446 solido,
1269 2404 1303 2438 in
1327 2403 1482 2438 Laureae
1506 2401 1585 2436 effi-

113 2451 203 2497 giem
222 2454 462 2489 fabrefactam.
509 2454 610 2488 Hunc
633 2464 717 2487 vero
740 2454 902 2497 tanquam
924 2451 1114 2497 Apollinem
1139 2452 1341 2486 habuerunt.

203 2498 350 2535 Senatus
383 2500 522 2546 insuper
550 2499 761 2546 populusque
790 2498 1039 2544 Amphithalem
1069 2497 1310 2542 designarunt,
1343 2494 1477 2529 nomine
1512 2493 1584 2528 Ca-

112 2543 196 2580 sium
218 2545 410 2588 Illustrem3
447 2546 508 2593 qui
529 2545 618 2581 stola
626 2544 794 2600 ‘simi-liter
817 2544 976 2587 candida,
1006 2544 1207 2598 holoserica,
1230 2541 1367 2596 inclutus
1389 2540 1583 2595 incedebat,

111 2586 1585 2684 ssaemffiffiffi'alz'ffifffflffissffffizrzffi'sisa‘iss'zsf'egsssslssssffffssf

113 2693 230 2716 norest
254 2682 357 2718 sicuti
378 2684 463 2719 haec
479 2685 592 2721 omnia
614 2684 749 2730 sapiens
764 2683 950 2718 Domninus
968 2680 1258 2727 Chronographus
1281 2678 1390 2714 literis
1412 2678 1580 2725 prodidit.

202 2728 257 2762 Ad
291 2740 388 2764 sacra
416 2742 500 2766 vero
533 2732 619 2766 haec
642 2730 813 2765 Ludorum
837 2728 1094 2775 Olympicorum
1118 2725 1301 2761 certamina
1324 2724 1473 2770 undique
1495 2736 1578 2760 con-

111 2773 291 2816 veniebat,
330 2775 496 2821 quicquid
519 2782 597 2812 erat
618 2776 813 2812 Juventutis
835 2774 1033 2816 nobilioris3
1075 2772 1134 2819 qui
1154 2772 1191 2806 in
1214 2776 1333 2817 partes
1355 2783 1428 2806 sese
1451 2769 1578 2806 distra-

111 2820 251 2864 hentes,
274 2819 368 2855 inter
390 2833 427 2857 se
447 2821 591 2858 invicem
613 2822 802 2858 certamina
822 2821 984 2856 inierunt.
1030 2821 1081 2855 Et
1103 2818 1139 2854 hi
1162 2818 1319 2864 quidem,
1351 2817 1468 2863 (inter
1490 2829 1577 2863 quos

110 2867 214 2903 etiam
246 2866 398 2914 virgines
428 2868 568 2905 fuerunt
595 2868 807 2917 plurimae3)
846 2878 971 2903 summa
1002 2878 1085 2903 sane
1107 2865 1336 2912 temperantia
1358 2866 1396 2900 et
1415 2863 1576 2901 modera-
