1838 3230
270 182 367 228 172
662 174 956 220 IOANNIS
985 177 1322 223 MALALAE

361 291 495 345 Ἐξότε
517 295 561 338 δὲ
581 294 778 338 ἀπέκτεινε
801 293 872 337 τὸν
889 293 992 338 ἴδιον
1015 294 1142 339 αὐτοῦ
1161 294 1352 354 ἀδελφόν,
1387 296 1532 341 ἐσείετο
1550 294 1576 353 ἦ
1598 293 1716 349 πόλις

264 367 378 406 πᾶσα
401 361 535 418 Ῥώμη
571 364 637 405 καὶ
665 363 839 418 ἐγίνοντο
868 360 1034 417 πόλεμοι
1066 362 1252 421 ἐμφύλιοι
1286 366 1349 406 ἐπὶ
1377 369 1452 421 τῆς
1476 364 1603 409 αὐτοῦ
1631 370 1714 420 βα-

264 432 426 481 σιλείας.
495 432 560 473 καὶ
586 430 779 473 ἀπελθὼν
805 428 826 473 ὅ
848 429 970 481 αὖτὸς
987 429 1141 485 Ῥῶμος
1164 434 1219 482 εἷς
1252 432 1299 475 τὸ
1331 439 1520 487 μαντεῖον
1553 430 1714 489 ἐπηρώ-

265 515 377 553 τησε,
398 497 483 542 Διὰ
504 499 546 540 τί
560 499 706 554 γίνεται
726 498 789 540 ἐπὶ
809 502 880 552 τῆς
900 499 997 553 ἐμῆς
1016 497 1144 554 μόνης
1160 501 1368 553 βασιλείας
1383 505 1539 555 ταῦτας
1560 502 1627 543 καὶ
1644 501 1713 559 343-

266 567 371 625 ρέθη
391 566 501 623 αὐτῷ’
521 566 563 608 ἐκ
581 569 654 620 τῆς
673 565 845 616 Πυθίας
863 564 924 609 ὅτι
937 568 990 609 Εἰ
1005 566 1062 622 μὴ
1086 572 1353 625 συγκαθεσθῇ
1373 585 1436 611 σοι
1457 566 1479 612 ὅ
1502 567 1574 618 σὸς
1593 567 1745 615 ἀδελ-5

265 635 344 691 φὰς
371 636 412 677 ἕν
438 637 496 692 τῷ
527 637 723 691 βασιλικῷ
752 631 914 692 θρόνῳ,
954 633 1001 677 οὗ
1028 634 1086 690 μὴ
1117 640 1256 693 σταθῇ
1285 634 1311 691 ἦ
1344 634 1461 687 πόλις
1483 652 1558 680 σου
1577 633 1712 692 Ῥώμη

266 702 359 745 οὔτε
383 699 576 756 ἧσυχάσει
602 699 623 744 ὃ
645 703 774 755 δῆμος
808 701 899 745 οὔτε
928 700 950 745 ὅ
969 699 1154 757 πόλεμος.
1223 706 1289 746 καὶ
1310 701 1481 759 ποιήσας
1503 704 1546 747 ἐκ
1564 708 1638 759 τῆς
1656 705 1714 747 εἷ-

265 767 383 818 κόνος
412 773 487 812 τοῦ
519 769 645 812 αὐτοῦ
665 769 842 827 ἀδελφοῦ
862 767 1078 825 ἔκτύπωμα
1094 775 1173 813 τοῦ
1191 770 1411 828 προσώπου
1424 805 1438 826 ,
1471 771 1562 827 ἤτοι
1576 789 1712 828 χαρα-

211 850 242 884 c
264 842 424 894 κτῆρος,
459 837 603 890 αὐτοῦ,
635 842 815 894 χρυσοῦν
833 835 1085 894 στηθάριον,
1120 837 1271 894 στήλην
1295 838 1440 895 ἔθηκεν
1463 839 1507 883 ἓν
1525 844 1584 898 τῷ
1604 837 1711 896 θρό-

261 924 318 964 νῳ
340 905 488 959 αὐτοῦ,
526 904 629 948 {wa
649 904 840 961 ἐκάθητο.
909 907 976 949 καὶ
997 905 1126 956 οὕτως
1147 907 1378 961 ἐβασίλευσε
1397 908 1468 951 τὸν
1487 905 1709 950 ὖπόλοιπον
1721 918 1765 953 10

257 973 429 1029 χρόνον,
464 974 777 1030 συγκαθημένου
813 973 926 1032 αὐτῷ
963 978 1036 1017 τοῦ
1064 972 1288 1031 ὅλοχρύσου
1319 973 1608 1029 ἕκτυπῶματος
1635 979 1710 1019 τοῦ

260 1041 388 1084 αὐτοῦ
408 1040 586 1098 ἀδελφοῦ
599 1039 769 1096 Ῥήμου·
806 1044 873 1084 καὶ
903 1040 1107 1085 ἐπαύσατο
1129 1040 1150 1085 ὅ
1173 1042 1335 1097 σεισμὸς
1360 1047 1433 1098 τῆς
1457 1041 1610 1093 πόλεως
1638 1044 1711 1086 καὶ

259 1107 462 1164 ἡσύχασεν
483 1108 508 1164 ἦ
529 1109 723 1164 δημοτικὴ
741 1108 912 1165 ταραχή.
983 1112 1049 1152 καὶ
1079 1110 1150 1153 εἴτι
1179 1111 1235 1153 δὲ.
1251 1109 1300 1154 ἂν
1319 1111 1469 1154 ἐκέλευε
1488 1111 1707 1164 θεσπίζων,

115 1187 149 1220 Ο
172 1186 239 1222 218
263 1176 391 1233 ἔλεγεν
411 1175 466 1227 ὥς
485 1176 554 1234 ἀφ’
576 1175 723 1220 ἑαυτοῦ
742 1179 808 1220 καὶ
830 1182 902 1220 τοῦ
931 1177 1111 1235 ἀδελφοῦ
1141 1178 1266 1221 αὐτοῦ
1276 1210 1291 1231 ,
1328 1178 1452 1235 λέγων
1476 1176 1709 1221 Ἐκελεῦσα-

257 1263 332 1300 μεν
365 1247 433 1287 καὶ
463 1246 733 1299 ἐθεσπίσαμεν
749 1259 758 1269 ’
796 1243 891 1302 ὅπερ
923 1244 1022 1295 {¹304-
1050 1246 1237 1300 κατέσχεν
1257 1247 1299 1297 ἐξ
1321 1247 1469 1290 ἐκείνου
1489 1246 1602 1303 παρὰ
1622 1252 1707 1296 τοῖς
1719 1255 1762 1291 15

256 1317 490 1367 βασιλεῦσιν
523 1314 598 1363 ἕως
629 1318 702 1356 τοῦ
733 1311 955 1369 παρόντος,
992 1313 1038 1356 τὸ
1064 1313 1186 1369 λέγειν
1209 1312 1492 1369 Ἐκελεύσαμεν
1521 1316 1588 1357 καὶ
1610 1314 1707 1356 ἔθε-

258 1382 469 1436 σπίσαμεν.
537 1378 670 1423 ἓκτότε
699 1382 763 1423 καὶ
797 1383 852 1430 εἷς
876 1381 956 1430 τὰς
970 1379 1102 1431 πόλεις
1126 1381 1200 1430 τὰς
1214 1379 1292 1424 ὕπὸ
1308 1380 1532 1436 Ῥωμαίους
1553 1381 1706 1436 ἔπεμψε

258 1447 467 1505 στηθάρια
493 1447 696 1505 ὁλόχρυσα
723 1448 848 1491 αὐτοῦ
877 1450 944 1491 καὶ
970 1453 1043 1492 τοῦ
1074 1448 1252 1506 ἀδελφοῦ
1280 1449 1432 1504 αὐτοῦ,
1466 1448 1569 1493 ὥστε
1589 1450 1706 1492 τίθε-

255 1522 358 1573 σθαι
379 1517 530 1571 πλησία
547 1521 628 1559 τῶν
645 1515 863 1572 ἀρχόντων.

199 1602 233 1636 1)
351 1583 400 1627 Ὁ
421 1585 465 1627 δὲ
486 1584 609 1634 αὐτὸς
623 1583 777 1639 Ῥῶμος
796 1584 985 1639 βασιλεὺς
1004 1583 1106 1639 μετὰ
1132 1583 1179 1627 τὸ
1198 1588 1410 1641 πληρῶσαι
1428 1583 1480 1628 τοὶ
1506 1583 1616 1640 τείχη
1637 1585 1760 1630 ‚caleo

253 1657 457 1708 κοσμῆσαι
484 1652 558 1708 τὴν
584 1650 700 1695 πόλιν
734 1652 859 1696 ἔκτισε
891 1654 956 1695 καὶ
986 1652 1175 1711 τῷἌρηι
1200 1650 1324 1695 ναόν’
1357 1654 1423 1694 καὶ
1454 1653 1496 1695 ἐν
1515 1649 1627 1710 αὐτῷ
1645 1655 1704 1711 τῷ

253 1723 350 1776 μηνὶ
369 1722 552 1784 ἕποίησξν
569 1718 711 1777 ἑορτὴν
729 1718 907 1777 μεγάλην
925 1722 1077 1771 θυσίας
1098 1724 1155 1778 τῷ
1177 1719 1293 1777 ’Άρηι
1305 1752 1318 1773 ,
1355 1720 1527 1770 καλέσας
1548 1721 1614 1763 καὶ
1631 1719 1704 1763 τὸν

242 1793 363 1844 ’μῆνα
398 1789 522 1832 αὐτὸν
548 1786 743 1846 μάρτιον,
772 1789 843 1832 τὸν
866 1787 1005 1848 πρῴην
1026 1787 1235 1845 λεγόμενον
1254 1794 1424 1846 πρῖμον,
1459 1786 1557 1845 ὅπερ
1576 1786 1703 1845 ἑρμη-

345 1910 379 1944 3.
404 1906 631 1953 ἐπηρώτησε]
656 1906 856 1954 ἐπερώτησε
878 1908 947 1942 Ox.
1042 1909 1095 1944 13.
1119 1905 1255 1945 ἐκέλευε
1278 1907 1427 1951 chron„
1449 1904 1610 1944 ἐκέλευσε
1632 1907 1702 1942 Ox.

346 1955 401 1989 17.
421 1951 623 1999 Ῥωμαίους
645 1954 771 1989 Chron.
785 1979 797 1996 ,
815 1952 1002 1999 Ῥωμαίων
1025 1954 1093 1988 Ox.

345 2054 480 2090 Exinde
496 2058 605 2089 autem
629 2059 705 2100 post
727 2056 863 2091 caedem
885 2056 1021 2100 fratris,
1044 2059 1120 2092 tota
1140 2057 1283 2092 motibus
1305 2055 1437 2102 agitata
1460 2058 1512 2090 est
1533 2055 1611 2090 urbs
1629 2055 1702 2090 Ro·-

254 2111 329 2142 ma3
374 2112 583 2145 regnumque
604 2102 676 2145 ejus
698 2101 863 2136 intestinis
885 2103 1100 2137 seditionibus
1124 2103 1398 2138 tumultuabatur.
1442 2100 1495 2134 Ad
1519 2101 1702 2136 Oraculum

254 2148 371 2191 itaque
393 2147 589 2192 profectus,
612 2147 765 2190 rogavit:
792 2147 970 2182 Undenam
994 2148 1215 2202 (inquiens‚)
1240 2159 1311 2181 cum
1336 2158 1400 2191 ego
1425 2157 1512 2180 nunc
1534 2146 1620 2181 solus
1643 2157 1701 2180 re—

254 2204 343 2236 gno,
366 2191 452 2225 fiunt
472 2192 565 2225 ista?
610 2192 834 2237 „Respondit
856 2193 1002 2237 Pythia:
1029 2194 1105 2228 N1si
1127 2198 1166 2227 tu
1188 2195 1330 2227 fratrem
1351 2193 1387 2226 in
1409 2191 1505 2236 regio
1528 2191 1611 2226 solio
1635 2191 1702 2226 tibi

255 2249 450 2271 assessorem
473 2236 675 2277 constituas,
712 2238 788 2271 urbs
811 2238 918 2272 Roma
941 2250 962 2272 a
994 2239 1134 2273 motibus
1157 2237 1294 2272 liberari
1317 2249 1381 2272 non
1405 2236 1553 2282 poterit,
1588 2248 1701 2281 neque

254 2282 372 2328 populi
386 2283 600 2322 tumultuum,
624 2293 687 2315 nec
711 2282 869 2316 bellorum
893 2283 967 2317 finis
990 2284 1094 2319 erit.“
1139 2284 1289 2317 Statuam
1312 2283 1446 2328 itaque,
1471 2293 1560 2327 quae
1582 2282 1700 2316 fratris

254 2330 394 2362 formam
418 2332 454 2362 et
477 2327 601 2361 vultum
624 2327 838 2372 exprimeret,
862 2340 903 2361 ex
926 2341 1009 2364 auro
1033 2328 1194 2363 fabricari
1212 2328 1328 2372 jussit:
1358 2339 1458 2372 quam
1481 2327 1607 2368 eodem,
1631 2338 1699 2371 quo

250 2374 394 2407 sedebat
426 2373 515 2418 ipse,
554 2373 675 2406 throno
708 2372 895 2407 collocavit.
941 2374 1109 2419 Deinceps
1139 2373 1243 2418 igitur
1264 2372 1420 2418 regnanti
1450 2371 1499 2405 illi
1528 2372 1700 2406 assidebat

226 2418 235 2429 “
249 2418 368 2452 fratris
392 2430 435 2452 ex
459 2429 540 2452 auro
564 2417 670 2451 solido
693 2421 822 2451 statua:
847 2423 949 2464 atque
971 2419 1021 2453 ita
1044 2421 1310 2463 conquieverunt
1331 2417 1423 2452 urbis
1445 2420 1564 2458 motus,
1588 2422 1623 2450 et
1643 2429 1699 2451 se·

250 2463 395 2498 ditiones
419 2463 537 2508 populi
561 2463 753 2507 consopitae
775 2467 860 2497 sunt.
914 2464 989 2498 Rex
1013 2469 1141 2505 autem,
1177 2465 1204 2498 si
1228 2463 1309 2508 quid
1332 2462 1501 2503 ediceret,
1537 2467 1698 2506 tanquam

250 2520 330 2550 suo,
373 2509 556 2553 fratrisque
578 2509 710 2542 nomine
732 2507 767 2541 id
798 2509 946 2550 faceret,
981 2510 1045 2543 hac
1077 2509 1218 2543 formula
1250 2509 1428 2548 utebatur,
1463 2508 1626 2541 Jussimus
1661 2512 1698 2541 et

250 2555 473 2588 Sancivimus.
533 2553 634 2588 Unde
656 2564 724 2588 mos
745 2553 809 2587 iste
832 2553 1034 2595 dimanavit,
1075 2554 1133 2598 qui
1156 2553 1246 2598 apud
1268 2553 1380 2597 Reges
1403 2551 1580 2586 etiamnum
1606 2553 1698 2587 obti-

250 2599 344 2640 nuit,
377 2598 500 2633 Edicta
523 2598 734 2644 proponendi
755 2599 814 2632 sub
836 2599 902 2633 hac
923 2599 1084 2639 formula3
1112 2600 1276 2632 Jussimus
1298 2603 1334 2632 et
1356 2598 1578 2632 Sancivimus.
1624 2597 1697 2631 Ex-

250 2643 330 2678 inde
351 2655 434 2678 vero
459 2644 502 2678 ad
528 2644 682 2678 civitates
705 2644 874 2678 Romanae
898 2643 1033 2678 ditionis
1055 2644 1223 2687 singulas,
1259 2643 1310 2677 sui
1332 2642 1531 2687 fratrisque,
1563 2653 1605 2677 ex
1635 2653 1696 2677 au-

251 2699 291 2723 ro
313 2688 442 2730 solido,
465 2693 594 2723 statuas
616 2689 816 2730 transmisit3
843 2693 883 2723 ut
900 2689 998 2733 Juxta
1020 2689 1113 2723 urbis
1135 2688 1349 2733 magistratus
1373 2688 1630 2724 collocarentur.

341 2733 433 2768 Idem
456 2745 516 2768 rex
538 2735 716 2776 Romulus,
746 2735 834 2769 urbe
855 2734 1026 2769 moenibus
1047 2734 1161 2768 cincta
1195 2738 1232 2767 et
1267 2739 1406 2774 ornata,
1437 2732 1544 2767 Marti
1565 2743 1696 2777 quoque

257 2778 384 2812 Aedem
406 2779 534 2813 erexit:
568 2791 778 2825 mensemque
801 2791 894 2822 eum,
917 2779 976 2825 qui
999 2784 1120 2821 antea,
1155 2779 1303 2820 Primus,
1328 2779 1535 2820 vocabatur,
1556 2788 1577 2811 a
1601 2777 1696 2812 Mar-

257 2826 315 2865 te,
347 2824 508 2860 Martium
530 2824 722 2861 nominavit.
768 2825 903 2862 Festum
925 2825 1025 2862 etiam
1046 2825 1179 2861 solenne
1201 2824 1316 2860 eodem
1338 2835 1448 2860 mense
1469 2822 1631 2865 instituit,
1659 2822 1694 2857 in
