1838 3230
262 191 362 241 224
417 199 420 201 “
661 187 942 246 IOANNIS
970 190 1308 235 MALALAE

263 311 330 352 καὶ
355 306 562 365 τοπάρχης
593 306 750 350 ε’κάλεσε
780 306 1030 364 Καισάρειαν
1059 310 1360 365 Παλαιστίνης,
1399 310 1473 365 τὴν
1491 307 1633 369 πρῴην
1646 311 1716 356 λε-

261 378 431 433 γομένην
450 376 692 433 Στράτωνος
714 373 892 432 πύργον,
930 374 950 419 ὅ
971 378 1014 419 δὲ
1029 377 1245 434 Ἀρχέλαος
1261 378 1453 431 βασιλεὺς
1472 381 1539 421 καὶ
1559 377 1718 435 τοπάρ-

258 464 336 501 χης
355 444 512 488 ἐκάλεσε
534 441 784 498 Καισάρειαν
804 446 1101 495 Καππαδοκίας
1127 445 1200 499 τὴν
1220 444 1359 503 πρῴην
1379 447 1593 502 λεγομένην
1608 445 1718 498 ΧΖηνί-

115 522 148 557 Ο
171 522 239 558 290
264 518 400 567 ζακαν.
469 509 518 567 ἦν
537 513 612 569 γὰρ
631 511 651 555 ὃ
678 514 837 567 Καῖσαρ
858 517 970 562 θεῖος
995 518 1068 556 τοῦ
1088 513 1213 556 αὐτοῦ
1232 512 1480 569 Αὐγούστου
1496 519 1571 558 τοῦ
1591 502 1719 572 παρε-

264 581 460 638 σχηκότος
489 581 628 630 αὐτοῖς
657 579 756 635 ἔχειν
775 584 847 636 τῆς
868 583 1104 638 τετραρχίας
1127 582 1201 637 τὴν
1223 584 1434 636 βασιλείαν
1455 583 1519 625 ἐπὶ
1541 587 1625 626 τῶν
1645 587 1752 639 τῆςὸ

265 654 368 706 ζωῆς
387 649 521 692 αὐτῶν
538 647 710 705 χρόνων.
1320 650 1322 653 ’

364 719 449 761 Καὶ
474 715 700 772 ἐξορμήσας
726 717 768 758 ἐκ
791 721 863 771 τῆς
881 718 1161 773 Παλαιστίνης
1182 717 1384 773 παρέλαβε
1405 720 1471 760 καὶ
1493 718 1566 775 τὴν
1585 719 1720 775 Αἴγυ-

263 800 384 830 πτον·
422 788 487 828 καὶ
521 783 728 836 ὑποτάξας
762 784 889 839 αὐτὴν
921 787 1106 838 εἰσῆλθεν
1126 787 1166 828 ἓν
1181 786 1457 846 Ἀλεξανδρείᾳ
1479 792 1530 844 τῇ
1548 786 1718 844 μεγάλῃ,

142 862 175 897 V
198 863 243 898 95
267 857 332 898 καὶ
360 856 441 896 ἐκεῖ
455 852 727 910 ἐθριάμβευσε
750 853 823 907 τὴν
845 854 951 895 ἰδίαν
970 855 1103 909 νίκην,
1141 852 1313 909 ποιήσας
1333 856 1399 897 καὶ
1416 855 1489 909 τὴν
1508 856 1722 911 Αἴγυπτον

264 922 346 966 ὑπὸ
378 921 614 977 Ῥωμαίους.
685 924 752 964 καὶ
790 921 934 964 ἔδωκεν
966 922 1100 977 ἄρχειν
1133 922 1266 965 αὐτῶν
1297 927 1380 966 τῶν
1407 925 1646 978 Αἰγυπτίων
1679 924 1721 966 ἔν
1734 933 1777 967 10

259 992 538 1050 Ἀλεξανδρεία
568 994 619 1047 τῇ
648 987 813 1046 μεγάλῃ·
836 990 877 1031 ἓν
908 988 1084 1046 πρώτοις
1105 989 1282 1046 ἄρχοντα
1302 992 1345 1033 ἐκ
1362 995 1442 1033 τῶν
1460 992 1572 1034 ἰδίων
1594 991 1722 1034 αὐτοῦ

267 1057 502 1116 ἀνθρώπιον
528 1057 694 1112 ὀνόματι
718 1055 945 1113 Κορνήλιον
966 1057 1126 1101 Γάλλον
1143 1072 1152 1082 ·
1190 1053 1301 1117 ᾧτινι
1325 1058 1470 1102 ἔδωκεν
1499 1058 1614 1111 ἀξίαν
1646 1058 1724 1102 αὖ·

266 1129 508 1185 γουσταλιόυ
529 1131 602 1169 τοῦ
623 1127 726 1168 ἰδίου
749 1124 949 1179 ὀνόματος
971 1125 1217 1184 σήμαντρον.

368 1197 453 1238 Καὶ
482 1196 524 1237 ἐκ
548 1199 622 1249 τῆς
642 1192 855 1249 Αἰγύπτου
887 1193 1065 1250 περάσας
1087 1193 1107 1237 ὃ
1141 1195 1263 1244 αὐτὸς
1281 1193 1521 1250 Αὔγουστος
1547 1193 1725 1250 ἀνῆλθεν

266 1265 330 1306 ε’πὶ
351 1263 424 1318 τὴν
439 1261 618 1317 Ῥώμην,
656 1260 875 1311 ὖπτιωθεὶς
897 1264 962 1304 καὶ
983 1263 1314 1317 ἀπονενοημένος,
1351 1261 1406 1312 ὥς
1427 1260 1632 1313 ὗποτάξας
1651 1261 1722 1305 τὸν
1735 1271 1778 1306 15

267 1330 441 1384 κόσμον·
478 1333 544 1373 καὶ
573 1328 827 1385 τυραννήσας
855 1330 929 1384 τὴν
955 1328 1178 1386 σύγκλητον
1206 1332 1461 1385 ἐβασίλευσεν
1484 1330 1553 1386 ἀφ’
1577 1328 1724 1373 ἑαυτοῦ

265 1401 306 1442 ἓν
326 1397 582 1457 ὑπερηφανία
602 1397 657 1439 ὤν
669 1431 680 1450 ,
715 1397 866 1459 ἀνελών
885 1400 952 1440 καὶ
977 1398 1048 1440 τὸν
1067 1402 1255 1454 Βροῦτον
1276 1399 1346 1441 τὸν
1378 1396 1633 1455 φονεύσαντα
1651 1398 1724 1440 τὸν

264 1469 460 1523 Καίσαρα
491 1466 563 1508 τὸν
596 1465 723 1508 αὐτοῦ
756 1470 881 1508 θεῖον.
953 1464 1089 1508 ὅντινα
1127 1469 1314 1522 Βροῦτον
1356 1465 1615 1523 φυλάττοντα
1649 1465 1724 1520 τὴν

270 1535 501 1579 Θεσσαλίαν
532 1533 633 1588 μετὰ
667 1534 866 1588 βοηθείας
899 1533 1067 1587 πέμψας
1096 1533 1384 1590 ἀπεκεφάλισεν
1418 1534 1481 1575 ἐπὶ
1515 1537 1589 1588 τῆς
1613 1529 1725 1576 ὖπα-

212 1613 243 1647 Β
267 1605 374 1652 τείας
405 1604 683 1656 Καλβισιανοῦ
725 1603 790 1642 καὶ
821 1603 1078 1656 Πολλίωνος,
1125 1603 1268 1652 καθὼς
1295 1601 1517 1650 Λουκανὸς
1550 1599 1572 1644 ὃ
1595 1601 1782 1659 σοφὸςξο

260 1670 468 1726 Ῥωμαίων
487 1670 656 1725 ποιητὴς
674 1667 970 1725 συνεγράψατο.

357 1735 437 1781 Ἦν
466 1739 510 1781 δὲ
533 1745 618 1788 τοῖς
637 1736 800 1793 χρόνοις
828 1736 988 1787 τούτοις
1010 1735 1211 1792 Σωσίβιός
1231 1755 1292 1787 τις
1308 1736 1530 1792 Ἀντιοχεὺς
1550 1741 1725 1792 συγκλη-

121 1814 154 1848 O
178 1815 245 1850 291
270 1806 378 1856 τικὸς
411 1806 597 1849 ἀνελθών
625 1806 729 1860 μετὰ
762 1810 834 1848 τοῦ
860 1803 1105 1861 Αὐγούστου
1135 1807 1176 1848 ἐν
1203 1811 1254 1863 τῇ
1279 1803 1436 1862 Ῥώμῃ·
1472 1806 1538 1847 καὶ
1559 1808 1727 1864 τελευτᾷ

271 1875 504 1918 καταλιπὼν
525 1875 599 1929 τὴν
621 1872 825 1929 πρόσοδον
844 1874 971 1916 αὐτοῦ
998 1878 1048 1930 τῇ
1068 1875 1152 1933 ἰδίᾳ
1179 1873 1291 1916 πόλει
1313 1876 1367 1922 εἷς
1390 1873 1437 1915 τὸ
1459 1873 1726 1916 ἐπιτελεῖσθαι

271 1944 312 1986 ἓν
335 1942 439 1999 αὐτῇ
460 1942 565 1985 κατὰ
585 1943 876 1999 πενταετηρίδα
904 1939 1122 1999 τριάκοντα
1142 1939 1295 1999 ἡμέρας
1322 1945 1395 1983 τοῦ
1414 1938 1725 1997 ὗπερβερεταίου

365 2040 398 2073 1.
425 2038 671 2083 Παλαιστίνης
693 2039 779 2080 Ch.,
802 2039 1049 2084 Παλαιστίνην
1074 2039 1140 2072 ΟΧ.
1233 2038 1288 2073 17.
1311 2033 1567 2084 ’ὖπερηφανείᾳ
1590 2037 1658 2070 Ox.

274 2117 655 2153 sareamPalaestinae:
693 2119 877 2153 Archelaus
900 2129 983 2152 vero
1007 2129 1090 2159 reX,
1126 2117 1271 2151 Mazaca
1294 2127 1382 2161 quae
1404 2115 1489 2157 fuit,
1526 2116 1728 2150 Caesaream

276 2162 518 2209 Cappadociae
540 2163 689 2197 vocavit.
736 2164 876 2207 Augusti
899 2163 1003 2206 enim,
1043 2162 1101 2208 qui
1125 2163 1262 2207 utrique
1285 2161 1516 2207 Principatum
1547 2172 1639 2196 suum
1662 2160 1728 2195 du-

275 2215 374 2244 rante
398 2219 511 2242 eorum
533 2208 626 2250 vita,
652 2214 882 2250 concesserat,
908 2210 1037 2242 Caesar
1060 2209 1242 2242 avunculus
1264 2207 1340 2241 fuit.

365 2256 394 2288 A
427 2253 620 2287 Palaestina
650 2253 686 2286 in
722 2255 913 2299 Aegyptum
937 2265 1151 2299 progressus,
1185 2265 1258 2287 eam
1280 2249 1493 2296 subjugavit:
1529 2262 1669 2304 cumque
1691 2250 1728 2284 in

274 2299 458 2333 Romanam
481 2299 678 2333 servitutem
701 2299 908 2343 redegisset,
947 2300 1184 2335 Alexandriam
1206 2297 1392 2343 ingressuS,
1434 2296 1478 2330 de
1501 2295 1646 2330 victoria
1669 2306 1729 2330 sua

273 2344 508 2390 triumphavit.
554 2343 699 2378 Civitati
722 2349 832 2377 autem
857 2345 936 2377 huic
970 2345 1095 2390 primus
1119 2345 1336 2378 Praefectum
1359 2354 1402 2376 ex
1424 2342 1492 2376 suis
1514 2341 1631 2382 dedit,
1666 2352 1729 2375 no-

274 2391 362 2424 mine
386 2389 576 2424 Cornelium
600 2389 754 2424 Gallum:
794 2401 890 2434 quem
913 2394 949 2423 et
972 2390 1179 2435 Augustalis
1201 2389 1389 2434 dignitate,
1411 2385 1551 2420 nominis
1573 2386 1624 2420 sui
1647 2385 1729 2420 insi-

275 2435 353 2480 gni,
379 2435 621 2469 cohonestavit.

364 2483 534 2524 Augustus
557 2479 679 2514 deinde
702 2480 860 2524 Aegypto
885 2479 1038 2521 solvens,
1066 2479 1207 2514 Romam
1230 2488 1385 2512 reversus
1408 2478 1478 2518 θεὶς
1511 2487 1635 2510 summa
1657 2476 1729 2510 fte-

274 2529 351 2567 tus,
386 2527 430 2560 ob
455 2527 569 2559 orbem
594 2525 771 2566 domitum,
807 2529 842 2558 et
859 2524 984 2558 fiducia
1008 2531 1042 2558 et
1064 2525 1258 2558 securitate.
1305 2523 1466 2556 Senatum
1484 2533 1568 2556 vero
1586 2521 1650 2556 sibi
1666 2522 1730 2555 ha-

275 2572 356 2604 bens
380 2571 417 2604 in
439 2571 588 2605 omnibus
611 2571 841 2611 obedientem,
874 2580 938 2613 pro
964 2570 1130 2603 arbitratu
1153 2581 1212 2603 suo
1236 2568 1344 2602 omnia
1366 2567 1541 2611 disposuit.
1587 2567 1728 2601 Brutum

280 2616 399 2657 etiam,
433 2617 588 2651 Caesaris
612 2615 766 2650 avunculi
789 2626 1037 2660 percussorem,
1074 2615 1134 2658 qui
1157 2613 1365 2647 Thessaliam
1389 2613 1488 2646 armis
1510 2612 1649 2657 sumptis
1671 2623 1730 2646 oc·-

281 2668 487 2705 cupaverat,
526 2663 815 2707 comprehensum,
849 2659 961 2704 capite
983 2660 1160 2699 multavit,
1185 2658 1376 2692 Calvisiano
1402 2662 1436 2691 et
1458 2658 1610 2692 Pollione
1632 2656 1727 2691 Coss.

279 2706 329 2739 uti
351 2707 525 2748 Lucanus,
549 2708 679 2752 sapiens
700 2707 921 2740 Romanorum
943 2705 1071 2744 Poeta,
1095 2703 1273 2738 memoriae
1296 2702 1455 2748 prodidit.

369 2752 445 2786 Hac
467 2756 669 2797 tempestate
692 2751 842 2789 Sosibius
865 2749 1018 2795 quidam,
1048 2749 1198 2783 Senator
1222 2748 1472 2789 Antiochensis,
1495 2747 1634 2782 Romam
1655 2756 1729 2780 cum

283 2794 433 2840 Augusto
456 2797 607 2839 veniens,
631 2797 719 2832 diem
741 2809 832 2831 suum
855 2796 957 2830 obiit:
985 2796 1203 2829 Testamento
1228 2806 1309 2828 vero
1333 2795 1514 2828 facultates
1537 2803 1648 2827 omnes
1670 2802 1730 2824 ur-

284 2839 319 2874 bi
341 2852 420 2880 suae
443 2843 643 2885 addixerat3
666 2844 716 2878 uti
734 2842 873 2888 singulis
895 2840 1025 2883 lustris,
1048 2851 1158 2875 mense
1181 2839 1345 2882 Octobri,
1369 2850 1432 2886 per
1455 2838 1526 2873 dies
1549 2842 1638 2872 totos
1660 2846 1729 2870 xxx
