1838 3230
426 163 1078 234 -CHRONOGRAPHIA
1134 163 1181 208 L.
1212 164 1264 208 V.
1493 163 1592 213 137

114 306 253 344 νειαν,
278 286 474 348 »λέγοντες
503 285 634 348 αῧτῇ,
662 285 962 345 Ἀγαμέμνονος
989 285 1056 329 καὶ
1078 279 1450 340 Κλυταιμνήστρης
1473 280 1591 341 κόρη,

114 356 332 416 &naua-«5250
351 359 555 403 νεανίσκοι
574 357 688 414 παρὰ
705 356 778 413 τὴν
798 355 1005 400 Κυανέαν.
1058 352 1084 410 ἦ
1105 354 1149 397 δὲ
1166 353 1270 411 πρὸς
1287 351 1461 406 αὐτούς,
1498 356 1593 396 Πο-
1617 363 1650 398 Ο
1678 363 1744 399 174

115 429 267 485 ταποί,·
303 429 417 482 τίνος
440 432 540 484 7235,-
575 426 620 470 τί
640 425 823 482 τοῦνομα
854 425 1013 480 ἴχουσιν
1050 423 1090 467 οἱ
1123 423 1252 478 ’ξένοις
1288 420 1480 479 ἐπηρώτα
1517 421 1595 479 γὰρ

117 495 277 549 πάντας
304 495 330 554 ἦ
356 496 567 555 Ἰφιγένεια
603 495 702 546 τούς
731 492 1148 550 συλλαμβανομένους
1181 493 1248 535 καὶ
1285 491 1510 549 ἀγομένους
1540 493 1597 542 εἷς

83 563 276 611 δθυσίαν
294 566 375 610 ἀπὸ
397 566 486 616 οἳάς
505 565 581 608 εῗσὶ
596 562 751 623 χώρας,
791 565 856 606 καὶ
875 561 968 606 τότε
988 561 1138 612 αὐτοὺς
1156 559 1302 618 ἔσφαζε
1312 593 1326 614 ,
1362 561 1595 617 βουλομένη
1619 567 1651 602 D

117 640 272 692 μαθεῖν
294 636 386 692 περὶ
406 638 481 678 τοῦ
507 634 612 677 ῗδιόυ
634 633 792 690 πατρὸς
815 632 944 687 αὐτῆς
964 630 1263 688 Ἀγαμέμνονος
1295 631 1362 673 καὶ
1399 635 1483 673 τῶν
1516 629 1594 673 αὖ-

117 709 193 749 τοῢ
216 706 284 748 καὶ
306 705 396 761 περὶ
417 707 491 747 τοῦ
511 702 618 746 κατὰ
646 706 822 759 Φρυγῶν
844 701 1025 755 πολέμου
1047 701 1092 743 τί
1107 699 1272 756 ἐγένετο.
1319 699 1358 741 οἱ
1379 700 1424 742 δὲ
1441 697 1595 754 βουκό-

116 777 182 818 λοι
201 773 384 830 λέγουσιν
397 771 517 830 αὐτῇ,
546 771 712 828 ’Έτερος
727 771 830 829 πρὸς
852 770 924 813 τὸν
943 770 1080 826 ἕτερον
1100 768 1194 826 ἔφη,
1215 765 1392 823 Πυλάδη
1407 782 1417 791 ·
1454 772 1528 811 τοῦ
1550 768 1595 811 δὲ

117 839 293 900 συζύγου
311 841 360 886 τὸ
381 841 511 898 ὄνομα
534 841 608 884 οὐκ
632 841 747 896 ἴσμεν
761 854 771 864 ·
810 839 904 883 οὐδὲ
925 839 1003 895 γὰρ
1028 838 1119 895 ἔφη.
1189 835 1214 892 ἦ
1237 838 1281 879 δὲ
1301 836 1403 890 πρὸς
1424 835 1591 889 αὐτούς,

62 920 110 957 10
123 912 182 955 Τί
195 911 273 970 γὰρ
299 910 434 955 κοινὸν
451 908 655 966 βουκόλου
676 911 718 953 ἐν
739 906 960 965 θαλάττῃ,-
998 907 1036 950 oi
1065 907 1110 949 δὲ
1130 903 1241 949 εἶπον
1252 939 1265 958 ,
1302 908 1416 955 Βοῦς
1440 904 1595 961 ἥκαμεν

118 981 239 1036 νίψαι
269 981 312 1024 ἐν
337 971 434 1041 ἁλίᾳ
460 977 611 1038 δρόσῳ.
684 980 752 1022 καὶ
779 978 984 1033 πέμψασα
1007 973 1180 1025 Σκύθας
1202 974 1392 1029 συνέσχεν
1419 973 1593 1025 αὐτούς·

119 1051 187 1094 καὶ
207 1049 403 1106 ἤχθησαν
424 1050 480 1099 εἷς
497 1049 654 1091 θυσίαν
674 1048 853 1102 δέσμιοι·
889 1044 1035 1095 καθὼς
1058 1042 1080 1088 ὅ
1101 1041 1344 1101 σοφώτατος
1368 1043 1598 1102 Εὐριπίδης

120 1119 283 1171 ἐξέθετο
308 1121 449 1175 δρᾶμα
468 1121 708 1173 ποιητικῶς,
745 1110 803 1160 ὧν
823 1114 947 1172 μέρος
965 1104 1099 1170 ὀλίγον
1122 1114 1207 1156 ἐστὶ
1227 1116 1373 1156 ταῦτα.

223 1189 308 1232 Καὶ
338 1187 645 1242 δεσμευθέντων
674 1186 811 1229 αὐτῶν
821 1217 834 1237 ,
873 1183 1073 1227 ἐκέλευσεν
1102 1181 1384 1239 ἀφορισθῆναι
1411 1180 1484 1224 τὸν
1507 1180 1592 1233 ἕνα,

65 1265 112 1301 15
123 1257 192 1300 καὶ
217 1255 397 1312 ἀχθῆναι
426 1255 498 1299 τὸν
522 1255 646 1298 ἄλλον
663 1257 719 1305 εἷς
742 1254 910 1297 θυσίαν.
980 1253 1048 1295 καὶ
1070 1249 1285 1308 ἀφώρισαν
1307 1250 1421 1307 παρὰ
1437 1251 1536 1304 μίαν
1556 1251 1594 1293 οἳ
1616 1262 1649 1297 Ε

121 1322 288 1370 Σκύθαι
307 1325 380 1368 τὸν
392 1324 589 1382 Ὀρέστην
601 1337 611 1348 ·
646 1324 718 1368 τὸν
737 1324 782 1366 δὲ
798 1319 1001 1377 Πυλάδην
1020 1320 1172 1378 ἤγαγον
1190 1319 1293 1375 πρὸς
1312 1321 1468 1362 θυσίαν
1486 1319 1600 1376 παρὰ

119 1394 195 1439 τὸν
220 1394 365 1449 βωμὸν
396 1398 470 1449 τῆς
495 1393 743 1450 Ἀρτέμιδος.
816 1393 884 1434 καὶ
910 1388 1172 1448 ἐπηρώτησεν
1195 1388 1321 1431 αῧτόν
1343 1387 1368 1444 ἦ
1389 1388 1599 1446 Ἰᾳιγένεια

121 1463 245 1514 ποιάς.
275 1462 326 1506 ἃν
356 1462 416 1519 εἴη
441 1461 594 1521 χώρας.
661 1460 751 1505 ὅδὲ
772 1459 874 1518 ἔφη,
915 1458 1074 1517 Χώρας
1092 1460 1167 1514 μὲν
1184 1456 1406 1511 Ἑλλάδος,
1443 1456 1600 1507 πόλεως

124 1533 170 1575 δὲ
202 1529 429 1588 Μυκήνης,
469 1530 490 1575 ὃ
516 1531 721 1587 δυστυχὴς
747 1528 925 1586 πάρειμι.
997 1527 1022 1585 ἡ
1057 1529 1103 1572 δὲ
1134 1525 1348 1570 ἀκούσασα
1369 1527 1444 1582 τὴν
1460 1525 1601 1583 χώραν
1626 1540 1660 1575 0
1687 1541 1752 1577 175

65 1602 193 1647 Ξοκαὶ
232 1601 306 1656 τὴν
347 1599 489 1654 πόλιν,
538 1600 644 1644 ἔνθα
677 1600 934 1654 ἐβασίλευσεν
964 1595 985 1641 ὅ
1018 1597 1146 1652 αὐτῆς
1174 1594 1334 1652 πατήρ,
1389 1593 1599 1652 ἐδάκρυσε.

122 1670 329 1725 νομίσασα
357 1670 403 1713 δὲ
437 1668 499 1713 ὅτι
528 1667 608 1712 ὕπὸ
634 1673 718 1713 τῶν
747 1666 961 1723 βουκόλων
991 1664 1295 1721 ἐδιδάχθησαν,
1332 1664 1434 1721 λέγει
1465 1664 1595 1724 αὐτῷ,

215 1814 249 1850 1.
272 1810 456 1858 λέγοντες]
480 1823 516 1847 v.
541 1809 622 1848 241.
642 1825 669 1847 s.
715 1810 795 1845 Vid.
820 1809 931 1844 Bentl.
955 1820 992 1855 p.
1008 1808 1066 1847 41.
1159 1810 1193 1846 3.
1218 1805 1389 1855 ἐπηρώτα
1413 1807 1492 1850 ch„
1516 1804 1597 1843 ἐπε-

216 1857 317 1904 ρῶτα
340 1860 411 1895 Ox.
525 1859 559 1894 5.
597 1857 750 1902 ἔσφαζε]
777 1855 910 1901 ἔσφαξε
935 1857 1003 1891 Ox.
1124 1857 1179 1891 11.
1217 1855 1258 1892 ἐν
1282 1855 1390 1903 ἁλίᾳ]
1413 1852 1540 1902 ἐναλίᾳ
1563 1866 1596 1889 v.

216 1907 300 1944 255.
391 1906 448 1943 13.
470 1905 596 1951 δρᾶμα
618 1905 705 1948 Ch.‚
729 1901 880 1951 δρᾶμμα
905 1903 972 1938 Ox.

123 2032 234 2068 niamz
259 2031 293 2067 0
315 2030 437 2077 virgo,
461 2029 668 2077 (inquiunt)
692 2031 940 2076 Agamemnone
962 2031 1000 2064 et
1021 2027 1296 2074 Clytaemnestra
1318 2028 1510 2075 prognata,
1533 2025 1597 2060 ad-

125 2083 207 2114 sunt
228 2078 297 2113 duo
320 2078 492 2120 Iuvenes,
525 2077 611 2112 mari
635 2077 783 2112 advecti.
831 2076 896 2111 lna
917 2087 1000 2111 vero
1025 2074 1070 2110 de
1091 2074 1247 2117 nomine,
1281 2075 1361 2119 qui,
1394 2073 1527 2119 quales,
1561 2075 1598 2106 et

125 2125 217 2160 unde
240 2128 371 2167 essent,
410 2123 648 2168 interrogavit.
681 2123 841 2167 USolebat
864 2122 951 2156 enim
974 2121 1156 2167 Iphigenia
1178 2121 1458 2166 comprehensos,
1494 2123 1530 2152 et
1553 2117 1598 2152 ad

126 2171 298 2206 sacrificia
320 2169 492 2205 ducendos
515 2170 687 2216 hospites,
711 2168 803 2215 prius
826 2180 925 2213 quum
949 2167 1071 2212 aliquis
1087 2171 1317 2210 mactaretur,
1342 2166 1385 2200 de
1404 2164 1520 2210 patria
1542 2164 1599 2197 in-

127 2221 330 2262 terrogare,
353 2227 475 2262 nempe
497 2216 527 2250 si
550 2216 598 2250 sic
623 2216 666 2250 de
689 2219 790 2262 patre
813 2226 874 2249 suo
897 2215 1165 2259 Agamemnone,
1188 2212 1343 2258 suisque,
1367 2217 1407 2245 ut
1429 2210 1530 2244 etiam
1554 2209 1599 2243 de
1647 2232 1656 2242 .

128 2263 287 2307 Trojtmo
321 2262 414 2298 bello
440 2261 523 2307 quid
557 2263 684 2296 factum
716 2265 822 2302 esset,
858 2260 1023 2295 edisceret
1047 2259 1186 2305 aliquid.
1233 2255 1464 2301 Interroganti
1486 2261 1599 2290 autem

128 2308 381 2355 respondebant
402 2308 562 2351 bubulci;
587 2308 720 2350 „Alter
743 2306 962 2350 (diceutes,)
985 2306 1130 2340 alterum
1153 2305 1312 2345 vocavit,
1338 2303 1520 2347 Pyladem:
1545 2313 1601 2335 so-

129 2355 177 2390 cii
199 2366 284 2389 vero
312 2355 386 2399 ejus
408 2365 529 2389 nomen
559 2354 753 2399 ignoramus
782 2364 848 2387 nec
869 2352 956 2387 enim
978 2352 1142 2386 indicavit
1163 2352 1246 2396 ipse.
1293 2349 1434 2383 Scilicet
1463 2347 1601 2392 (inquit

128 2399 340 2448 Iphigenia)
372 2400 456 2446 quid
478 2401 577 2435 vobis
608 2399 761 2434 bubulcis
783 2410 860 2433 cum
882 2398 968 2433 mari
997 2398 1135 2443 negotii
1156 2395 1373 2431 intercessit?
1417 2394 1491 2428 Nos
1516 2394 1602 2437 (re-

129 2447 366 2493 spondetunt)
391 2447 496 2482 boves
519 2447 601 2481 illuc
624 2445 840 2487 deduximus,
877 2444 927 2479 uti
950 2452 1031 2479 rore
1052 2443 1182 2478 marino
1207 2443 1465 2476 abluerentur.“
1511 2439 1602 2473 Tum

130 2503 215 2527 vero
235 2492 383 2538 Scythas
407 2492 569 2538 quosdam
593 2491 700 2527 mittit
721 2490 921 2536 Iphigenia,
945 2490 1003 2535 qui
1026 2490 1285 2535 comprehensos
1307 2487 1401 2526 illos,
1426 2485 1471 2520 ad
1493 2484 1602 2519 sacri-

130 2537 246 2572 ficium
269 2538 401 2573 vinctos
425 2538 609 2573 ducerent:
635 2537 686 2572 uti
708 2538 794 2571 haec
815 2536 1075 2583 sapientissimus
1098 2533 1281 2580 Euripides
1303 2532 1339 2567 in
1360 2532 1523 2566 Dramate
1539 2542 1601 2566 suo

130 2583 270 2630 poetice
292 2584 511 2630 conscripsit:
546 2584 637 2619 unde
660 2595 720 2618 nos
742 2594 852 2629 pauca
874 2583 941 2617 ista
964 2581 1211 2627 desumpsimus.

223 2628 359 2664 Vinctis
384 2636 495 2665 autem
519 2632 701 2673 ambobus,
746 2640 847 2664 unum
870 2640 985 2663 eorum
1008 2626 1189 2675 Iphigenia
1218 2623 1337 2670 seponi
1356 2621 1478 2668 jussit,
1516 2622 1603 2658 alte-

133 2684 209 2708 rum
229 2685 314 2709 vero
337 2675 381 2710 ad
407 2676 576 2711 sacrificia
598 2676 689 2711 duci.
737 2676 890 2720 Scythae
910 2674 1018 2720 igitur
1042 2675 1167 2708 Oreste
1188 2670 1324 2706 seorsim
1347 2669 1471 2715 posito,
1495 2669 1603 2713 Pyla-

131 2719 207 2754 dem
231 2719 275 2754 nd
297 2719 431 2755 Dianae
453 2723 566 2758 altare
589 2722 815 2757 deduxerunt.
863 2719 1094 2764 Interroganti
1117 2722 1228 2752 autem
1253 2715 1473 2760 Iphigeniae,
1506 2716 1602 2760 cujas

131 2765 248 2800 esset?
293 2766 494 2810 ‚.1nroelix‚
527 2769 663 2814 inquit,
688 2767 803 2814 patria
826 2767 983 2802 Graecus
1008 2776 1099 2806 sum,
1132 2764 1218 2797 urbe
1241 2761 1493 2806 Mycenensis.“
1539 2761 1604 2795 lna

132 2823 239 2853 vero,
274 2810 319 2845 ad
349 2811 498 2857 regionis
530 2814 712 2859 urbisque,
743 2814 803 2848 ubi
836 2818 938 2857 pater
972 2823 1049 2845 suus
1081 2808 1258 2854 regnavit,
1293 2819 1414 2843 nomen
1437 2806 1601 2849 auditum,

132 2857 404 2904 illachrymnvitx
440 2858 646 2895 Existimans
667 2864 802 2903 tamen,
826 2859 913 2893 haec
936 2868 1011 2892 eum
1035 2867 1056 2891 a
1078 2854 1233 2891 bubulcis
1255 2853 1431 2897 edoctum,
1454 2853 1602 2889 interro-
