1838 3230
586 169 1059 215 ANNOTATIONES.
1457 177 1553 226 641

201 281 311 325 Ibit}-
369 281 451 327 α’πό
466 285 717 339 Αφρανίου.]
749 285 833 327 Lib.
857 289 923 328 12.
950 281 1158 339 Λφρόνιος
1177 286 1249 326 iste
1270 287 1429 330 dicitur.

203 338 310 380 lbid.
369 341 443 390 ἕως
470 339 616 396 ὀγδόου
650 341 865 392 ἑξηκοστοῦ
891 346 1247 392 πεντακοσιοστοῦ,
1280 342 1357 397 ἀφ’
1382 340 1434 386 οὗ
1450 352 1526 385 etc.

59 416 61 419 ·
88 395 227 449 Annus
262 397 330 436 hic
357 397 627 449 desideratur-3
667 399 851 451 suspicor
874 398 1106 449 legendum,
1147 399 1219 448 ἕως
1249 396 1306 454 o'y.
1339 401 1419 454 ἕξη.
1447 418 1554 444 nav-c.

0 467 9 503 ρ
31 483 34 489 -
68 468 69 471 ’
91 452 204 503 ἔτους
218 451 320 494 κατὰ
346 452 441 502 τούς
459 451 613 503 αὐτούς
626 458 844 507 Αντιοχεῖς,
877 456 956 507 [uti
975 456 1095 506 vulgo
1113 456 1291 507 quuitur
1311 458 1462 498 Auctor
1482 473 1554 498 no-

0 504 25 558 ἴ,
89 509 214 560 πίθῃ]
246 505 326 561 oiip'
352 505 401 551 οὗ
420 507 631 562 ἐκωλύθη,
663 517 733 552 etc.
793 512 939 551 Incidit
962 511 1039 550 hoc
1064 513 1106 550 in
1126 513 1269 552 Justini
1288 514 1385 566 Imp.
1406 530 1553 556 annum

12 565 23 587 “”
86 578 152 616 111,
173 567 243 618 qui
267 573 351 606 erat
365 567 537 606 Indictio
559 581 661 616 xn¹3
692 568 748 606 ita
764 575 810 606 ut
831 583 852 605 a
873 574 1060 620 sequente
1078 568 1297 609 Indictione
1315 585 1401 620 xw,
1416 573 1552 624 Olym·

83 622 268 681 picorum
290 622 478 663 Inhibitio
505 624 582 662 ista
607 624 792 677 deinceps
819 625 951 664 locum
985 624 1188 665 habuerit:
1214 627 1274 665 uti
1307 627 1460 668 Auctor
1480 643 1552 667 su-

58 704 62 707 -
83 691 174 732 Pra-
195 737 300 789 Pog-
328 723 424 780 417.
456 740 484 779 7
514 766 524 776 .
552 734 652 777 κατοῖ
670 738 883 790 πρεσβείαν
904 739 1140 791 Εφραιμίου
1157 741 1233 780 τοῦ
1253 736 1547 793 Πατριάρχου.]

84 789 130 834 δὲ
157 792 378 845 particula,
411 799 480 832 aut
513 794 612 845 quid
642 794 720 832 tale
754 794 886 833 deesse
915 795 1084 836 videtur.
1146 797 1354 834 Caeterum
1373 797 1550 848 Ephrae-

82 848 210 897 mins,
237 849 333 888 licet
350 856 511 902 postea,
543 850 764 902 Euphrasio
782 851 907 890 ruinis
929 851 1261 891 Antiochensibus
1284 853 1448 904 obruto,
1474 855 1551 893 Pa-

13 910 16 914 ’
82 904 256 945 triarcha
276 912 432 945 creatus
454 907 595 956 fuerit,
634 906 767 946 adhuc
794 913 923 946 tamen
946 908 1180 948 Antiochiae
1202 910 1428 948 Praefectus
1453 916 1548 949 tan-

2 958 9 974 *
82 967 167 1002 tum
198 968 294 1002 erat.
351 964 489 1014 Itaque
515 963 674 1002 omnino
705 963 939 1016 legendum,
968 960 1215 1019 Εὕφρασίου
1243 969 1318 1007 τοῦ
1345 964 1550 1020 Πατριοὶρ·

80 1032 181 1070 χου;
217 1018 294 1058 nisi
322 1021 411 1071 quis
437 1020 644 1069 maluerit,
680 1021 944 1074 Εφραιμίου,
986 1022 1054 1063 καὶ
1080 1025 1157 1063 τοῦ
1188 1019 1443 1077 Πατριᾶρχου
1465 1028 1545 1064 Av-

0 1080 10 1089 “
81 1075 260 1128 τιοχείας.

192 1130 292 1185 Pag.
323 1131 419 1174 417.
453 1136 519 1176 20.
546 1130 591 1175 τὸ
605 1130 819 1188 λεγόμενον
837 1129 1101 1187 Δορῤάχιον.]
1134 1137 1217 1175 Scr.
1245 1130 1487 1188 Δυῤῥοὲχιον.

8 1225 10 1228 ,
191 1185 290 1241 Pag.
323 1190 420 1232 428.
451 1193 493 1233 3.
533 1187 623 1242 ἥτις
652 1187 796 1244 πρώην
820 1189 894 1244 μὲν
914 1190 1060 1245 ἐλέγετο
1081 1193 1352 1245 Επίδαυρος.]
1389 1192 1541 1242 Scribo,

78 1243 330 1297 Επίδαμνος.
386 1245 610 1299 Stephanus
627 1247 677 1286 de
697 1248 790 1288 Urb.
820 1244 1060 1301 Δυῤῥοὶχιον,
1086 1245 1199 1296 πόλις
1218 1246 1419 1300 Ιλλυρικὴ,
1442 1251 1543 1290 Enc-

81 1302 232 1354 δαμνος
257 1304 463 1354 κληθεῖσα.
519 1303 651 1343 Patria
685 1303 785 1342 haec
822 1310 906 1343 erat
932 1304 1127 1342 Anastasii
1159 1306 1260 1357 Imp.
1286 1305 1347 1343 uti
1372 1311 1541 1347 testatur

78 1357 296 1409 Ev⁸gri¹¹⁸s
323 1357 394 1397 lib·
409 1361 448 1402 3-
469 1373 554 1412 cap.
575 1363 641 1404 29.
702 1356 818 1408 οὗτος
835 1359 857 1402 ὁ
878 1357 1130 1409 Αναστοὶσιος
1153 1363 1324 1415 πατρίδα
1341 1359 1417 1413 τήν
1434 1365 1540 1402 Eni-

80 1415 235 1467 δαμνον
262 1412 381 1466 ἔχων.
420 1413 649 1470 Δυῤῥᾶχιον
681 1420 758 1458 νῦν
791 1413 1145 1472 προσαγορεύεται,
1178 1425 1252 1456 etc.
1311 1418 1539 1469 Epidaurus

79 1468 241 1522 quidem
265 1471 367 1510 Urbs
387 1480 464 1523 est,
494 1473 563 1512 sed
584 1473 671 1512 alia.
731 1475 787 1512 De
815 1473 925 1512 hisce
952 1487 1049 1512 vero
1082 1475 1291 1524 Cladibus,
1322 1475 1415 1513 vide
1433 1475 1538 1513 Eva-

77 1527 228 1578 grium,
264 1528 333 1567 lib.
362 1527 403 1570 4.
436 1543 522 1581 cap.
546 1531 584 1578 5,
615 1537 653 1568 et
683 1533 721 1573 8.
761 1530 1051 1583 Nicephorum,
1085 1531 1154 1571 lib.
1182 1535 1243 1573 17.
1271 1545 1357 1583 cap.
1377 1535 1414 1572 3.
1465 1531 1537 1569 Ce-

78 1583 244 1622 drenum
265 1585 404 1635 etiam,
436 1592 474 1624 et
493 1587 710 1637 Zonaram3
741 1587 847 1639 apud
872 1601 988 1638 quem
1012 1594 1164 1637 tamen,
1193 1601 1267 1640 pro
1285 1584 1535 1642 Ανᾶζαρβος,

76 1641 264 1680 mendose
286 1642 493 1693 scribitur,
522 1640 778 1696 Ανοῖβαρζος,
809 1643 893 1682 sive
911 1639 1137 1696 Λνοὲβαρζα.

187 1697 291 1750 Pag.
317 1697 412 1741 418.
443 1703 483 1742 9.
512 1695 674 1740 ’ὑδάτων
692 1700 977 1752 ποταμιαίων.]
1018 1700 1134 1738 Forte
1159 1699 1432 1750 scribendum,
1461 1716 1535 1742 πο-

75 1754 260 1806 ταμείων.

188 1808 290 1862 Pag.
321 1808 416 1853 418.
446 1813 510 1853 11.
540 1809 754 1866 αὔτανδροι
780 1808 857 1852 σῦν
876 1814 959 1860 τοῖς
989 1811 1115 1860 οἴκοις
1144 1807 1389 1864 ἀπώλοντο]
1419 1813 1531 1853 Nova

74 1867 191 1919 plane
213 1865 311 1904 haec
328 1867 541 1906 locutionis
560 1869 697 1910 forma.

185 1921 280 1975 Pag-
308 1923 404 1967 419.
434 1927 471 1965 3.
500 1922 575 1976 τήν
594 1923 637 1966 δὲ
656 1926 814 1965 Εδεσαν
840 1921 1131 1977 μετωνόμασεν,
1163 1921 1527 1977 Ιουστινούπολιν.]

73 1979 167 2018 Tam
189 1978 448 2030 Anazarbum,
471 1994 588 2032 quam
611 1982 792 2020 Edessam
810 1981 886 2020 hoc
905 1981 1060 2020 nomine
1079 1981 1304 2030 insignivit:
1335 1983 1527 2034 Evagrius

29 2030 31 2032 ¹
72 2035 139 2076 lib.
164 2034 204 2076 4.
229 2049 314 2088 cap.
335 2039 375 2080 8.
414 2034 714 2090 μετεκλήθησαν
736 2039 872 2079 τοίνυν
902 2036 984 2079 ὑπό
1009 2040 1082 2078 τοῦ
1108 2034 1234 2078 αὐτοῦ
1261 2040 1471 2080 Ιουστίνου
1497 2038 1529 2092 ἡ

77 2092 252 2144 Εδεσσα,
287 2093 356 2134 καὶ
388 2090 541 2135 τούτων
568 2094 730 2150 ἑκατέρα
759 2097 810 2150 τῇ
848 2090 972 2135 αὐτοῦ
1005 2094 1250 2150 προσηγορίᾳ
1284 2092 1526 2148 κατεκοσμή-

131 2161 219 2190 σαν.

70 2153 128 2202 θη
182 2204 285 2258 Pag.
315 2202 410 2249 419.
445 2211 482 2250 6.
522 2207 566 2249 ἒν
594 2207 690 2261 μηνὶ
720 2209 844 2264 Μαΐῳ
873 2207 1062 2257 ὑπατείας
1089 2207 1325 2261 Ολυβρίου.]
1366 2205 1526 2247 Accidit

69 2262 294 2302 tremendus
314 2263 388 2303 iste
416 2264 691 2304 Terraemotus
716 2265 858 2303 Justini
885 2265 983 2318 Imp.
1001 2279 1101 2304 anno
1133 2278 1205 2314 vn,
1236 2270 1274 2302 et
1302 2277 1432 2302 mense
1456 2263 1525 2303 de·-

73 2319 197 2368 cimo,
225 2319 267 2357 id
286 2326 368 2369 est,
396 2334 488 2361 vm.
514 2322 686 2375 ejusdem
709 2335 812 2360 anno
839 2328 1043 2371 currente3
1073 2335 1152 2373 quo
1183 2320 1435 2358 Consulatum
1455 2334 1523 2358 so—

70 2374 133 2413 lus
149 2375 264 2426 gessit
281 2375 491 2429 Olybrius;
522 2386 567 2418 ut
587 2393 637 2417 ex
655 2378 884 2417 Marcellino
904 2378 1102 2417 discimus.
1158 2378 1296 2428 Itaque
1316 2376 1425 2428 apud
1443 2376 1523 2414 Au-

73 2437 220 2469 ctorem
251 2439 451 2483 nostrum,
490 2441 584 2487 post
611 2437 665 2475 τῶ
693 2433 737 2476 δὲ
762 2431 919 2489 ἑβδόμῳ
948 2435 1023 2476 ἔτει
1048 2437 1119 2485 τῆς
1152 2432 1277 2472 αὐτοῦ
1308 2433 1521 2484 βασιλείας,

73 2486 318 2538 addendum,
346 2489 414 2530 καὶ
431 2490 528 2543 μηνὶ
548 2476 696 2545 <tenesmo
711 2507 724 2530 .-
751 2492 817 2530 Uti
835 2490 955 2530 habet
972 2490 1164 2541 Evagrius
1177 2519 1187 2536 ,
1217 2489 1287 2527 lib.
1308 2489 1346 2531 4.
1376 2502 1461 2540 cap.
1480 2489 1520 2531 5.

70 2541 318 2595 Nicephorus
335 2546 472 2596 etiam,
501 2547 570 2588 lib.
595 2552 658 2590 17.
690 2561 774 2600 cap.
794 2550 833 2591 3.
891 2548 1065 2585 Justinus
1098 2545 1201 2583 enim
1219 2545 1436 2596 Imperator
1455 2558 1519 2583 re-

72 2599 280 2638 nunciatus
302 2608 357 2639 est
376 2602 466 2640 Julii
485 2603 547 2643 die
566 2619 622 2654 1x,
653 2604 776 2642 Aerae
805 2603 1072 2643 Antiochenae
1101 2602 1190 2639 anni
1213 2615 1351 2650 nhxvr,
1381 2601 1424 2639 id
1446 2606 1519 2650 est,

72 2655 163 2694 anni
197 2655 343 2695 Christi
360 2659 533 2709 vulgaris
549 2674 702 2700 vam:
733 2660 908 2699 decimus
927 2666 1056 2698 autem
1075 2659 1236 2704 mensis,
1267 2663 1360 2709 post
1383 2657 1520 2709 exple-

67 2718 155 2751 tum
192 2712 335 2751 Justini
374 2728 518 2754 aunum
545 2730 626 2766 vn,
669 2723 751 2755 erat
775 2717 920 2767 Maius,
969 2715 1092 2753 Acrae
1123 2713 1392 2752 Antiochenae
1428 2713 1518 2751 anni

67 2782 240 2817 nzmv,
271 2769 363 2808 anni
380 2769 524 2812 Christi
551 2774 725 2826 vulgaris
751 2787 891 2821 nxxvx,
922 2785 1000 2823 quo
1030 2785 1131 2810 anno
1159 2771 1348 2822 Olybrius
1371 2771 1518 2809 Consu-

66 2824 191 2865 latum
207 2826 315 2865 solus
335 2827 460 2878 gessit.

122 2887 266 2923 Ioannes
294 2888 457 2923 Matutae.
1191 2882 1241 2926 41
