1838 3230
320 225 420 253 nxvt
820 211 1274 259 PROLEGOMENA.

305 330 345 368 in
372 329 634 371 testimonium
659 329 877 380 adducere,
916 343 1006 370 cum
1031 329 1163 383 Opera
1191 338 1321 370 tamen
1343 332 1504 372 illorum
1532 347 1619 374 eum
1637 337 1763 377 oeulis

305 401 386 439 suis
410 413 611 452 nunquam
636 398 905 450 conspexisse,
934 404 971 437 et
1000 410 1049 437 ne
1078 398 1236 450 quidem
1267 398 1443 453 linguam
1465 402 1627 442 illorum
1645 404 1762 445 intel—

304 468 468 517 lexisse,
506 468 557 506 sit
587 466 860 506 certissimum.
927 465 1046 515 Quod
1077 466 1202 506 bonos
1231 468 1322 507 illos
1343 475 1381 508 et
1399 483 1538 520 graves
1559 472 1764 513 Romano-

304 548 392 574 rum
411 535 634 587 Scriptores
660 548 741 572 non
770 534 950 584 legisset,
980 535 1222 586 apertissime
1251 538 1492 576 convincunt
1515 540 1657 592 supina
1677 540 1761 594 ejus

302 603 565 641 Romanarum
590 615 723 640 rerum
745 601 986 653 ignorantia,
1016 607 1056 639 et
1089 615 1243 642 errores
1273 604 1484 656 plusquam
1518 605 1652 646 aniles.
1694 607 1762 647 ‘Ut

299 669 448 709 stabuli
463 669 545 721 ejus
561 670 684 709 multa
702 669 777 708 alia
811 679 980 709 stercora
1003 670 1272 722 relinquamus
1295 673 1462 723 intacta,
1490 687 1540 712 ne
1556 674 1761 715 Lectorem

301 736 524 775 offendant:
565 751 683 789 quam
718 751 838 776 suave
868 743 927 776 est
955 737 1065 776 istud
1092 737 1200 789 quod
1225 738 1273 776 de
1306 736 1487 779 Cicerone
1517 747 1557 780 et
1588 742 1760 782 salustio

298 804 408 855 ipso,
449 818 564 856 quem
591 805 683 843 alibi
714 806 832 854 citat,
871 805 1076 844 memoriae
1102 806 1243 855 tradit,
1282 806 1404 845 fuisse
1434 807 1526 846 illos
1551 807 1759 850 Romanos

302 872 465 911 Poetas!
492 871 615 912 Hisce
643 872 876 926 temporibus
891 874 1108 926 floruerunt
1139 871 1270 912 Cicero
1298 883 1333 911 et
1353 872 1568 928 Salustius,
1596 877 1758 930 sapien-

296 939 437 977 tissimi
453 938 721 978 Romanorum
750 940 902 980 Poetae.
963 940 1088 987 Quam
1120 941 1294 992 lepidum
1313 948 1373 979 est
1389 942 1491 980 illud
1507 944 1616 994 quod
1635 943 1757 985 habet

294 1005 343 1043 de
370 1006 473 1044 Julio
497 1007 683 1055 Caesare,
725 1020 813 1046 eum
843 1007 1040 1061 Magnum
1070 1009 1290 1059 Pompeium
1318 1009 1358 1046 in
1375 1008 1556 1063 Aegypto
1581 1026 1755 1066 compre-

293 1070 469 1110 hendisse
493 1082 529 1110 et
556 1074 790 1129 interfecisse
801 1075 818 1114 .'
847 1082 885 1114 et
912 1076 1055 1114 iterum
1083 1075 1186 1113 illud
1213 1076 1319 1126 quod
1345 1075 1393 1114 de
1419 1077 1625 1117 duratione
1647 1079 1755 1118 illius

291 1140 448 1191 imperii
473 1141 636 1193 ineptit3
674 1143 881 1194 imperium
909 1143 1129 1180 Romanum
1168 1143 1280 1181 illum
1316 1144 1589 1198 tenuisse'per
1631 1160 1755 1186 annos

292 1208 416 1244 xvm!
447 1207 585 1255 ‘Quam
615 1210 716 1247 illud
745 1210 979 1258 ridiculum,
1012 1210 1116 1261 quod
1140 1208 1259 1248 habet
1283 1210 1332 1248 de
1350 1210 1411 1250 M.
1433 1211 1634 1263 Antonio,
1665 1223 1754 1253 eum

291 1274 452 1313 missum
472 1276 593 1316 fuisse
613 1292 632 1315 a
654 1279 799 1316 Senatu
814 1279 993 1316 Romano
1020 1283 1159 1314 contra
1179 1277 1426 1327 Cleopatram
1448 1279 1617 1332 Aegypti
1636 1281 1754 1332 Regi-

289 1355 400 1392 nam,
431 1349 469 1381 et
500 1343 543 1382 in
571 1346 794 1397 Aegyptum
808 1337 1136 1395 descendentem,
1166 1341 1465 1384 Alexandriam
1494 1347 1628 1386 urbem
1647 1348 1752 1387 obsi-

290 1410 406 1449 dione
434 1411 623 1453 cinxisse!
657 1413 783 1460 Quam
816 1413 1054 1460 absurdum,
1085 1411 1192 1464 quod
1224 1410 1343 1449 habet
1362 1411 1412 1450 de
1433 1411 1629 1463 Lucullo,
1660 1427 1750 1453 eum

289 1479 451 1517 missum
470 1479 589 1519 fuisse
608 1480 795 1519 adversus
821 1482 1025 1534 Tigranem
1047 1481 1094 1519 ab
1110 1480 1292 1532 Augusto
1319 1478 1506 1520 Caesare!
1535 1480 1662 1528 Quam
1682 1481 1751 1521 de-

287 1545 407 1597 nique
429 1547 532 1599 sapit
555 1548 757 1586 Lectorem
773 1548 1062 1600 praedictorum
1077 1547 1322 1598 Scriptorum
1342 1548 1619 1599 Romanorum,
1641 1550 1751 1601 quod

286 1613 424 1651 scribit
451 1614 499 1652 de
523 1612 690 1653 Claudio
716 1616 899 1666 Caesare,
930 1629 1018 1655 eum
1047 1614 1185 1654 Urbem
1208 1614 1475 1663 Bauzanum,
1505 1630 1584 1654 non
1605 1615 1752 1670 procul

288 1680 339 1719 ab
365 1680 520 1720 Oceano
541 1680 788 1722 condidisse!
826 1684 890 1721 Sic
924 1684 964 1721 in
996 1682 1125 1722 urbem
1155 1679 1214 1735 (si
1240 1682 1400 1732 Superis
1430 1682 1580 1733 placet)
1611 1689 1746 1722 nostro

290 1745 481 1788 Graeculo
510 1749 605 1788 abiit
637 1764 776 1801 magna
806 1757 939 1789 nostra
966 1749 1197 1800 Britannia,
1228 1748 1336 1801 apud
1365 1762 1499 1788 omnes
1524 1749 1746 1802 Scriptores

283 1812 489 1854 Romanos
513 1817 734 1856 Insularum
762 1818 1087 1864 celebratissima3
1115 1817 1337 1868 ignorantia
1354 1816 1588 1855 Hominibus
1609 1815 1744 1856 Orien·

283 1880 447 1931 talibus,
477 1890 515 1921 et
540 1883 619 1921 illis
645 1886 789 1935 quibus
809 1887 965 1938 penitus
987 1886 1110 1936 ignoti
1132 1893 1224 1924 sunt
1246 1884 1442 1925 Hister-ici
1458 1884 1618 1934 Latini,
1651 1898 1742 1937 pro·-

281 1949 369 1999 pria
394 1956 434 1987 et
458 1951 667 2001 peculiari.
725 1954 783 1991 lta
812 1968 904 1993 sane
923 1952 1061 1992 Rabbi
1076 1953 1332 1992 Abrahamus
1351 1952 1524 2000 Zacuth,
1555 1950 1741 1991 Salman-

280 2015 456 2065 ticensis,
486 2016 529 2054 in
549 2019 649 2057 libro
680 2018 889 2071 Juclzasin,
917 2021 999 2060 sive
1021 2019 1361 2073 Genealogiarum,
1392 2020 1441 2057 de
1462 2017 1640 2071 Angliae
1663 2034 1740 2058 ex-

281 2084 471 2121 tructione
494 2087 727 2124 mentionem
756 2088 862 2128 facit.
918 2089 1020 2126 Eum
1047 2088 1209 2126 adducit
1234 2085 1371 2125 Rabbi
1392 2083 1564 2124 Ganzius
1579 2085 1622 2123 in
1642 2084 1739 2125 Ger-

281 2151 398 2189 minis
424 2151 615 2201 Danielis,
644 2153 728 2192 sive
758 2152 1059 2207 Chronologiae‚
1086 2161 1197 2206 parte
1223 2152 1394 2191 secunda
1414 2151 1465 2190 ad
1487 2166 1632 2191 annum
1650 2153 1738 2192 Mil-

295 2218 418 2257 enarii
449 2220 556 2258 tertii
591 2223 684 2264 830.
742 2221 793 2260 Et
821 2223 976 2275 scripsit
1004 2221 1191 2260 Juchasin
1216 2236 1308 2274 pag.
1345 2223 1435 2263 136.
1467 2219 1542 2259 hoc
1570 2230 1737 2273 tempore

280 2294 499 2326 extructam
523 2302 600 2326 esse
621 2287 865 2338 Ausoniam,
895 2286 1098 2336 Paduam,
1129 2299 1163 2328 et
1184 2286 1390 2342 Angliam.
1450 2287 1508 2325 Ita
1533 2285 1673 2326 Urbem
1689 2285 1736 2337 1)

325 2440 366 2484 1)
391 2441 592 2488 Epigraphe
608 2442 781 2478 literarum
801 2443 971 2478 Hebraice
993 2443 1279 2489 conscriptarum,
1301 2442 1337 2476 in
1360 2442 1448 2476 hanc
1471 2439 1672 2475 sententiam
1694 2451 1734 2475 se

370 2497 488 2532 habuit
510 2498 697 2546 interprete
720 2500 856 2534 doctiss.
882 2501 970 2535 Edv.
994 2502 1192 2535 Bernardo:
1223 2500 1329 2534 Recte
1349 2498 1532 2543 perveniat
1554 2496 1622 2532 σύν
1652 2497 1733 2543 Θεῷ

369 2555 431 2588 hoc
453 2557 615 2600 scriptum
647 2558 684 2591 in
715 2559 880 2602 Aug-liam
908 2559 1023 2592 urbem
1055 2563 1091 2592 et
1112 2558 1160 2591 ad
1181 2567 1399 2602 synagogam
1423 2555 1579 2599 filiorum
1611 2554 1732 2597 Israel,

369 2613 622 2648 Samaritarum
652 2614 729 2659 (sic
752 2615 876 2660 Anglos
907 2626 986 2650 esse
1008 2614 1272 2658 existimarunt.)
1303 2624 1385 2658 quos
1415 2616 1588 2646 conservet
1611 2611 1731 2645 Domi-

367 2678 442 2702 nus.
490 2669 539 2703 Et
562 2671 707 2706 Arabice
729 2671 796 2706 alia
819 2671 1028 2717 Epigraphe.
1075 2671 1253 2704 Tradetur
1283 2670 1416 2704 domino
1447 2669 1594 2702 Roberto
1630 2668 1732 2701 Hun-

367 2727 543 2771 tfflgtono,
567 2729 769 2773 Europaeo,
791 2740 867 2763 cum
889 2740 992 2769 cura,
1014 2727 1072 2771 qui
1092 2728 1297 2761 tradendum
1320 2731 1414 2761 curet
1438 2727 1652 2772 synagogae
1669 2726 1732 2760 Fa·-

349 2782 487 2816 iliorum
509 2786 638 2827 Israel,
677 2786 949 2829 Samaritarum,
985 2785 1044 2828 qui
1065 2784 1224 2819 habitant
1246 2785 1282 2819 in
1304 2785 1385 2819 urbe
1407 2784 1576 2829 England
1597 2783 1634 2816 in
1655 2782 1730 2815 Eu-

365 2854 469 2887 ropae
491 2842 643 2888 regione.
