1838 3230
316 173 415 223 588
817 169 1284 216 ANNOTATIONES.

315 286 489 337 Byzum‚
517 291 587 325 aut
610 285 775 336 Byzem,
805 284 1054 324 conditorem
1073 284 1224 325 habuit.
1279 285 1381 327 vide
1408 284 1612 340 Scaliger
1598 302 1643 329 111
1668 290 1754 333 Eu-

318 342 397 381 seb.
416 341 607 393 eh1on.p
612 341 706 383 ..75

426 396 529 449 Pag.
558 400 654 438 292.
683 399 722 436 3.
764 409 860 448 οπερ
883 394 927 436 ἓν
947 394 1050 451 μὲσω
1079 395 1234 448 ἵστατο]
1265 372 1389 437 Locus
1414 398 1490 439 iste
1511 378 1756 440 mendosissi

316 466 403 491 mus
422 452 590 491 habetur
611 451 718 502 apud
739 450 829 488 Chr.
848 450 959 490 Alex.
1015 452 1093 491 Sed
1113 466 1183 491 nec
1202 453 1298 492 adeo
1325 467 1465 525 usque?
1469 467 1623 508 quaque
1638 469 1756 497 sanus

315 508 359 546 in
385 514 520 547 nostro
547 513 731 558 apparet:
775 507 907 558 itaque
925 508 1193 559 reponendum
1218 522 1376 559 censeo,
1417 505 1537 564 οὗπερ
1566 511 1609 552 ἐν
1637 511 1758 567 μάσω,

317 570 392 660 gtc.
448 565 499 603 Et
518 562 681 612 deinde,
711 575 785 614 pro
817 562 1041 615 προσέθηκε
1059 561 1101 605 τὸ
1121 564 1321 617 δημόσιον,
1348 566 1437 616 lego
1455 565 1680 621 προσέθηκε
1699 570 1756 624 τῷ

342 620 507 674 ημοσίῳ.

425 661 522 727 Pag.
554 675 650 716 292
680 676 719 715 6
747 673 915 740 πλησίον
930 676 1009 714 τῶν
1026 671 1154 715 όντων
1171 674 1256 716 ἐκεῖ
1269 671 1344 717 δύο
1365 676 1502 728 ἱερῶν]
1535 676 1625 720 chr.
1641 676 1755 717 Alex.

316 744 390 782 pro
406 729 468 768 his
481 703 626 778 ξ11111101,
654 728 721 769 καὶ
751 724 841 770 civ-ci.
856 731 936 770 τῶν
955 728 1084 771 ἄλλων
1101 727 1173 771 δύο
1192 731 1329 785 ἱερῶν·
1357 732 1432 784 leg.
1452 732 1658 774 κατέναντι
1675 735 1756 775 τῶν

318 783 447 827 ἄλλων
467 787 502 825 δ.
523 785 550 825 ί.

432 844 524 894 Peg.
553 842 648 882 293.
673 843 712 882 2.
757 840 928 894 Νίγερτα
952 839 1134 893 βασιλέα]
1165 841 1270 881 Infra
1294 843 1410 882 etiam
1429 844 1621 899 Νίγερτον
1635 844 1757 886 habet

317 897 484 936 barbare
501 897 612 935 satis:
643 895 1025 950 scribend.1vtyepa,
1057 903 1226 938 accusat.
1246 912 1269 935 a
1287 900 1421 952 Νίγερ,
1441 902 1621 953 Νίγερος»
1638 895 1760 952 ‘lussm'

318 953 500 993 vocabuli
516 952 634 1003 hujus
651 952 919 990 formationem
939 966 1034 1001 esse,
1064 966 1113 991 ex
1137 954 1384 1004 sequentibus
1402 962 1577 1020 apparet.

429 1005 529 1060 Pag.
560 1011 656 1073 29.8
686 1010 727 1048 4.
756 1007 822 1048 καὶ
846 1005 1101 1058 φωσατεύσας
1119 1007 1184 1060 *)]
1217 1006 1469 1060 φοσσατεύω,
1497 1017 1537 1050 01
1559 1011 1664 1063 apud
1686 1026 1756 1050 no-

319 1070 442 1103 strum
471 1060 672 1115 φοσσεύω,
709 1062 833 1101 Fossa
850 1065 1004 1113 munio,
1031 1064 1095 1102 vel
1121 1064 1323 1103 obsidione
1348 1066 1481 1116 cingo:
1526 1065 1757 1116 φοσσατεύω

317 1121 548 1172 plerumque
566 1119 750 1157 scribitur
772 1131 861 1158 cum
879 1119 1029 1171 duplici
1049 1115 1095 1159 σ’.
1126 1126 1170 1158 111
1188 1127 1228 1160 01
1249 1119 1471 1172 φοσσᾶτον,
1503 1121 1640 1162 Castra
1659 1120 1758 1177 fos-

317 1190 363 1214 sa
383 1177 544 1224 munita,
572 1175 776 1214 exercitus.

426 1230 524 1283 Pag
552 1234 646 1272 293.
678 1233 718 1272 7.
762 1229 805 1270 ἓν
831 1231 1000 1281 Θηβαΐδι
1028 1233 1100 1281 τῆς
1126 1227 1351 1284 Αἰγύπτου]
1380 1232 1520 1283 Niger,
1549 1233 1610 1271 uti
1637 1233 1758 1272 tradit

316 1288 498 1335 Zonaras,
521 1286 626 1337 apud
644 1286 768 1323 Issum
790 1285 968 1332 Ciliciae;
997 1292 1042 1323 ut
1058 1287 1270 1338 Eutropius
1291 1301 1402 1336 vero,
1433 1287 1540 1339 apud
1557 1289 1758 1340 Cyzicum,

316 1342 566 1394 Propontidis
583 1342 738 1388 urbem,
768 1355 791 1378 a
815 1343 958 1379 Severo
978 1341 1205 1379 interfectus
1223 1349 1291 1383 est.
1348 1343 1565 1394 Eutropius
1583 1344 1626 1382 111
1641 1346 1758 1387 Seve-

315 1411 381 1436 ro:
426 1398 673 1437 Pescennium
698 1395 884 1448 Nigrum,
923 1396 991 1450 qui
1019 1397 1060 1434 in
1088 1396 1269 1450 Aegypto
1296 1407 1331 1436 et
1356 1396 1471 1450 Syria
1496 1397 1757 1448 rebellaverat,

316 1452 425 1505 apud
445 1452 624 1504 Cyzicum
648 1451 854 1506 interfecit.

425 1508 520 1560 Pag
548 1510 851 1550 293.11.1013
869 1510 995 1574 κυροῦ
1015 1507 1206 1561 Νίγερος]
1235 1523 1383 1560 κυρου,
1411 1522 1486 1560 pro
1507 1508 1667 1562 κυρίου·
1711 1515 1756 1547 ut

313 1565 434 1616 paulo
458 1570 566 1615 post,
598 1560 731 1614 κύρις,
760 1576 834 1614 pro
856 1578 1013 1616 κυριος,·
1040 1565 1304 1603 recentiorum
1326 1564 1565 1603 Graecorum
1580 1564 1756 1605 scriben-

316 1619 358 1658 di
376 1621 501 1659 forma
525 1618 788 1657 usitatissima.

426 1675 528 1726 Pag.
559 1679 652 1717 294
684 1677 747 1716 16.
776 1670 946 1724 κληδόνα
962 1672 1036 1727 γὰρ
1057 1674 1169 1726 νίκης
1191 1673 1340 1715 ἔδωκαν
1360 1689 1476 1730 αυτω.
1488 1674 1503 1725 ]
1533 1671 1704 1726 κληδων.
1734 1689 1757 1713 a

316 1732 478 1782 κληίζω·
513 1729 650 1779 Omen,
676 1730 906 1780 generaliter
927 1729 1132 1779 significat:
1161 1736 1207 1768 ut
1225 1715 1449 1781 plurimum
1461 1737 1603 1779 tamen,
1637 1728 1758 1769 Omen

304 1786 503 1842 faustum.
561 1786 703 1836 Glycas
720 1798 816 1823 vero
836 1798 885 1823 ex
903 1786 1068 1823 aliorum
1088 1785 1334 1836 quorundam
1359 1786 1574 1835 sententia,
1618 1782 1757 1824 Genio-

319 1858 402 1880 rum
425 1857 493 1894 per
508 1842 798 1880 ean-cantationes
825 1850 947 1879 certas
977 1842 1242 1880 attractionem
1255 1873 1266 1890 ‚
1297 1851 1331 1879 et
1350 1857 1368 1879 e
1386 1839 1543 1879 sublimi
1559 1838 1757 1878 deductio-

320 1912 417 1946 nem,
446 1910 585 1935 sonare
605 1897 714 1934 vult:
744 1896 883 1934 Annal.
902 1910 986 1947 par.
1007 1897 1056 1934 ΙΙ.
1075 1911 1114 1948 p.
1127 1900 1218 1937 273.
1240 1903 1357 1947 atque
1375 1896 1454 1933 1100
1474 1908 1601 1944 sensu,
1633 1909 1652 1932 a
1670 1908 1756 1932 ver-

319 1951 371 1988 bo
390 1955 468 1991 κλῶ
481 1982 491 2000 ,
526 1951 630 2001 quod
652 1952 754 1990 idem
784 1953 835 1990 sit
857 1965 945 1990 cum
965 1951 1107 2001 καλέω,
1137 1951 1454 2002 significationem
1479 1950 1669 1991 evocandi
1687 1949 1756 1988 ha-

319 2007 454 2054 bente,
484 2007 692 2045 deductum
709 2008 851 2046 volunt
867 2007 1115 2046 vocabulum.

429 2061 524 2114 Pag·
554 2062 647 2104 295·
675 2062 716 2104 4.
749 2063 804 2110 εἰς
821 2061 864 2103 ‘co'
883 2062 1146 2116 Βαρβαρικόν]
1176 2062 1397 2101 Novissime
1420 2062 1524 2101 bello
1545 2061 1586 2099 in
1604 2060 1757 2098 Britan-

318 2117 382 2156 nia
399 2125 532 2156 nostra
551 2124 748 2168 suscepto,
777 2119 943 2156 Eboraci
961 2126 1138 2157 mortuus
1161 2124 1217 2156 est
1226 2120 1408 2156 Severus·
1437 2123 1533 2155 teste
1549 2116 1755 2166 Eutropio.

431 2175 522 2224 Pag
554 2173 646 2214 295.
678 2176 718 2212 6.
760 2173 1006 2225 ἐβασίλευσεν
1024 2178 1250 2236 Αντωνῖνος
1273 2173 1409 2222 Γέτας]
1441 2171 1658 2209 Antoninus
1684 2171 1756 2207 Ca-

315 2228 480 2267 racallas
503 2234 543 2265 et
563 2228 685 2264 frater
705 2229 819 2291 Getaz
844 2228 952 2266 haud
973 2230 1086 2280 longe
1108 2236 1199 2281 post
1218 2229 1425 2279 imperium
1444 2232 1679 2277 susceptum,
1709 2238 1755 2262 ac

318 2284 466 2322 fi··atre
455 2297 497 2321 m
523 2283 608 2334 ipso
627 2283 760 2321 matris
789 2284 877 2321 sinu
898 2285 1046 2334 occiso,
1085 2284 1304 2324 Antoninus
1329 2282 1550 2320 Caracallus
1578 2280 1754 2318 domina-

320 2339 467 2377 tionem
489 2339 563 2376 sibi
590 2338 710 2376 solam
729 2339 907 2389 arripuit.

432 2392 533 2444 Pag·
562 2394 656 2437 295.
687 2396 752 2435 10.
794 2390 851 2432 ὦν
879 2393 1069 2434 ἔνιαυτων
1096 2389 1168 2435 νοί.
1178 2394 1194 2446 ]
1223 2393 1414 2432 Maximus
1441 2390 1539 2428 1110
1527 2405 1569 2428 111
1589 2403 1755 2428 numero

321 2462 452 2488 error:
489 2450 589 2486 sorte
609 2449 756 2487 Auctor
785 2449 1002 2499 scripserit,
1032 2449 1221 2489 ἐνιαυτῶν
1240 2445 1312 2488 κα’.
1342 2448 1398 2485 sic
1419 2447 1520 2484 enim
1539 2460 1635 2485 vero
1655 2459 1755 2497 pro-

319 2505 412 2556 pius
442 2503 666 2544 accederet.
710 2518 828 2543 annos
855 2504 957 2541 enim
980 2517 1084 2544 xxu.
1114 2511 1264 2543 tantum
1295 2516 1523 2554 mensesque
1542 2516 1597 2541 1x.
1624 2507 1756 2548 natus,

323 2561 422 2599 Geta
443 2559 596 2597 occisus
616 2567 692 2610 est,
721 2566 820 2598 teste
839 2560 1001 2600 Zonara.

436 2614 538 2665 Pag-
559 2616 653 2657 295
678 2590 741 2658 15.
770 2611 921 2669 ἐσφαγη
941 2613 984 2655 δὲ
1002 2613 1044 2654 ἐν
1061 2617 1116 2669 τῷ
1131 2614 1325 2669 παλατίῳ]
1355 2613 1461 2652 Ν11111
1481 2613 1621 2661 minus,
1636 2610 1755 2648 Edes-

326 2684 367 2707 sa
389 2670 489 2708 enim
507 2670 655 2721 symae,
686 2672 824 2711 Carras
843 2670 1114 2724 proficiscens,
1146 2684 1168 2708 a
1186 2655 1309 2710 milit‘e
1330 2670 1519 2722 quodam,
1549 2682 1570 2706 a
1590 2665 1755 2706 tribunis

370 2791 414 2834 ⁴¹)
455 2791 514 2826 Sic
537 2791 592 2826 ed.
616 2791 682 2826 Ox.
