1838 3230
588 150 1061 199 ANNOTATIONES.
1449 153 1554 204 589.

102 273 144 312 in
163 271 206 312 id
225 271 367 324 ηιίοσο,
396 283 487 312 eum
503 267 652 310 ventris
681 266 922 307 exonerandi
940 279 1057 307 causa
1079 280 1205 321 equo,
1234 272 1282 308 ut
1306 266 1466 320 quidam
1482 280 1552 309 vo-

103 329 205 380 lunt,
232 327 511 377 descendisset,
539 326 692 365 occisus
716 331 789 364 est.

218 386 313 438 Pog.
331 383 427 428 295.
448 387 513 426 16.
543 396 601 423 ων
616 380 810 422 ἐνιαυτῶν
833 376 912 433 μζ]
945 379 1291 422 Aliin111.annos
1310 392 1344 418 el
1360 380 1554 431 tribuunt

93 434 197 481 ‘clm
217 440 316 480 Alex
332 454 399 480 Lx.
426 439 499 479 Dio
513 444 660 486 tamen,
690 438 764 489 qui
781 437 921 476 eodem
940 443 1117 489 ternpore
1141 436 1265 488 vixit,
1295 442 1335 475 et
1353 442 1445 489 post
1467 450 1555 476 eum

101 498 298 547 Zonaras,
324 509 440 536 xxix.
457 500 610 534 tantum
630 495 742 532 annis
764 506 853 532 eum
869 493 1015 531 vixisse
1035 493 1214 536 tradunt.

215 552 441 606 Poeg·295·
473 554 540 594 17.
587 550 812 602 ἐβασίλευσε
833 547 1069 602 Βαλεριανός
1092 550 1157 601 ἔτη
1182 545 1226 595 ς’.
1236 547 1254 600 ]
1285 548 1420 599 Miror,
1451 548 1558 587 unde

104 614 168 648 tot
181 609 442 662 Imperatores
460 606 625 647 Auctori
643 613 779 645 nostro
798 606 1054 645 excidissent!
1085 605 1132 643 ab
1151 605 1348 644 Antonino
1366 605 1468 644 enim
1486 606 1558 643 Ga-

103 666 271 719 ncalla,
298 677 424 716 usque
442 663 494 702 ad
511 662 762 702 Valerianum
785 662 884 714 Imp.
904 662 969 700 alii
988 675 1075 700 vm.
1105 662 1307 700 minimum
1327 662 1559 701 intercesse-

102 726 212 762 runt.
269 720 388 769 Quod
408 726 538 760 autem
557 720 809 758 Valerianum
832 732 894 757 an.
915 732 971 757 v1.
1002 718 1224 757 Gallienum
1247 731 1342 757 vero
1365 718 1448 770 ejus
1469 731 1559 756 suc-

105 781 314 828 cessorem,
340 790 402 815 an.
420 790 506 816 x1v.
522 787 696 826 regnam
708 776 806 813 facit
827 775 991 822 Auctor,
1020 774 1239 813 notandum
1264 781 1324 814 est
1345 788 1465 813 annos
1484 774 1558 813 hos

102 846 184 872 non
211 834 417 886 separatim
443 832 733 884 computandos
759 845 855 870 esse.
912 831 1146 869 Valerianus
1175 831 1295 880 enim,
1340 831 1560 870 Gallienum

103 889 229 928 filium
245 890 434 940 collegam
455 888 624 934 habens,
655 902 675 926 a
696 888 825 926 Persis
846 887 1028 939 captivus
1049 900 1105 926 vr.
1124 887 1284 939 Imperii
1304 901 1406 926 anno
1431 887 1557 926 abdu-

104 950 190 984 ctus
208 953 286 994 est3
317 946 492 984 Gallieno
508 945 665 983 interim
685 958 830 982 annum
849 957 934 993 mv,
963 943 1046 983 sive
1065 951 1110 982 ut
1129 944 1207 993 alii,
1222 956 1298 993 xv,
1328 944 1525 997 explente.

220 1005 315 1055 Pag.
341 1001 438 1044 295.
467 1004 534 1044 20
576 998 764 1052 σκνιφος]
794 1000 847 1040 ἴσ.
866 996 1040 1048 σκνιπὸς.

216 1057 318 1111 Pag.
347 1061 444 1101 296.
473 1061 511 1100 3.
550 1058 754 1111 προδίδειν
775 1052 882 1112 αὐτῷ
908 1051 1165 1109 Λντιόχειαν]
1195 1056 1279 1094 Scr.
1307 1051 1558 1110 προδιδόναι,

106 1113 190 1154 sive
218 1114 455 1167 προδουναι.

219 1172 314 1222 Pag-
344 1173 438 1212 296.
463 1169 502 1213 5.
534 1166 602 1210 διὰ
619 1172 692 1210 τοῦ
712 1170 867 1222 λιμιτοῦ
883 1167 1099 1219 Χαλκίδος]
1132 1167 1287 1207 Chalcis
1309 1169 1446 1220 Syriae
1463 1167 1560 1207 uibs

106 1231 179 1276 est,
207 1239 230 1264 a
247 1225 404 1265 Monico
425 1225 556 1266 Arabe
574 1226 752 1276 condita,
780 1231 878 1263 teste
903 1224 1125 1277 Stephano,
1153 1225 1195 1263 in
1217 1227 1386 1272 Χαλκίς·
1427 1221 1562 1279 τετάρ-

106 1298 178 1335 τη,
207 1278 324 1330 πόλις
344 1283 388 1324 ἐν
404 1283 553 1338 Συρία,
580 1286 788 1322 κτισθεῖσα
803 1278 883 1322 ind
906 1284 1098 1322 Μονικοῦ
1117 1284 1192 1322 τοῦ
1215 1282 1388 1335 Αραβος.
1430 1281 1561 1333 Hujus

108 1340 226 1378 eiiam
241 1339 416 1377 meminit
434 1339 664 1390 Procopius,
693 1337 743 1376 de
756 1338 897 1378 Justin.
914 1337 1040 1379 Aedif.
1059 1338 1085 1377 l.
1106 1342 1148 1381 2.
1167 1338 1271 1377 inter
1290 1337 1424 1390 Syriae
1441 1338 1562 1377 urbes

109 1408 130 1433 a
148 1394 366 1434 Justiniano
391 1395 627 1433 instauratas
652 1395 767 1433 etiam
796 1393 901 1432 hanc
921 1407 1174 1433 enumerans:
1219 1395 1310 1444 ubi,
1341 1394 1447 1446 quod
1470 1400 1565 1446 post

107 1450 353 1491 Antiochiam
370 1465 548 1501 magnam
570 1451 617 1490 ab
638 1451 774 1489 eodem
790 1451 1063 1498 instauratam,
1092 1450 1353 1503 pluribusque
1375 1451 1563 1489 aedificiis

110 1507 160 1547 de
178 1520 284 1546 novo
302 1506 544 1556 adornatam,
565 1508 613 1546 de
633 1505 710 1546 hac
731 1513 866 1546 nostra
885 1508 1015 1546 statim
1036 1479 1158 1556 addit,
1182 1504 1284 1547 ου’τω
1305 1505 1348 1547 δὲ
1368 1506 1435 1547 καὶ
1458 1510 1564 1547 Χαλ-

107 1559 220 1612 κίδος
237 1560 389 1611 πόλεως
408 1561 478 1604 τὸν
495 1565 727 1631 περίβολον,
752 1562 834 1606 ὑπὸ
855 1579 937 1604 των
964 1564 1062 1604 ἒτῶν
1085 1562 1457 1630 κατερῤακωμὲνον,
1486 1561 1564 1604 συν

108 1622 164 1674 τῷ
181 1619 472 1672 προτειχίσματι
494 1615 838 1672 ἀνανεωσάμενος,
875 1623 1013 1674 πολλῷ
1033 1615 1269 1672 ἐχυρώτερον
1286 1616 1562 1672 κατεστήσατο,

111 1660 161 1714 ab
194 1674 403 1714 Antiochia
433 1674 542 1713 haud
560 1676 702 1727 procul
727 1675 901 1714 dissitam
925 1676 1047 1715 fuisse
1067 1689 1171 1724 eam,
1203 1676 1433 1727 colligimus.
1492 1677 1565 1715 Ur-

109 1731 206 1778 bem
224 1729 328 1771 hanc
346 1737 572 1771 montanam
599 1730 719 1769 fuisse
741 1731 928 1769 discimus
956 1746 1005 1770 ex
1031 1732 1223 1771 Strabone
1242 1732 1312 1770 lib.
1339 1736 1405 1776 16.
1445 1730 1564 1773 Meto?

112 1786 157 1829 δὲ
181 1785 247 1828 τὸν
271 1783 451 1856 Μακραν
470 1785 575 1828 ἐστὶν
601 1785 623 1828 6
647 1782 848 1840 Μαρσύας
868 1786 966 1838 ἔχων
994 1803 1082 1828 τινα
1102 1788 1169 1829 καὶ
1197 1784 1352 1859 ὄρεινα,
1382 1789 1426 1830 ἐν
1453 1785 1564 1837 οἶς“”
1533 1806 1560 1842 η

113 1843 283 1895 Χαλκὶς,
313 1840 444 1915 ω’σπερ
469 1838 684 1911 ἀκρόπολις
709 1845 783 1883 τοῦ
812 1839 1037 1895 Μαρσυου·
1077 1841 1176 1898 ἁρχὴ
1196 1842 1235 1885 δ’
1268 1841 1395 1886 αὐτοῦ
1413 1846 1562 1886 Λαοδι-

110 1900 202 1942 κεία
223 1899 253 1951 ἦ
279 1897 380 1952 προς
405 1896 589 1953 Λιβάνῳ.
651 1897 809 1938 Chalcis
827 1897 882 1937 ad
900 1897 1059 1948 Belum,
1090 1901 1216 1939 Plinio
1243 1901 1412 1951 dicitur,
1442 1909 1562 1953 atque

110 1957 216 1996 inter
236 1956 486 2008 Coelosyriae
500 1956 619 1994 urbes
638 1962 874 1996 enumerata.
930 1956 1034 1996 Plin.
1053 1957 1141 1998 Nat.
1160 1957 1262 1997 Hist.
1287 1959 1313 1997 1.
1333 1959 1374 2001 5.
1398 1971 1432 1997 c.
1453 1962 1521 2003 23.

223 2011 320 2066 Pag.
351 2015 445 2055 296.
486 2015 524 2054 9.
582 2008 894 2064 χρηματιζούσης
917 2008 1005 2053 τότε
1030 2015 1103 2065 τῆς
1135 2010 1308 2067 μεγαλης
1330 2015 1561 2067 Αντιοχείας

112 2066 195 2110 δτί.
205 2068 222 2121 ]
250 2068 474 2108 Numerus‘
462 2081 643 2107 inversus
666 2075 745 2107 est:
785 2067 993 2119 legendum
1013 2065 1097 2109 ηδ’.
1154 2070 1275 2109 Aerae
1296 2071 1397 2109 enim
1416 2071 1561 2110 Antio-

113 2124 260 2165 chenne
285 2138 408 2164 annus
438 2138 599 2164 cccxw.
658 2124 857 2164 Valeriani
880 2130 920 2163 et
940 2125 1108 2164 Gallieni
1126 2126 1223 2179 Imp.
1241 2141 1343 2165 anno
1361 2141 1449 2179 111,
1481 2140 1560 2179 quo

111 2187 289 2234 tempore
307 2183 474 2234 Sapores
492 2182 604 2233 Syria
623 2181 760 2233 pulsus
779 2187 848 2230 est,
877 2182 1101 2234 respondet.

224 2239 324 2290 Pag.
354 2241 448 2281 296.
481 2240 546 2280 13.
587 2237 611 2279 o‘
632 2235 758 2290 ἱερεύς
776 2240 849 2289 τῆς
869 2239 1100 2292 Αφροδίτης
1118 2235 1281 2290 ὀνόματι
1303 2237 1561 2292 Σαμψιγέρα-

114 2293 209 2346 μος]
239 2294 580 2333 Narratiunculam
599 2294 701 2333 hanc
720 2307 772 2333 ex
792 2295 984 2334 Domnino
1005 2308 1046 2335 se
1071 2295 1337 2347 descripsisse,
1364 2295 1484 2348 paulo
1500 2295 1559 2334 in-

115 2349 176 2388 sta
194 2351 338 2390 fatetur
359 2351 494 2392 Autor.

229 2409 320 2460 Peg.
350 2409 443 2449 291.
473 2411 540 2450 21.
584 2406 628 2448 ἐν
646 2405 791 2462 υψηλῷ
808 2408 927 2463 βωμῷ
950 2405 1205 2460 καθημένου]
1236 2404 1370 2458 βωμος
1396 2405 1464 2445 hic
1499 2407 1559 2446 lo-

117 2474 207 2500 cum
229 2462 354 2513 signat
383 2462 606 2513 editiorem,
634 2464 674 2502 in
705 2477 820 2515 quem
851 2465 1078 2514 ascendere,
1108 2470 1222 2514 atque
1245 2463 1457 2533 expatiarit
1470 2463 1559 2514 quis

115 2523 259 2569 potest.
287 2518 491 2557 Eustathio
514 2526 586 2570 est,
609 2520 751 2571 κτίσμα
765 2535 802 2561 τι
821 2518 956 2568 ἁπλαῖς
978 2520 1047 2561 καὶ
1065 2515 1283 2572 ἀνάστημα,
1307 2515 1377 2571 ἐφ’
1406 2513 1457 2560 οὗ
1478 2519 1560 2561 ἐστὶ

116 2574 239 2626 βῆναι
264 2573 332 2615 καὶ
350 2578 528 2627 τεθῆναι.
556 2586 789 2629 suggestum,
817 2576 983 2616 reddere
1002 2589 1220 2629 possumus.

227 2626 331 2671 Ibid.
384 2634 457 2671 τοῦ
487 2629 612 2673 αυτοῦ
640 2632 826 2699 βασιλέως
854 2629 1053 2700 Σαποὶρη]
1095 2634 1177 2671 Ser.
1210 2627 1431 2684 Σαποίρου,
1474 2637 1559 2671 tan-

118 2698 235 2738 quam
251 2700 275 2724 a
295 2683 512 2741 Σαπῶρης;
541 2695 610 2728 aut
627 2685 836 2761 Σάπωρος,
867 2704 888 2728 a
908 2685 1071 2758 Σαπωρ,
1100 2687 1158 2726 uti
1174 2701 1269 2726 mox
1285 2687 1527 2728 habebimus.

226 2739 322 2793 Pag-
352 2745 448 2785 296.
473 2747 538 2785 21
571 2744 735 2798 ε’ρῤιψεν
754 2742 809 2794 εἷς
825 2748 906 2786 ταῖν
926 2741 1122 2798 αγροίκων
1138 2740 1413 2810 σφενδοβόλῳ]
1444 2745 1552 2784 Anne

117 2794 365 2853 σφενδοβόλῳ
399 2800 560 2851 ponitur
596 2815 671 2853 pro
692 2798 913 2857 σφενδόνῃ,
951 2801 1118 2840 Funda‘?
1159 2815 1208 2841 an
1229 2801 1360 2856 potius
1386 2802 1552 2853 σφενδι-
