1838 3230
298 206 361 253 13
569 217 572 221 Δ
722 244 724 246 ,
804 187 1243 245 ANONYMI

293 320 368 376 τὴν
389 319 599 378 Περσίδα,
628 315 853 375 ἀρξάμενος
871 315 952 360 ἀπὸ
969 321 1043 373 τῆς
1061 318 1226 376 Συρίας.
1297 317 1399 374 ἔβςων
1416 319 1461 362 δὲ
1477 327 1648 377 γυναῖκα
1670 326 1747 366 Σε-

291 390 486 445 μίραμιν,
521 387 595 443 τὴν
622 389 688 430 καὶ
714 384 826 429 Ῥέαν
858 387 1108 442 καλουμένην
1131 387 1243 443 παρὰ
1260 380 1508 444 Ἀσσυρίοις,
1545 387 1658 444 ἴσχεν
1676 392 1748 433 καὶ

292 458 406 507 υἱοὺς
435 455 508 499 δύο
536 457 602 498 καὶ
633 454 846 511 θυγατέρα
873 455 997 508 μιάν,
1034 457 1101 498 καὶ
1126 455 1198 498 τὸν
1224 457 1298 510 μὲν
1331 454 1630 512 προσηγόρευσε
1658 459 1746 502 Δία

243 537 274 572 0
296 528 352 576 εἷς
373 524 503 579 ὄνομα
524 527 598 566 τοῦ
618 520 825 578 πλανήτου
849 521 1039 580 ἀστέρος,
1077 523 1148 567 τὸν
1166 524 1209 566 δὲ
1233 522 1469 576 ἐπωνόμασε
1490 526 1640 578 Νίνον,
1676 527 1745 571 καὶ

292 595 368 648 τὴν
382 590 751 648 θυγατέραἽἹραν,
772 590 824 647 ἣν
839 593 905 633 καὶ
924 584 1068 646 &Uer
1085 594 1140 642 εἷς
1157 600 1326 648 γυναῖκα
1343 595 1475 643 Πῖκος
1495 591 1517 637 ὃ
1535 595 1603 637 καὶ
1619 592 1738 648 Ζεύς,
1751 607 1776 644 5

290 663 365 718 τὴν
386 662 492 703 ἰδίαν
512 657 704 717 ἀδελφήν.

391 728 518 773 Μετὰ
547 729 592 770 δὲ
617 725 781 784 Κρόνον
801 727 1034 780 ἐβασίλευσε
1051 728 1202 781 Νίνος,
1240 726 1261 771 ὅ
1281 728 1368 779 υἱὸς
1388 727 1538 782 αὐτοῦ,
1575 727 1644 785 ἔτη
1662 727 1740 785 νβ’.

291 796 336 849 ὅς
351 815 393 854 γε
413 797 486 852 τὴν
507 798 614 839 ἰδίαν
634 797 792 852 μητέρα
811 798 1037 853 Σεμίραμιν
1055 797 1192 850 λαβὼν
1215 798 1269 847 εἷς
1288 805 1478 853 γυναῖκα,
1515 794 1640 851 νόμος
1657 799 1743 854 ἐγέ-

165 883 199 918 0
221 882 267 919 20
289 884 379 910 νετο
399 864 584 923 Πέρσαις
605 863 827 919 λαμβάνειν
847 865 922 914 τὰς
940 862 1095 907 ἑαυτῶν
1115 864 1294 921 μητέρας
1313 866 1378 908 καὶ
1402 865 1583 922 ἀδελφὰς
1603 866 1670 909 διὰ
1693 865 1740 911 ‘cd

287 937 355 979 καὶ
386 934 457 977 τὸν
484 935 571 978 Διά
600 938 739 988 λαβεῖν
764 933 839 988 τὴν
858 935 965 975 ι’ὁΐαν
985 933 1112 976 αὐτοῦ
1133 933 1314 990 ἀδελφὴν
1325 933 1460 990 ’Ἡραν
1479 931 1500 976 ὅ
1521 935 1588 977 καὶ
1607 938 1740 986 Πῖκος
1752 951 1796 988 10

286 1001 511 1060 λεγόμενος.
583 1000 604 1045 ὅ
641 1003 685 1044 δὲ
715 1002 842 1051 Νίνος
873 1002 1089 1059 ἕπικρατὴς
1115 999 1324 1058 γενόμενος
1348 1006 1423 1057 τῆς
1449 1005 1627 1058 Συριάς,
1671 1005 1740 1046 καὶ

286 1074 428 1121 κτίσας
444 1068 560 1113 πόλιν
575 1071 766 1127 μεγίστην
784 1068 962 1127 σφόδρα,
993 1071 1157 1127 πορείας
1173 1068 1271 1113 ὁδοῦ
1290 1068 1452 1127 ἡμερῶν
1472 1075 1610 1128 τριῶν,
1643 1069 1740 1115 ἐκά-

286 1145 398 1184 λεσεν
431 1139 558 1194 αὐτὴν
588 1142 643 1188 εἷς
665 1138 794 1193 ὄνομα
818 1139 944 1181 αὐτοῦ
967 1141 1130 1191 Νινευί,
1169 1141 1236 1181 καὶ
1257 1143 1419 1196 πρῶτος
1435 1140 1478 1182 ἒν
1495 1139 1598 1197 αὐτῇ
1614 1144 1738 1194 βασιφ

284 1206 399 1252 λεύει.
470 1209 513 1258 ἐξ
553 1201 599 1250 οὗ
638 1207 787 1263 ἐγένετο
828 1209 895 1250 καὶ
934 1205 1211 1263 Ζωρόαστρος
1239 1205 1260 1250 ὅ
1292 1206 1534 1264 περιβόητος
1561 1211 1738 1266 Περσῶν

284 1273 562 1332 ἀστρονόμος·
609 1274 654 1325 ὃς
687 1276 845 1330 μέλλων
879 1280 1068 1319 τελευτᾶν
1098 1274 1242 1330 ηὔχετο
1275 1273 1355 1318 inb
1388 1276 1580 1329 οὐρανίου
1609 1276 1736 1333 πυρὸς
1750 1293 1793 1329 15

225 1362 259 1398 1>
284 1345 566 1400 ἀναλωθῆναι,
602 1345 724 1387 εἲπιὸν
745 1350 832 1393 τοΐς
847 1344 1043 1399 Πέρσαις,
1064 1343 1159 1386 Ἐὰν
1178 1341 1309 1401 καύσῃ
1327 1361 1377 1398 με
1397 1344 1444 1387 τὸ
1463 1349 1560 1401 πῦρ,
1588 1345 1632 1387 ἐκ
1653 1349 1736 1388 τῶν

282 1413 505 1467 καιομένων
524 1430 605 1466 μου
629 1412 780 1457 ὀστέων
799 1411 942 1467 λάβετε
960 1414 1027 1456 καὶ
1046 1411 1275 1469 φυλάξατε,
1315 1414 1381 1454 καὶ
1403 1412 1477 1455 οὐκ
1496 1414 1668 1467 ἐκλείψει
1687 1411 1734 1462 τὸ

278 1484 484 1536 βασίλειον
513 1482 556 1523 ἐκ
581 1485 656 1537 τῆς
675 1479 815 1538 χώρας
834 1480 971 1536 ὑμῶν,
1011 1480 1086 1530 ἕως
1111 1475 1158 1523 οὗ
1180 1479 1426 1538 φυλάττεται
1444 1481 1496 1524 τὰ
1515 1481 1616 1524 ὀστᾶ
1636 1498 1732 1536 μου.

277 1553 345 1593 καὶ
373 1548 588 1604 εὐξάμενος
617 1553 676 1607 τῷ
700 1550 861 1606 Ὠρίωνι
888 1547 968 1592 ὑπὸ
999 1549 1135 1605 ἀερίου
1155 1548 1284 1606 πυρὸς
1302 1547 1524 1604 ἀνηλώθη,
1562 1552 1630 1592 καὶ
1658 1553 1735 1591 λα-

275 1616 419 1673 βόντες
451 1619 489 1660 οἳ
518 1618 679 1673 Πέρσαι
711 1618 791 1661 ἀπὸ
823 1622 904 1661 τῶν
935 1618 1230 1675 τεφρωθέντων
1256 1617 1408 1661 ὀστέων
1438 1617 1566 1661 αὐτοῦ
1595 1618 1788 1674 ξ’χουσιεο

277 1684 552 1744 φυλάττοντες
570 1687 644 1736 ἕως
665 1685 769 1744 ἄρτι.

364 1783 398 1818 1.
423 1783 455 1817 8.
479 1783 684 1829 Σεμίραμιν
706 1782 790 1825 ch„
814 1780 1030 1827 Σεμήραμιν
1054 1781 1124 1816 Ox,
1213 1782 1248 1817 3.
1272 1782 1305 1817 5.
1328 1779 1516 1828 θυγατέρα
1539 1782 1624 1824 Ch„
1655 1783 1731 1819 θυ-

362 1828 519 1873 γατέροιν
541 1831 608 1864 Ox.
699 1830 733 1865 3.
758 1832 813 1864 10.
839 1829 913 1863 Δία
937 1828 1021 1869 Ωιι,
1047 1829 1143 1862 Δίαν
1161 1827 1262 1869 (ταὼ,
1287 1826 1370 1862 Δάν
1390 1830 1458 1863 Ox.
1549 1827 1583 1864 4.
1607 1831 1730 1865 Νῖνον

362 1874 419 1909 hic
442 1878 477 1909 et
499 1875 592 1908 iufra
614 1875 681 1908 Ox.
755 1877 807 1911 10.
832 1873 852 1912 ὁ
876 1874 938 1909 καὶ
964 1876 1080 1914 Πῖκος
1103 1872 1317 1918 λεγόμενος]
1341 1874 1427 1908 Dele
1448 1873 1505 1908 vel
1527 1874 1639 1909 scribe
1662 1875 1729 1911 τὸν

362 1919 426 1963 καὶ
456 1923 575 1956 Πῖκον
606 1919 811 1965 λεγόμενον.
914 1919 969 1956 14.
1005 1919 1068 1956 καὶ
1091 1925 1170 1954 ante
1195 1921 1346 1961 Περσῶν
1367 1919 1479 1954 delevi
1501 1931 1578 1954 cum
1600 1919 1727 1956 Chron-

361 1966 483 2000 Pasch.
506 1978 539 2011 p.
564 1967 621 2002 37.
644 1966 694 2008 C,
719 1966 876 2001 Cedreno
898 1977 932 2012 p.
951 1968 1004 2002 16.
1028 1967 1069 2000 B.
1149 1968 1204 2002 19.
1225 1964 1372 2013 Ὠρίωνι
1395 1965 1480 2008 Ch„
1498 1961 1637 2012 ’.Ωρίονι
1660 1966 1727 2002 Ox.

361 2013 419 2047 20.
451 2011 718 2056 τεφρωθέντων
742 2012 833 2055 Ox.,
857 2010 1116 2057 τεφροθέντων
1139 2011 1214 2047 cod.

269 2089 368 2125 initio
391 2089 544 2134 subjecit.
591 2090 690 2124 Uxor
711 2090 788 2124 huic
810 2090 878 2124 fuit
899 2090 1115 2132 Semiramis,
1151 2089 1245 2136 apud
1274 2089 1429 2136 Assyrios
1450 2089 1550 2125 Rhea
1572 2091 1727 2138 appella·

269 2141 325 2171 ta:
351 2147 394 2170 ex
415 2147 482 2181 qua
504 2135 591 2170 filios
614 2136 696 2170 duos
719 2140 756 2170 et
777 2136 881 2170 filiam
903 2137 1037 2170 habuit:
1062 2137 1193 2171 illorum
1214 2147 1293 2170 vero
1311 2137 1451 2171 alterum
1467 2137 1606 2179 Jovem,
1626 2138 1727 2181 juxta

268 2181 437 2216 Planetae
459 2193 597 2223 nomen,
622 2182 767 2216 alterum
791 2182 918 2215 Ninum
939 2182 1098 2216 vocavit=
1123 2181 1216 2216 filiae
1238 2184 1351 2216 autem
1374 2193 1494 2216 nomen
1518 2187 1594 2217 erat
1615 2183 1726 2225 Jun03

266 2238 371 2307 guam
403 2226 505 2262 etiam
535 2228 646 2262 frater
678 2227 749 2272 ejus
779 2227 901 2270 Picus,
942 2227 1002 2273 qui
1033 2232 1071 2262 et
1098 2226 1234 2274 Jupiter
1263 2227 1374 2263 dictus
1407 2232 1478 2270 est,
1517 2227 1554 2262 in
1584 2239 1726 2264 uxorem

293 2273 384 2308 uxit.>
524 2284 528 2290 ·

358 2319 441 2353 Post
463 2318 644 2353 Saturnum
666 2318 824 2363 regnavit
846 2317 936 2352 filius
958 2319 1029 2362 ejus
1051 2318 1174 2360 Ninus,
1198 2317 1292 2353 annis
1314 2329 1378 2360 mr,
1402 2317 1460 2364 qui
1475 2319 1616 2353 matrem
1629 2330 1724 2355 suam

268 2356 522 2399 Semiramidem
553 2365 673 2399 habuit
704 2375 860 2398 uxorem:
893 2364 982 2398 unde
1006 2364 1119 2399 Persis
1148 2364 1202 2398 lex
1225 2369 1307 2398 nata
1329 2369 1454 2398 matres
1476 2369 1514 2398 et
1534 2375 1665 2399 sorores
1686 2364 1723 2399 in

270 2410 338 2443 tori
369 2410 570 2444 consortium
600 2409 805 2451 asciscendi3
840 2421 880 2443 eo
911 2409 1002 2455 quod
1032 2409 1167 2455 Jupiter
1197 2409 1298 2444 Picus
1327 2409 1428 2444 etiam
1456 2420 1607 2444 sororem
1629 2421 1724 2445 suam

269 2454 434 2490 Junonem
464 2455 615 2491 duxisset
636 2467 784 2490 uxorem.
831 2455 943 2489 Ninus
978 2458 1089 2489 autem
1122 2454 1246 2501 Syriae
1276 2466 1382 2500 regno
1417 2453 1567 2500 potitus,
1603 2455 1722 2491 urbem

271 2500 422 2536 condidit
443 2513 598 2547 magnam
618 2501 743 2536 itinere
765 2500 865 2535 trium
892 2500 1046 2542 dierum,
1078 2512 1178 2545 quam
1202 2513 1223 2535 a
1245 2501 1379 2541 nomine
1398 2511 1460 2536 suo
1483 2499 1634 2536 Niniven
1657 2512 1722 2536 vo-

271 2545 380 2588 cavit,
407 2546 442 2580 in
465 2559 536 2592 qua
558 2547 662 2581 etiam
682 2547 809 2592 primus
830 2545 996 2590 regnavit.
1043 2546 1099 2579 Ex
1122 2547 1219 2590 hujus
1241 2546 1349 2590 stirpe
1370 2544 1501 2591 prodiit
1522 2545 1721 2590 zoroaster,

270 2591 507 2627 celeberrimus
529 2592 586 2627 ille
608 2593 787 2627 Persarum
808 2592 1044 2633 Astronomu33
1069 2591 1127 2636 qui
1149 2591 1329 2625 moriturus
1348 2591 1438 2626 votis
1461 2592 1660 2636 expetebat,
1682 2596 1721 2627 ut

269 2636 313 2669 ab
336 2636 415 2681 igne
437 2638 575 2673 coelesti
598 2642 816 2679 exureretur3
848 2636 1028 2690 Persisque
1050 2637 1136 2670 haec
1159 2635 1357 2682 praecepit:
1392 2636 1466 2679 „Si
1489 2648 1543 2670 me
1566 2637 1720 2673 coelestis

269 2680 358 2726 ignis
381 2684 645 2729 consumpserit,
678 2687 900 2719 crematorum
922 2693 1042 2718 ossium
1063 2693 1211 2716 meorum
1233 2681 1392 2725 reliquias
1426 2682 1546 2717 sumite
1578 2678 1622 2717 et‘
1647 2693 1719 2718 ser-

269 2730 371 2768 vate3
403 2740 467 2762 nec
495 2741 636 2774 regnum
666 2740 688 2764 a
715 2728 856 2774 regione
877 2733 990 2763 vestra
1012 2727 1153 2762 tolletur
1175 2727 1333 2772 quamdiu
1356 2739 1430 2762 ossa
1451 2738 1526 2762 mea
1550 2728 1719 2763 custodie·-

271 2771 358 2806 tis.“
403 2773 567 2809 Invocato
596 2775 716 2820 itaque
747 2774 894 2816 Orione,
927 2774 971 2808 ab
1003 2772 1083 2818 igne
1112 2772 1252 2808 coelesti
1281 2773 1472 2818 absumptus
1495 2777 1564 2808 est=
1594 2774 1719 2808 Persae

268 2821 400 2860 autem,
436 2820 526 2864 quod
546 2819 605 2855 ille
626 2826 850 2866 praeceperat
878 2818 1034 2862 executi,
1069 2818 1189 2854 ossium
1212 2819 1287 2864 ejus
1308 2819 1469 2866 reliquias
1486 2818 1718 2867 collegarum

269 2873 354 2907 quas
373 2862 548 2902 etiamnum
572 2866 773 2902 custodiunt.
1088 2866 1090 2869 ⁴
