1838 3230
437 166 1070 214 CHRONOGRAPHIA.
1097 166 1148 213 L.
1181 165 1277 212 XII.
1511 169 1613 219 285

136 291 316 349 στηρίων
341 287 551 336 Διονύσου
583 291 651 334 καὶ
676 289 948 348 Ἀφροδίτης,
993 287 1113 334 τοῦτ’
1151 287 1238 332 ἐστὶ
1278 290 1353 332 τοῦ
1395 287 1612 344 λεγομένου
1637 295 1670 331 D

135 363 346 421 Μαΐουμᾷ
366 360 435 404 διὰ
468 359 518 404 τὸ
555 360 597 402 ἓν
629 363 689 419 τῷ
714 362 824 418 μα’ίῳ
850 363 909 418 τῷ
944 357 1264 416 καὶῖἆρτεμισίῳ
1288 358 1385 414 μηνὶ
1420 357 1613 400 ἐπιτελεῖ-

135 434 241 474 σθαι
260 429 336 486 τὴν
360 429 489 485 αὐτὴν
513 426 674 487 ἑορτήν,
710 425 893 486 ἀφώρισε
914 427 1097 486 φανερὰν
1112 429 1287 485 χρυσίου
1305 423 1518 481 ποσότητα
1540 424 1613 471 λό-

133 514 193 558 γῳ
221 496 450 554 λαμπάδων
479 499 546 542 καὶ
567 494 779 553 κανδήλων
807 499 873 540 καὶ
907 501 989 541 τῶν
1017 496 1152 540 ἄλλων
1179 501 1263 541 τῶν
1288 494 1614 555 προχωρούντων

99 568 200 612 5ἔπὶ
220 567 297 624 τὴν
316 565 540 624 πανήγυριν
558 571 641 610 τῶν
666 564 703 608 λ’
721 564 885 624 ἡμερῶν
902 571 1085 623 τερπνῶν
1105 567 1376 621 παννυχίδων.
1448 567 1538 623 περὶ
1565 560 1617 623 ἧς
1638 550 1676 632 3
1696 549 1772 633 ῗὲἓ

132 640 366 694 νυκτερινῆς
397 635 542 694 ἑορτῆς
569 635 772 691 με’μνηται
801 638 1041 694 Βεργίλλιος
1074 633 1095 679 ὅ
1127 633 1372 693 σοφώτατος
1399 631 1612 690 Ῥωμαίων

132 705 303 761 ποιητὴς
330 706 373 748 ἐν
396 709 456 765 τῷ
489 703 526 748 ὁ’
561 705 689 748 αὐτοῦ
718 702 848 764 λόγῳ,
886 710 936 763 τῇ
962 703 1167 762 Ῥωμαϊκῇ
1195 703 1361 763 γλώσσῃ
1393 703 1612 760 ἐκθέμενος

131 779 278 819 ταῦτα.
351 774 597 832 Τριετηρικὰ
624 772 777 830 Βάκχω
806 774 924 830 ὄργια
955 772 1229 831 νοκτούρνους
1245 776 1338 818 novi
1356 771 1489 829 βοκὰτ
1508 772 1637 817 κλά-“

128 860 242 902 μωρε
273 841 517 901 Κιθαιρών·
565 841 587 886 ὅ
627 845 713 886 ἔστι
748 847 800 901 τῇ
834 841 1035 900 Ἑλληνίδι
1073 841 1240 901 γλώσσῃ
1279 848 1338 903 τῷ
1370 848 1610 903 τριετηρικῷ

74 911 231 966 loha,
269 911 336 956 ὅτε
368 910 390 956 ὅ
420 910 628 963 Διόνυσος
656 913 698 955 ἓν
723 914 838 956 νυκτὶ
870 917 922 971 τῇ
951 917 1068 971 φωνῇ
1089 912 1164 968 τὴν
1185 911 1331 972 ἑορτὴν
1353 916 1438 956 τῶν
1462 912 1608 971 ὄργίων

128 971 172 1026 22·
190 985 252 1040 τῷ
273 983 542 1041 Κιθαιρωνίῳ
564 981 660 1038 ὄρει.

224 1049 274 1094 Ὁ
295 1052 340 1094 δὲ
361 1051 487 1101 αὐτὸς
508 1050 702 1105 βασιλεὺς
720 1047 903 1109 ἀφώρισε
925 1051 1083 1109 φανεροὶ
1099 1048 1297 1108 χρήματα
1319 1053 1387 1094 καὶ
1413 1053 1468 1102 εἷς
1486 1049 1607 1108 λόγον

128 1120 326 1176 κυνηγίων
345 1118 591 1179 ὀφειλόντων
609 1122 883 1166 ἐπιτελεῖσθαι
905 1122 969 1163 ἐπὶ
989 1119 1059 1176 ἔτη
1086 1118 1124 1162 δ”
1145 1119 1299 1171 οὕτως·
1335 1120 1512 1177 ἄγεσθαι
1533 1122 1608 1176 μὲν

127 1189 193 1232 ἐπὶ
218 1193 354 1245 μῆνας
385 1187 451 1244 219'
485 1190 560 1241 ἕως
590 1194 665 1245 τῆς
691 1190 964 1248 ἀποσφαγῆς,
1010 1189 1147 1246 ἀργεῖν
1174 1190 1219 1233 δὲ
1238 1190 1335 1241 τοὺς
1356 1189 1609 1241 ὑπολοίπους

72 1262 263 1314 15μῆνας
295 1256 330 1309 ς’
361 1260 418 1309 εἷς
451 1259 526 1314 τὴν
565 1260 766 1317 συλλογὴν
797 1264 880 1304 τῶν
917 1259 1081 1317 θηρίων
1113 1261 1170 1310 εἰς
1207 1258 1353 1317 ἑορτὴν
1382 1261 1608 1318 θεραπείας

115 1326 271 1387 Ἄρεως
293 1329 360 1371 καὶ
375 1327 624 1385 Ἀρτέμιδος.
1625 1325 1657 1360 Β

227 1398 314 1440 Καὶ
344 1396 499 1448 εὖθίως
527 1394 620 1440 τότε
654 1394 884 1453 ὠνομάσθη
907 1394 1141 1455 Συριάρχης
1161 1401 1323 1455 πρῶτος
1337 1395 1607 1455 Ἀρταβάνιος

122 1463 457 1522 πολιτευόμενος,
493 1469 747 1525 προβληθεὶς
780 1466 863 1510 ἀπὸ
897 1471 980 1510 τῶν
1019 1464 1230 1526 κτητόρων
1260 1468 1327 1510 καὶ
1366 1472 1440 1511 τοῦ
1472 1465 1606 1523 δήμου
1633 1471 1667 1506 Ο
1692 1471 1763 1507 375

121 1532 289 1585 παντός.

65 1610 114 1648 20
215 1601 419 1662 Ἀφῶρισε
442 1605 487 1648 δὲ
519 1606 587 1648 καὶ
619 1604 672 1648 τὰ
691 1604 816 1649 λοιπὰ
836 1602 1032 1663 χρήματα
1059 1607 1114 1656 εἷς
1136 1602 1259 1661 λόγον
1280 1605 1418 1660 μίμων
1440 1605 1508 1648 καὶ
1533 1603 1607 1661 ὄρ-

213 1711 248 1750 4.
271 1710 488 1760 navorum]
522 1715 707 1751 κανδίλων
733 1714 802 1749 Ox.
826 1726 859 1750 v.
886 1726 919 1760 p.
944 1715 1020 1752 113.
1041 1715 1082 1750 C.
1198 1716 1282 1750 ibid.
1306 1711 1606 1760 προχωρούντων

194 1759 303 1802 -ch.‚
326 1760 616 1807 προχορούντων
642 1762 712 1797 ΟΧ.
792 1762 826 1798 5,
858 1760 887 1797 λ’
922 1757 1091 1807 ἡμερῶν]
1118 1761 1236 1796 Malim
1259 1760 1606 1806 τριακονθημέρων.

213 1807 248 1841 7.
287 1803 341 1852 δ’]
376 1808 461 1842 Aen.
487 1819 522 1843 v,
545 1810 625 1844 302.
742 1809 776 1842 8.
811 1805 943 1853 Βάκχαι
970 1806 1078 1854 ὄργια
1100 1807 1353 1853 νοκτούρνους
1377 1807 1464 1844 nov}
1488 1806 1606 1855 βοκᾶι·

212 1850 408 1910 aldano-5¹1
431 1855 659 1900 Βακχετειχοῖ
677 1851 809 1899 ὄργίαν
830 1852 1056 1899 ὀκτουρνους
1074 1867 1164 1895 κους
1182 1857 1330 1903 βωσκαν
1350 1858 1514 1901 κλαμορε
1535 1855 1603 1890 Ox.

213 1901 270 1936 10.
303 1897 364 1936 ὅτε
388 1912 407 1935 ο
434 1899 599 1946 Διόνυς]
635 1901 776 1945 „Forte
799 1901 1001 1946 legendum,
1039 1898 1060 1937 ti
1086 1901 1280 1943 Διόνυσος.
1326 1902 1496 1937 Periodus
1519 1913 1602 1936 vero

211 1946 300 1981 haec
323 1947 444 1982 mutila
466 1951 633 1994 apparet,
677 1960 720 1983 ex
743 1948 843 1982 verbi
866 1947 1010 1982 alicuius
1028 1948 1210 1984 defectu.“
1235 1950 1300 1983 eh.
1431 1950 1486 1985 13.
1512 1949 1602 1982 Ante

211 1988 331 2033 οὕτως
353 1993 571 2040 interpungit
594 1995 664 2029 Ox,
760 1993 814 2030 14.
846 1993 921 2042 λβ’]
949 1996 1128 2037 „Omnino
1152 1996 1350 2041 legendum,
1387 1995 1462 2042 μβ’.
1488 1998 1526 2029 ut
1549 2006 1600 2029 v1.

210 2038 373 2074 mensium
403 2041 613 2087 reliquorum
644 2040 841 2076 adiectione
872 2041 1077 2088 expleantur
1100 2042 1240 2078 Menses
1263 2053 1387 2079 imvm.
1422 2043 1498 2078 sive
1521 2040 1600 2076 anni

211 2088 294 2122 lv.“
315 2086 382 2123 Ch.

118 2177 207 2213 aliae
230 2189 287 2213 res
308 2179 526 2215 necessariae
549 2183 665 2215 essent
698 2179 742 2215 ad
766 2180 1003 2217 solennitatem
1025 2181 1135 2224 illam,
1176 2194 1244 2228 qua
1267 2193 1330 2228 per
1353 2180 1505 2228 spacium
1529 2191 1596 2214 xxx

117 2223 269 2267 dierum,
304 2226 390 2260 totis
422 2226 583 2261 noctibus
607 2227 719 2261 Genio
753 2227 987 2272 indulgebant.
1035 2229 1123 2263 Sunt
1145 2235 1256 2264 autem
1288 2231 1373 2263 haec
1398 2228 1510 2273 Orgia
1534 2239 1597 2261 vo-

118 2275 220 2312 catu
244 2283 366 2327 nempe
389 2272 559 2318 Mysteria
577 2273 723 2307 Veneris
748 2279 784 2308 et
805 2274 934 2308 Bacchi
957 2274 993 2310 in
1016 2275 1177 2310 honorem
1201 2275 1351 2320 agitata:
1377 2286 1477 2320 quae,
1504 2273 1597 2318 quod

118 2327 234 2352 nense
256 2317 350 2353 Maio
375 2318 543 2353 celebrari
568 2331 609 2353 ea
626 2331 699 2354 mos
723 2325 819 2361 erat,
849 2321 1029 2365 Majumae
1051 2334 1171 2356 nomen
1195 2322 1397 2357 habuerunt.
1445 2320 1598 2356 Festivi-

118 2362 202 2398 tatis
219 2367 333 2398 autem
356 2365 431 2409 ejus
453 2369 642 2400 nocturnae
665 2365 815 2401 meminit
832 2367 1100 2413 sapientissimus
1119 2368 1347 2402 Romanorum
1367 2368 1477 2402 Poeta
1496 2367 1595 2412 Virg.

118 2407 142 2442 l.
164 2419 222 2453 tv,
251 2410 310 2444 ubi
331 2409 400 2445 ista
422 2411 549 2446 Latina
571 2411 687 2456 lingua
711 2413 806 2447 hisce
829 2413 983 2458 prodidit
1005 2415 1133 2449 verbis.

122 2499 201 2535 cu
210 2480 513 2493 .........
544 2459 734 2493 Τνίοιετίοα
751 2460 888 2494 Baccho
909 2461 1040 2506 Orgia3
1063 2466 1313 2506 nocturnusque
1331 2464 1431 2494 vocat
1450 2461 1598 2495 clamore

149 2512 161 2534 ι
202 2512 319 2540 mon.

119 2571 404 2584 .........
429 2549 522 2595 quod
547 2551 685 2585 Graeco
708 2550 871 2587 idiomate
895 2557 1011 2588 sonat:
1035 2554 1087 2600 τῷ
1107 2552 1324 2598 τριετηρικῷ
1346 2550 1416 2587 ἔτει
1436 2554 1502 2586 etc.

208 2593 399 2639 Imperator
420 2596 522 2630 etiam
547 2597 711 2643 pecunias
733 2597 820 2632 satis
842 2600 974 2646 amplas
993 2599 1158 2646 Cynegiis
1182 2598 1390 2634 destinavit:
1415 2609 1503 2642 quae
1522 2598 1596 2644 qui-

118 2638 196 2674 dem
219 2639 255 2673 in
278 2646 427 2685 quatuor
450 2654 569 2685 annos,
594 2655 637 2677 ex
657 2647 794 2679 vetusto
817 2645 898 2688 ritu,
923 2646 1091 2681 celebrari
1115 2646 1227 2687 solita,
1251 2645 1328 2690 ipse
1351 2654 1447 2678 xxxn
1470 2645 1596 2679 mensi—

116 2685 182 2719 bus
204 2688 335 2721 tantum
358 2687 488 2732 agitari
510 2688 639 2724 voluit:
669 2701 790 2736 nempe
813 2697 853 2726 ut
875 2703 912 2726 VI
936 2692 1104 2727 mensibus
1130 2692 1207 2726 aliis
1231 2703 1252 2725 a
1274 2690 1458 2726 venatione
1486 2691 1596 2726 absti-

117 2730 250 2772 nendo,
272 2731 421 2767 ferarum
445 2733 603 2770 collectio
628 2736 751 2778 fieret,
781 2737 815 2772 in
839 2737 928 2773 diem
953 2739 1078 2773 festum
1102 2738 1235 2772 Dianae
1257 2741 1295 2772 et
1317 2737 1425 2772 Marti
1449 2748 1593 2775 sacrum.

209 2777 300 2812 Tum
331 2778 472 2823 primum
496 2782 684 2824 Syriai-cha
719 2794 741 2817 a
763 2784 976 2819 Primoribus
999 2784 1197 2830 populoque
1219 2783 1428 2819 constitutus
1451 2788 1503 2819 est
1526 2786 1592 2819 Ar-

116 2823 293 2866 tabmius,
319 2823 547 2868 Magistratus
569 2827 820 2865 Antiochensis.

207 2869 431 2905 Pecuniarum
455 2882 539 2907 vero
562 2873 654 2918 quod
674 2876 842 2922 reliquum
866 2876 951 2918 suit,
986 2876 1021 2911 in
1045 2875 1168 2911 Mimos
1193 2880 1229 2912 et
1250 2874 1490 2912 Saltatriculos
1513 2886 1591 2912 ero-
