1838 3230
563 157 1041 208 ANNOTATIONES.
1446 159 1548 209 569

201 278 302 334 Peg.
328 279 425 325 255.
452 282 520 324 10.
549 277 594 320 ἐν
611 281 698 325 ταῖς
715 271 882 327 πράξεσι
899 277 981 316 τῶν
1003 273 1130 329 ἇγίων
1147 270 1412 325 Αποστόλων]
1444 273 1545 313 Acta

94 336 372 391 Apostolorum
390 336 488 375 dicit
503 349 570 383 ea,
600 347 702 386 quae
721 333 795 372 sub
826 333 1038 371 Clementis
1059 331 1216 370 nomine
1233 331 1446 383 prodeunt.

204 396 302 447 Pog-
333 394 430 437 255.
462 394 526 435 13.
553 387 613 433 ’ὅτι
637 387 760 440 εἶπεν,
793 386 853 430 ὅτι
873 385 1043 441 Χριστός
1062 387 1087 429 ὅ
1105 383 1206 444 Θεός
1225 400 1298 430 σου
1316 383 1547 440 ἀνελήφθη]

90 451 218 502 Lego,
245 449 369 502 ἔφης,
398 446 458 491 ’ὅτι
475 444 646 503 Χριστὸς
668 453 743 486 etc.
774 446 834 484 uti
854 444 974 484 habet
993 445 1207 485 Ceth-enus.

201 507 305 559 Pag.
334 506 429 549 256.
459 508 524 548 12.
554 501 800 556 σταυρωθεὶς
814 501 1093 553 κατακέφαλα]
1124 502 1167 540 id
1185 507 1264 552 est,
1293 502 1419 555 capite
1437 499 1551 540 deor-

90 577 177 603 sum
197 576 325 602 vet-sot
352 559 606 612 κατακέφαλα
627 560 706 598 hoc
724 560 830 598 idem
849 565 931 607 est,
963 572 1009 596 ac
1033 555 1132 599 κατοέ
1157 561 1229 609 τῆς
1247 561 1438 609 κεφαλῆς.
1468 559 1550 596 Lu-

91 618 194 659 eian.
240 614 340 660 κατὰ
368 621 442 671 τῆς
471 619 651 669 κεφαλῆς
686 612 865 668 ἀπῆλθε,
903 628 1096 667 praeceps
1135 615 1243 655 abiit.
1314 615 1551 667 Hujusmodi

90 689 192 715 vero
219 674 567 727 compositionibus
594 673 738 724 gaudet
759 674 912 710 Auctor
942 678 1083 711 noster.
1149 672 1210 710 Ita
1240 685 1385 724 supra,
1415 671 1552 723 Dictys

92 731 142 771 de
160 731 256 771 belli
276 731 436 784 Trojani
455 730 641 780 historia,
674 731 715 768 in
745 729 902 768 tumulo
926 729 1010 782 ejus
1035 735 1213 780 reperta,
1246 729 1369 767 verba
1391 728 1550 777 faciens,

93 787 216 830 ἔκειτο
248 785 292 828 δὲ
321 786 577 842 προσκὲφαλα
611 789 685 828 τοῦ
712 783 910 837 λειψάνου
944 788 1019 826 τοῦ
1049 787 1242 833 Δίκτυος,
1280 785 1433 837 inquit:
1483 784 1552 823 ubi

91 842 346 898 προσκέφαλα
363 844 456 896 poni
473 843 655 892 videtur,
685 856 759 894 pro
778 838 1114 896 προσκεφάλαιον,
1149 840 1340 893 Cervical,
1373 855 1444 880 seu
1461 839 1558 896 pul—-

91 902 228 948 vitiat-3
261 902 371 952 quod
389 902 492 940 sorte
514 899 687 939 officium
711 899 895 938 cadaveri
913 898 1111 950 praestitit
1132 899 1321 937 volumen
1340 898 1432 937 hoc.

203 959 307 1010 Pug-
337 958 432 1000 256.
464 959 527 1000 15.
567 955 633 997 ἐπὶ
650 959 722 1006 τῆς
745 955 938 1003 ὑπατείας
970 957 1246 1007 Απρωνιανοῦ
1272 955 1340 996 καὶ
1370 955 1554 996 Καπίτω-

92 1011 190 1065 νος]
221 1013 495 1065 Apronianum
526 1014 614 1051 Cos.
640 1013 713 1051 sub
733 1014 887 1052 Nerone
909 1025 989 1050 non
1009 1012 1186 1051 invenio:
1217 1012 1326 1063 apud
1343 1011 1553 1050 Eusebium

95 1069 256 1122 quidem
272 1070 322 1108 ad
344 1084 408 1111 an.
430 1070 594 1109 Neronis
613 1083 703 1109 xm.
734 1070 965 1121 Capitonem
991 1074 1028 1106 et
1045 1069 1192 1107 Rufum
1218 1071 1325 1110 Coss.
1342 1067 1554 1107 habemus:

92 1139 234 1165 verum
265 1126 586 1165 Pei-secutionem
617 1125 928 1165 Christianorum
962 1124 1067 1164 idem
1097 1125 1226 1177 rejicit
1255 1125 1294 1163 in
1325 1138 1470 1164 annum
1493 1139 1556 1164 se-

95 1189 294 1234 quentem,
321 1183 362 1221 id
386 1188 458 1233 est,
488 1182 655 1222 Neronis
678 1183 872 1221 ultimum.
929 1181 1006 1219 Jos.
1027 1181 1201 1233 Scaliger
1221 1188 1312 1221 ante
1333 1182 1554 1233 quinquen-

94 1239 206 1278 nium
228 1239 416 1278 accidisse
442 1240 669 1288 contendit3
697 1253 836 1292 nempe
858 1238 909 1277 ad
941 1238 1109 1277 Neronis
1138 1252 1282 1277 annum
1314 1252 1372 1278 lx.
1431 1239 1554 1278 Mem-

94 1295 176 1335 mio
207 1302 248 1334 et
277 1295 454 1349 virginio
495 1296 604 1335 coss.
647 1309 763 1348 quem
800 1294 917 1347 vide,
957 1294 1009 1333 ad
1045 1308 1255 1335 numerum
1289 1295 1556 1335 Eusebianum

94 1365 329 1393 lum-xxxiv.

210 1411 307 1462 Pdg·
338 1409 434 1454 256.
465 1413 531 1453 17.
561 1407 761 1451 ἐκέλευσεν
780 1403 900 1449 αὐτὸν
926 1403 1327 1461 ἄποκεφαλισθῆναι]
1357 1408 1417 1447 Ita
1439 1410 1556 1448 etiam

95 1464 189 1506 Chr.
210 1465 326 1516 Alex.
347 1481 388 1519 p,
419 1467 515 1509 580.
546 1467 691 1518 Glycas
718 1466 858 1514 etiam,
888 1464 1029 1503 Annal.
1061 1479 1146 1516 par.
1169 1468 1208 1508 3.
1241 1466 1309 1517 qui
1334 1472 1466 1504 tamen
1492 1467 1555 1505 Pi—

93 1521 221 1561 latum
240 1535 323 1560 non
347 1538 370 1561 a
391 1523 570 1574 Nerone,
602 1523 672 1563 sed
690 1537 711 1561 a
732 1522 890 1562 Tiberio
918 1522 1016 1573 Imp.
1041 1522 1184 1572 capitis
1205 1522 1434 1561 damnatum
1457 1524 1555 1564 vult.

97 1578 323 1628 Cedrenus,
355 1586 395 1618 et
416 1581 612 1628 Zonaras,
642 1586 682 1619 et
699 1586 788 1618 ante
815 1593 880 1617 eos
906 1577 1121 1627 Eusebius,
1153 1577 1249 1630 (qui
1280 1580 1395 1618 etiam
1419 1593 1459 1618 se
1483 1579 1560 1618 hoc

97 1647 150 1675 ex
170 1635 439 1674 Romanorum
455 1637 661 1676 Historicis
679 1635 877 1687 accepisse
901 1635 1082 1687 asserit‚)
1115 1648 1204 1673 eum
1221 1637 1358 1675 multis
1388 1637 1561 1675 circum-

97 1697 256 1743 septum
283 1692 567 1743 calamitatibus
595 1707 734 1732 manus
760 1692 835 1731 sibi
862 1691 1062 1742 intulisse,
1091 1697 1312 1742 testantur3
1349 1693 1471 1745 idque
1487 1694 1561 1732 sub

98 1747 142 1789 C.
170 1748 344 1798 Caligula
362 1749 463 1801 Imp.

217 1807 314 1858 Pag.
344 1808 438 1848 257.
470 1808 509 1849 2.
546 1807 597 1861 τῇ
615 1802 694 1859 πρό
716 1800 750 1858 γ’
776 1805 985 1846 καλανδῶν
1018 1804 1208 1854 Iovi-[mv]
1239 1805 1391 1845 Eodem
1414 1819 1559 1858 nempe

98 1861 189 1915 ipso
208 1861 294 1912 die,
326 1875 406 1913 quo
431 1861 477 1899 D.
502 1862 641 1900 Petrus
662 1862 772 1900 cruci
792 1862 934 1900 affixus
962 1867 1040 1900 est:
1073 1876 1173 1913 quae
1199 1869 1382 1901 constans
1407 1863 1559 1915 ubique

100 1925 162 1958 est
189 1918 382 1958 Traditio.
453 1918 623 1966 Quidam
651 1931 748 1957 vero
778 1919 937 1958 Petrum
962 1925 1001 1957 et
1029 1919 1194 1957 Paulum
1228 1920 1366 1959 eodem
1398 1919 1480 1968 die,
1519 1926 1559 1958 et

101 1989 228 2024 anno,
259 1975 453 2027 Martyrio
476 1982 687 2014 coronatos
716 1975 848 2028 ajunt3
878 1989 929 2014 ex
956 1975 1098 2027 quibus
1123 1976 1239 2015 etiam
1265 1983 1324 2015 est
1351 1976 1557 2025 Eusebius,

101 2031 171 2086 qui
192 2031 444 2084 Dionysium,
474 2032 770 2071 Corinthiorum
796 2033 1058 2086 Episcopum,
1085 2031 1207 2084 hujus
1236 2034 1296 2072 rei
1322 2039 1460 2072 testem
1490 2047 1560 2085 ap-

99 2089 236 2142 pellat.
294 2089 437 2128 Euseb.
460 2090 683 2128 Ecclesiast.
701 2090 801 2128 Hist.
835 2090 902 2131 lib.
938 2094 977 2132 2.
1007 2103 1091 2142 cap.
1112 2093 1179 2132 24.
1237 2090 1314 2128 Alii
1339 2096 1471 2128 tamen
1491 2104 1558 2128 eo-

101 2146 190 2184 dem
213 2145 370 2198 quidem
389 2145 469 2185 hoc
489 2146 572 2196 die,
603 2160 705 2185 anno
728 2160 822 2185 vero
851 2147 1030 2196 diverso,
1058 2147 1204 2184 factum
1224 2147 1386 2185 volunt:
1417 2161 1438 2185 e
1457 2160 1557 2198 quo-

100 2216 192 2241 rum
209 2216 372 2242 numero
398 2204 549 2242 Auctor
563 2210 697 2242 noster
719 2216 801 2242 esse
819 2203 1000 2254 videtur;
1029 2203 1096 2241 ubi
1126 2203 1305 2242 diversos
1329 2204 1444 2241 etiam
1460 2217 1556 2255 pro-

101 2260 180 2300 fert
211 2260 318 2299 Coss.
346 2260 539 2299 Neronem
571 2267 610 2299 et
639 2261 872 2308 Lentulum,
915 2260 984 2312 qui
1012 2260 1268 2299 Consulatum
1298 2260 1452 2299 scilicet
1480 2273 1558 2298 una

103 2322 308 2368 gesserunt
322 2317 491 2356 Neronis
510 2318 610 2370 Imp.
633 2331 694 2358 an.
714 2321 755 2360 7.
777 2317 993 2356 secundum
1013 2317 1235 2357 Helvieum.

218 2376 314 2426 Pog·
345 2377 440 2417 257.
474 2378 538 2416 13.
575 2371 677 2414 διότι
707 2370 971 2425 ἆπεκεφᾶλισε
1001 2371 1072 2414 τόν
1104 2370 1280 2414 Πιλᾶτον
1308 2371 1410 2424 etc.]
1448 2372 1561 2410 Ridi-

106 2428 196 2467 cula
230 2428 330 2468 haec
367 2431 523 2469 omnia:
572 2431 730 2470 Judaeis
769 2431 998 2470 rebellionis
1037 2445 1169 2469 ansam
1216 2429 1397 2480 praebuit
1441 2428 1561 2467 Cestii

106 2484 190 2524 sive
211 2485 335 2536 Gessii
352 2486 483 2537 Flori,
511 2487 681 2526 Iudaeae
700 2488 912 2538 Praefecti,
942 2488 1119 2526 avaritia.
1150 2486 1241 2526 vide
1268 2485 1426 2538 loseph.
1446 2485 1560 2524 Anti-

107 2541 206 2594 quit.
224 2541 372 2583 Judaic.
395 2543 465 2583 lib.
488 2548 554 2588 20·
575 2551 613 2583 et
637 2545 727 2584 Cor.
749 2545 926 2584 Tacitum
940 2575 952 2594 ‚
981 2545 1082 2584 Hist.
1105 2543 1145 2586 5.

218 2596 314 2651 Pag.
342 2603 435 2643 257.
471 2604 535 2642 19.
565 2598 698 2655 χώραν
725 2598 827 2653 ἄλην
858 2601 901 2642 ἐν
927 2603 978 2657 τῇ
1006 2596 1175 2655 Πόντῳ]
1206 2598 1325 2637 Forte
1353 2597 1562 2648 legendum

108 2652 247 2706 ἄλλην.
307 2655 412 2695 Duae
431 2658 660 2698 Provinciae
682 2672 702 2696 a
721 2659 876 2697 Nerone
893 2657 1065 2709 Imperio
1086 2656 1261 2695 Romano
1284 2654 1460 2707 adjectae
1482 2668 1564 2693 me-

108 2716 316 2750 morantur
332 2713 380 2751 ab
401 2714 617 2767 Eutropio,
649 2721 687 2754 et
714 2715 925 2766 Suetonio,-
955 2715 1120 2760 Pontus,
1159 2718 1199 2751 et
1233 2711 1354 2763 Alpes
1389 2712 1563 2751 Cottiae:

109 2766 242 2820 prior,
273 2770 511 2808 concedente
534 2785 625 2822 rege
647 2772 881 2821 Polemone3
922 2784 1002 2809 non
1021 2783 1041 2807 a
1071 2769 1281 2808 Polemone
1309 2769 1443 2806 nescio
1485 2781 1563 2818 quo

110 2825 276 2864 Neronis
302 2825 400 2866 Duci
417 2826 642 2880 subjugata,
672 2828 737 2867 Tit
769 2832 833 2873 18.
892 2823 1103 2880 Augendi,
1130 2823 1456 2880 propagandique
1483 2823 1567 2863 Im·
