1838 3230
192 490 223 524 C

198 1164 230 1199 D

103 1240 135 1274 O
162 1238 227 1273 125

201 1712 233 1747 E

241 167 340 214 406
412 137 414 139 ’
634 162 921 208 IOANNIS
950 164 1291 214 MALALAE

241 278 369 337 τῆσας
395 280 467 325 τὸν
495 282 667 338 βασιλέα
698 279 909 337 ἀπελύθη,
955 283 1081 339 μηδὲν
1111 280 1384 337 ἀνασχόμενος
1410 285 1549 339 λαβεῖν
1576 285 1691 339 παρὰ

242 354 317 394 τοῦ
338 349 465 393 mito&
494 351 715 405 βασιλέως·
750 345 802 404 ἦν
825 349 902 406 γὰρ
934 349 1123 401 κελεύσας
1151 351 1277 394 αὐτὸν
1295 355 1434 404 λαβεῖν
1453 350 1693 408 κεντηνάρια

243 418 446 473 τέσσαρα·
498 417 609 469 ὅστις
637 414 864 475 φιλόσοφος
882 418 1075 462 ἀπελθών
1105 419 1148 461 ἐν
1169 416 1365 474 Ἀθήναις
1399 421 1454 469 εἰς
1482 419 1556 476 τὴν
1585 421 1693 462 ἰδίαν

246 484 361 528 πόλιν
395 485 548 535 εὐθέως
583 483 846 540 ἐτελεύτησεν.
915 485 1047 541 ἔλεγον
1077 486 1124 529 δέ
1148 503 1251 536 τινες
1282 487 1324 529 ἓν
1358 489 1693 533 Κωνσταντινου-

245 551 358 596 πόλει
393 552 454 595 ὅτι
490 553 571 596 ἀπὸ
604 558 679 608 τῆς
698 553 857 609 θέρμης
879 558 952 596 τοῦ
983 552 1113 608 ἡλίου,
1150 553 1205 604 ὥς
1224 552 1472 598 λεπτότατον
1495 554 1608 608 ὄντα,
1643 554 1726 599 vas

243 625 359 664 θεῖον
380 619 537 675 ἄπυρον
565 619 803 678 ῥιπτόμενον
822 622 878 671 εἲς
898 621 970 664 τὸν
991 621 1091 678 ἀέρα
1127 621 1293 664 ἅπτεται
1329 625 1394 664 καὶ
1424 620 1595 679 φυσικόν
1611 623 1696 666 ἔστι

243 692 379 731 τοῦτο.
449 685 471 730 ὅ
503 689 548 732 δὲ
586 687 830 739 Βιταλιανὸς
863 687 1055 733 ἀπελθὼν
1096 690 1138 733 ἐν
1174 688 1368 750 Ἀγχιάλῳ
1401 688 1581 746 ἐκάθητο
1619 690 1703 734 ἐκεῖ·

244 753 465 811 ἡσυχάζων.
1198 791 1205 796 .

343 823 410 866 Ἐν
431 824 475 866 δὲ
493 829 579 873 τοΐς
594 820 757 879 χρόνοις
768 828 840 868 τοῦ
859 823 985 867 αὐτοῦ
998 823 1263 867 Ἀναστασίου
1281 825 1480 879 βασιλέως
1496 825 1534 867 οἱ
1550 819 1697 868 Οὗννοι

247 889 439 947 Σᾶβειροι
460 889 708 948 περάσαντες
726 892 800 942 τὰς
823 894 1016 942 Κασπίας
1035 890 1179 945 πύλας,
1217 892 1338 943 ἔθνος
1356 891 1695 947 πολεμικώτατον,
1708 903 1753 938 10

246 956 379 1015 ἦλθον
400 959 473 1010 ἕως
495 961 810 1014 Καππαδοκίας,
846 962 911 1002 καὶ
931 958 1243 1016 πραιδείσαντες
1263 960 1390 1016 αὐτὴν
1409 962 1475 1003 καὶ
1499 959 1599 1011 ὅσας
1617 978 1699 1004 πα-

251 1031 408 1083 ρῆλθον
421 1026 561 1084 χώρας
575 1025 807 1081 Ῥωμαίων,
844 1030 909 1070 καὶ
930 1026 1153 1085 ἐφόνευσαν
1176 1028 1351 1078 πολλοὺς
1368 1030 1433 1071 καὶ
1452 1027 1629 1071 ἔκαυσαν
1646 1027 1699 1072 τὰ

251 1094 436 1150 κτήματα
458 1097 522 1137 καὶ
541 1094 734 1149 λαβόντες
755 1098 1034 1151 αι’χμαλωσίαν
1054 1095 1207 1151 πολλὴν
1224 1094 1498 1151 ἀνεχώρησαν.
1566 1092 1700 1151 ἦλθον

252 1164 298 1205 δὲ
318 1163 355 1205 οἳ
372 1163 451 1205 ἀπὸ
466 1167 540 1217 τῆς
561 1165 839 1217 αἰχμαλωσίας
859 1164 1169 1220 πραιδευθ·έντες
1180 1196 1192 1216 ,
1229 1166 1294 1205 καὶ
1313 1164 1441 1206 πολλὰ
1464 1163 1659 1220 παρέσχεν
1678 1161 1700 1206 ὃ

252 1231 444 1284 βασιλεὺς
463 1238 547 1280 τοῖς
571 1233 872 1286 πραιδευθεΐσιν
892 1230 1063 1286 ἑκάστης
1079 1230 1243 1281 πόλεως.
1296 1230 1422 1274 ἔκτισε
1441 1232 1485 1274 δὲ
1506 1233 1572 1274 καὶ
1591 1233 1699 1287 τείχη
1712 1240 1755 1276 15

251 1305 341 1347 ταῖς
351 1296 541 1354 μεγάλαις
558 1296 712 1352 κώμαις
722 1301 1019 1348 Καππαδοκίας
1039 1301 1104 1341 καὶ
1122 1299 1379 1354 ἰ’σφαλίσατο
1400 1299 1474 1349 τὰς
1493 1297 1566 1342 ‹Ji-o
1578 1302 1703 1343 Καπ-

252 1367 470 1416 παδοκίας’
506 1367 572 1409 καὶ
590 1365 842 1422 συνεχώρησε
862 1365 1012 1416 πάσαις
1037 1373 1127 1416 ταῖς
1149 1368 1478 1423 πραιδευθείσαις
1493 1368 1702 1423 ἐπαρχίαις

251 1433 326 1483 τὰς
345 1435 573 1483 συντελείας
590 1435 644 1482 εἷς
663 1434 811 1476 τέλειον
833 1435 895 1475 ε’πὶ
918 1433 986 1488 ἔτη
1006 1433 1055 1489 γ’.

349 1501 435 1543 Ἐπὶ
458 1502 502 1544 δὲ
525 1505 599 1555 τῆς
618 1500 745 1544 αὐτοῦ
771 1503 979 1555 βασιλείας
997 1501 1148 1543 ἔπαθεν
1165 1499 1245 1543 ὖπὸ
1263 1501 1488 1556 θεομηνίας
1510 1498 1536 1556 ἦ
1563 1497 1702 1550 Ῥόδος

251 1573 375 1623 νῆσος
401 1569 447 1610 τὸ
475 1570 612 1623 τρίτον
640 1568 766 1623 αὐτῆς
794 1567 933 1618 πάθος
963 1566 1126 1618 νυκτός·
1196 1570 1262 1611 καὶ
1291 1569 1421 1611 πολλὰ
1452 1568 1591 1618 αὐτοῖς
1617 1574 1757 1618 τοῖςω

252 1640 566 1694 περιλειφθεῖσιν
591 1637 807 1692 ἐχαρίσατο
842 1639 907 1679 καὶ
938 1641 988 1693 τῇ
1021 1634 1131 1678 πόλει
1166 1634 1271 1694 λόγῳ
1303 1633 1547 1690 κτισμάτων.

351 1703 419 1747 Ἐν
441 1704 485 1746 δὲ
501 1707 552 1761 τῇ
574 1703 702 1746 αὐτοῦ
721 1706 906 1763 βασιλείᾳ
941 1704 1091 1760 ἐγένετο
1113 1703 1308 1758 δημοτικὴ
1329 1701 1600 1753 ἐπανάστασις
1630 1719 1703 1747 πε-

348 1812 404 1848 10.
427 1809 720 1856 πολεμικώτατον
742 1812 828 1854 Ch.‚
851 1810 1137 1855 πολεμικότατον
1160 1811 1228 1845 Ox.

257 1903 344 1948 plius
367 1902 594 1945 Atheniensis,
628 1902 821 1937 discedendi
845 1902 1009 1936 facultate
1032 1903 1075 1936 ab
1098 1902 1308 1946 Imperatore
1329 1901 1532 1947 impetrata,
1555 1899 1705 1936 dimissus

259 1953 330 1989 est,
357 1953 502 1991 quatuor
524 1948 732 1982 Centenaria
754 1948 909 1993 accipere
932 1950 975 1982 ab
998 1949 1070 1992 ipso
1091 1948 1222 1991 jussusz
1255 1946 1384 1988 Quibus
1415 1952 1527 1980 tamen
1556 1957 1624 1980 non
1646 1957 1707 1981 ac·

258 1993 388 2036 ceptis,
421 2004 545 2026 vacuus
578 1993 614 2027 in
637 1994 753 2027 urbem
785 2005 877 2028 suam
907 1993 1083 2028 discedere
1113 1992 1250 2033 maluit;
1286 1992 1345 2026 ubi
1375 1992 1477 2038 paulo
1510 1996 1586 2038 post
1617 1991 1705 2025 diem

259 2037 356 2073 obiit.
400 2036 566 2071 Dixerunt
589 2043 698 2072 autem
722 2050 764 2072 ex
787 2038 1168 2084 constantinopolitanis
1189 2037 1357 2079 nonnulli,
1394 2037 1542 2082 Sulphur
1565 2037 1630 2071 hoc
1651 2035 1704 2070 vi-

259 2093 359 2123 vum,
381 2082 415 2116 in
439 2085 550 2116 aerem
574 2085 781 2127 projectum,
814 2084 1058 2118 subtilissimum
1083 2095 1155 2117 cum
1178 2084 1241 2125 sit,
1275 2082 1377 2118 radiis
1399 2081 1562 2117 solaribus
1585 2091 1706 2115 accen-

261 2128 317 2167 di3
342 2131 377 2161 et
398 2127 554 2161 Naturae
573 2128 673 2161 etiam
695 2128 821 2162 viribus
847 2131 929 2162 baec
953 2128 1074 2174 perfici
1097 2128 1256 2172 potuisse.
1304 2128 1484 2162 Caeterum
1505 2126 1704 2170 Vitalianus,

259 2172 294 2206 in
318 2171 513 2206 Anchialum
535 2173 707 2212 secedens,
728 2174 797 2207 illic
819 2175 947 2208 demum
969 2173 1152 2216 acquievit.

350 2217 509 2261 Ejusdem
539 2217 704 2251 Anastasii
741 2219 802 2251 sub
834 2219 980 2263 Imperio
1013 2219 1128 2252 Hunni
1161 2216 1295 2258 Sabim,
1331 2229 1413 2262 gens
1446 2215 1703 2258 bellicosissima,

260 2263 379 2297 Portis
401 2262 533 2307 Caspiis
555 2262 726 2306 trajectis,
761 2263 1012 2308 Cappadociam
1046 2264 1193 2307 adusque
1216 2266 1451 2307 penetrarunt:
1484 2272 1605 2306 quam,
1637 2272 1705 2295 una

261 2319 335 2342 cum
357 2308 400 2341 iis
423 2308 523 2342 etiam
546 2308 705 2348 omnibus,
729 2319 810 2351 quas
833 2309 1078 2352 praeteribant,
1100 2308 1293 2353 regionibus
1312 2308 1536 2341 Romanorum
1559 2305 1706 2351 deprae-

262 2354 402 2395 dantes,
428 2352 683 2398 quamplurimos
706 2352 864 2386 occisioni
888 2354 1073 2387 dederunt:
1097 2358 1133 2387 et
1156 2352 1411 2398 possessionibus
1434 2362 1548 2385 eorum
1569 2351 1704 2395 ignibus

262 2398 468 2439 devastatis,
493 2409 565 2431 cum
588 2397 715 2442 praeda
737 2397 869 2441 ingenti
891 2403 1113 2433 recesserunt.
1168 2396 1412 2431 Accedentibus
1433 2396 1550 2440 itaque
1574 2397 1616 2430 ad
1640 2397 1706 2430 lm-

261 2448 454 2489 peratorem
478 2455 499 2477 a
520 2443 660 2486 singulis
680 2442 747 2476 suis
781 2443 919 2477 urbibus
948 2443 1006 2487 qui
1038 2443 1131 2477 bonis
1159 2442 1226 2476 suis
1247 2441 1340 2475 exuti
1371 2442 1528 2482 fuerant,
1572 2442 1705 2476 abunde

262 2489 312 2523 eis
334 2488 583 2533 suppeditatum
605 2492 666 2522 est.
722 2487 814 2527 Quin
846 2493 882 2521 et
903 2488 1101 2532 grandiores
1123 2487 1361 2531 Cappadociae
1382 2496 1488 2531 pagos
1519 2487 1707 2531 Imperator

243 2534 434 2569 >moenibus
466 2533 591 2573 cinxit;
623 2531 875 2577 Cappadociam
905 2544 1038 2576 quoque
1069 2536 1244 2576 utramque
1274 2531 1532 2576 propugnaculis
1555 2531 1707 2574 munivit,

261 2578 422 2623 spoliatas
444 2577 545 2612 etiam
569 2577 764 2612 Provincias
785 2588 806 2611 a
828 2577 965 2611 tributis
994 2577 1246 2622 quibuscunque
1269 2576 1472 2621 pandendis,
1506 2589 1569 2622 per
1599 2576 1705 2612 trien-

263 2624 374 2665 nium,
397 2624 557 2657 immunes
580 2635 653 2657 esse
671 2622 777 2666 jussit.

356 2668 483 2702 Eodem
519 2669 729 2713 Imperante,
762 2666 896 2701 tertiam
926 2666 1088 2701 Coelestis
1122 2665 1195 2699 irae
1223 2665 1504 2708 vicissitudinem,
1542 2670 1704 2700 nocturno

242 2717 418 2757 'tempore
439 2724 538 2757 passa
567 2718 619 2747 est
641 2713 779 2746 Rhodus
807 2712 931 2746 insula:
967 2712 1012 2745 ad
1043 2722 1142 2756 quam
1173 2711 1438 2754 resarciendam,
1472 2711 1706 2756 superstitibus

266 2756 380 2792 incolis
407 2759 592 2802 Imperator
615 2757 756 2803 plurima
780 2757 921 2801 largitus
943 2760 1005 2790 est.

359 2803 517 2846 Ejusdem
539 2804 599 2838 sub
622 2803 783 2848 imperio,
808 2802 965 2838 tumultus
986 2801 1022 2835 in
1044 2801 1168 2848 populo
1191 2800 1400 2847 Byzantho,
1423 2800 1608 2847 Religionis
1625 2811 1706 2835 cau·
