1838 3230
0 0 51 133 ξῖ

14 111 41 160 J

11 164 31 190 >f

5 199 29 216 ⁷„

4 231 33 248 ,ἒ

3 253 13 286 ³²
42 282 204 339 ent-m}
235 279 305 325 Bw}
320 279 378 336 μοὶ
408 278 546 335 μηδέν.
602 279 774 320 Proinde
792 279 842 318 de
867 277 1053 318 hocloco
1076 275 1170 317 mihi
1190 276 1298 314 nulla
1317 275 1512 316 dubitatio

12 339 315 395 fest-‚¹13uin'in
332 337 553 379 versiculos
571 337 712 389 reponi
730 336 872 376 debeat
896 336 948 375 ad
967 334 1048 373 hoc
1071 333 1316 385 exemplunm

10 392 20 414 ⁷
87 410 93 415 ·
235 427 239 431 -
261 393 395 450 Θῆρές
410 389 450 435 τ’
471 394 611 435 οἰωνοί
631 408 672 434 τε
691 394 848 447 βροτῶν
874 389 914 433 τ’
934 387 1115 445 ἅλιτήρια
1130 392 1242 441 φῦλα

259 455 401 504 Αχθεα
417 452 492 506 γῆς
507 449 651 491 εἴδωλα
671 448 907 503 τετυγμένα,
937 445 1101 501 μηδαμά
1122 445 1246 500 μηδὲν

259 504 452 558 Efficias,
481 503 574 548 οὔτε
600 510 739 547 κακοῖο
759 504 1093 559 προσερχομένοιο
1122 506 1270 556 νοῆσαι
1368 514 1371 515 ’
1539 497 1573 531 0
1597 498 1620 533 6

265 560 524 617 Φράδμονες,
554 559 645 604 οὔτ’
666 560 826 603 ἄποθεν
846 558 942 615 μάλ’
968 558 1217 614 ἀποστρέψαι
1234 555 1457 613 κακότητος,

265 616 351 662 Οῧτ
395 615 558 674 ἀγαθοῦ
577 615 791 673 παρεόντος
807 617 1042 674 ἐπιστρέψαι
1059 632 1100 658 τε
1119 616 1185 657 καὶ
1206 617 1313 671 ἔρξαι

264 677 416 731 Ιδριες,
447 671 546 716 ἄλλα
577 673 708 729 μάτην
735 672 981 728 οἷδαήμονες,
1011 669 1269 727 ἀπρονόητοι.

0 764 4 771 .
44 731 110 772 Ad
137 730 248 772 hunc
266 732 538 785 Orphicorum
567 746 771 772 numerum
800 747 882 771 non
909 732 1050 770 dubito
1069 730 1292 769 adscribere
1322 743 1421 783 quae
1447 744 1514 770 ex-

44 794 131 828 tant
149 803 191 842 p.
210 793 289 833 80.
305 788 382 828 εἰεί
407 801 451 828 ea
473 789 674 828 Mercurio
691 790 945 840 Trismegisto
975 787 1192 827 attribuant
1211 787 1371 827 Malelas
1383 818 1394 838 ‚
1424 788 1517 826 Sui-

44 845 141 895 das,
170 844 397 896 Cedrenus,
427 845 556 884 Autor
583 845 769 885 Chronici
789 845 989 884 Paschalis
1020 850 1060 883 et
1082 844 1130 882 de
1153 857 1231 895 quo
1259 844 1516 896 postmodum

43 901 164 955 plura
184 901 265 943 MS.
287 901 566 944 Baroccianus.
622 903 784 942 Scilicet
803 903 850 941 ab
873 900 1075 942 autoribus
1094 901 1219 939 multo
1244 901 1331 952 plus
1354 901 1517 948 idoneis,

4 955 5 959 ’
45 958 259 998 8.,Ιωῑίηο
278 959 320 997 in
336 958 589 998 Paraenetica
608 960 659 998 ad
677 960 872 1007 Graecos,
904 966 942 998 et
961 960 998 997 S.
1020 958 1170 1009 Cyn-illo
1191 957 1381 997 adversus
1395 959 1519 996 Julia-

44 1027 143 1054 num
166 1015 220 1054 ad
238 1013 402 1067 Orphea
421 1015 466 1056 ἐν
480 1019 565 1064 τοῖς
580 1012 716 1066 ὅρκοις
736 1018 984 1055 reseruntur:
1015 1014 1086 1053 ubi
1105 1014 1222 1053 etiam
1244 1027 1379 1054 veram
1397 1015 1518 1067 hujus

47 1070 190 1121 λέξεως
220 1071 459 1124 scripturam
490 1071 680 1111 offendes.
736 1073 899 1112 Malelas
927 1073 1030 1111 enim
1060 1085 1150 1110 cum
1179 1084 1251 1110 suo
1280 1085 1398 1123 grege
1420 1072 1522 1110 anti-

46 1140 168 1180 quam
192 1127 291 1168 adeo
316 1126 386 1166 hic
413 1129 737 1168 consuetudinem
764 1129 963 1179 obtinent,
990 1135 1038 1168 ut
1057 1127 1156 1166 nihil
1184 1128 1366 1168 sentiant.
1424 1130 1520 1169 Pro·

46 1184 155 1225 xime
171 1191 304 1223 autem
325 1184 375 1224 ad
393 1184 554 1224 Joannis
577 1186 699 1225 verba
720 1186 904 1236 accedes,
935 1186 969 1224 si
992 1185 1046 1224 ita
1065 1185 1227 1236 legeris:

267 1239 456 1294 Ουρανόν
477 1239 616 1296 ὁρκίζω
637 1254 680 1283 σε
711 1246 814 1284 θεοῦ
835 1239 1007 1296 μεγάλου
1026 1239 1152 1289 σοφὸν
1170 1241 1299 1294 ἔργον,

269 1297 424 1351 Ορκίζω
441 1293 481 1338 σ’
507 1294 640 1351 αὐδήν
657 1297 829 1354 πατρός,
853 1296 908 1352 ἣν
932 1297 1156 1352 ἐφθέγξατο
1178 1300 1350 1352 πρῶτον,

265 1353 401 1395 Evina
420 1349 575 1408 κόσμον
603 1351 760 1396 ἅπαντα
777 1355 823 1412 ἑῇ
851 1355 1056 1409 στηρίξατο
1075 1356 1217 1410 βουλῇ.

159 1409 271 1449 Ficta
300 1410 366 1450 illa
403 1415 442 1449 et
469 1412 735 1451 commentitia
765 1413 925 1452 oracula
953 1425 1052 1464 quae
1083 1411 1203 1450 habes
1231 1426 1273 1464 p.
1295 1410 1361 1454 42.
1390 1415 1458 1455 79.
1483 1419 1522 1452 et

50 1468 144 1510 172.
163 1465 264 1510 adeo
278 1467 420 1506 misere
442 1480 489 1506 ac
508 1467 624 1507 foede
643 1476 805 1522 accepta
830 1475 943 1517 sunt,
972 1469 1025 1506 ita
1045 1468 1167 1507 verba
1188 1468 1342 1519 poetica
1360 1469 1401 1507 in
1424 1483 1522 1520 quo-

47 1522 244 1563 tidianum
270 1536 491 1563 sermonem
521 1524 749 1575 immutata,
787 1533 833 1565 ut
860 1526 931 1565 vix
959 1525 1138 1564 invenias
1164 1525 1318 1577 disjecti
1350 1526 1524 1572 membra

48 1585 204 1632 poetae.
263 1579 533 1628 Quamobrem
559 1581 602 1620 in
628 1581 677 1621 iis
706 1581 983 1633 recolligendis
1018 1582 1412 1634 redintegrandisque
1442 1583 1526 1622 fru-

49 1641 132 1674 stra
152 1647 312 1688 operam
335 1642 542 1676 conterere
559 1651 641 1676 non
657 1638 777 1688 libet3
806 1637 1044 1692 praesertim
1064 1651 1154 1676 cum
1173 1639 1341 1678 ,loannes
1360 1640 1445 1693 ipse
1463 1654 1524 1678 sa-

47 1691 104 1731 tis
126 1699 266 1760 aperte
291 1693 486 1743 fateatur,
515 1707 557 1732 se
580 1707 681 1745 quae
709 1693 776 1736 διὰ
807 1695 948 1747 στίχων
975 1695 1122 1747 scripta
1150 1695 1329 1744 fuerant,
1360 1697 1416 1745 εἰς
1449 1693 1525 1748 τήν

49 1762 197 1800 κοινην
219 1744 425 1790 διάλεκτον
444 1749 683 1790 immutasse.
742 1751 889 1790 Verum
903 1783 915 1801 ‚
944 1757 989 1789 ut
1008 1751 1119 1790 beem
1140 1751 1294 1803 aliquos
1310 1759 1390 1791 tam
1412 1759 1523 1805 opta-

49 1803 123 1844 bili
143 1805 314 1855 nuncio,
345 1811 406 1845 est
422 1805 525 1845 liber
545 1807 691 1846 Oxonii
713 1821 836 1846 annos
856 1807 999 1846 abhinc
1016 1815 1116 1860 puto
1132 1822 1194 1848 nc.
1217 1809 1367 1847 calamo
1386 1823 1524 1849 exara-

48 1867 139 1908 tus;
165 1861 210 1899 in
233 1875 314 1914 quo
342 1875 422 1900 non
444 1876 573 1915 pauca
597 1870 735 1903 extant
767 1864 939 1903 Oracula
958 1864 1160 1905 Malelanis
1178 1864 1242 1903 his
1271 1867 1521 1916 germanissi-

49 1930 136 1957 ma:
165 1930 269 1970 quae
297 1918 330 1956 si
351 1919 482 1958 omnia
500 1918 568 1958 hic
582 1920 624 1960 in
645 1921 775 1960 lucem
801 1922 1025 1974 proferam,
1058 1922 1218 1974 quando
1238 1922 1341 1961 bella
1362 1924 1518 1963 occasio

49 1980 133 2024 est,
186 1987 281 2014 sane
310 1974 443 2027 (quod
469 1975 512 2014 in
539 1977 781 2018 Graecorum
806 1978 1024 2031 proverbio
1052 1976 1138 2032 est)
1169 1980 1315 2031 patella
1338 1980 1519 2020 videatur

51 2031 289 2083 operculum
304 2031 516 2073 invenisse.
565 2035 688 2087 Spero
706 2035 822 2073 etiam
840 2049 902 2074 me
919 2035 1070 2087 gratiae
1090 2036 1380 2088 aliquantulum
1397 2038 1518 2078 initu-

51 2099 143 2127 rum
176 2087 226 2126 ab
253 2086 481 2127 hominibus
517 2089 594 2129 illis
622 2092 883 2143 perelegantis
908 2092 1068 2145 judicii,
1116 2092 1186 2145 qui
1213 2093 1382 2134 oracula
1416 2109 1517 2146 quae

51 2144 175 2195 vulgo
191 2144 373 2184 feruntur
389 2145 579 2198 Sibyllina
610 2155 796 2199 tanquam
821 2149 868 2187 ab
887 2163 965 2188 anu
986 2149 1146 2188 fatidica
1166 2150 1316 2189 Noachi
1334 2151 1413 2190 filia
1434 2153 1519 2191 susa

52 2206 301 2242 venerantur.
359 2201 508 2241 Adeste
534 2204 655 2255 igitur
683 2204 717 2242 O
745 2218 840 2245 vere
865 2207 1163 2259 σιβυλλιιὸντες,
1193 2207 1366 2259 lotisque
1394 2210 1519 2248 mani-

51 2257 129 2297 bus
149 2269 262 2298 sacra
287 2257 388 2297 haec
405 2259 566 2310 tangite.

278 2314 463 2368 Χρησμοὶ
484 2315 553 2357 καὶ
583 2317 791 2371 Θεολογίαι
817 2315 1013 2373 Ελλήνων
1046 2317 1300 2372 Φιλοσόφων.
1545 2292 1626 2374 ἕξ

768 2408 799 2447 I.

620 162 919 208 EPISTOLA.
1410 165 1508 213 683

317 2534 329 2548 Ι
356 2485 501 2537 Ερμοῦ
537 2486 719 2539 μεγίστου
747 2487 839 2542 περὶ
874 2485 1217 2542 Παντοκρᾶτορος.

167 2539 401 2591 Anum-mov
420 2539 547 2592 πυρός
566 2541 709 2596 ὄμματι
724 2541 913 2600 γρήγορε,
944 2541 1093 2599 δρόμον
1116 2545 1279 2600 αἰθέρος
1296 2546 1519 2599 ζωογοναῖν,

56 2590 174 2646 ἡλίου
203 2593 362 2648 θέρμην
391 2595 620 2651 κρατύνων,
661 2603 824 2643 λαίλαπι
851 2605 1052 2655 μεθιστῶν
1082 2600 1208 2654 νέφη,
1254 2599 1432 2655 τοῦνομα
1461 2601 1518 2656 μή

56 2652 198 2702 χωρῶν
209 2649 253 2691 ἐν
271 2648 422 2709 κόσμῳ,
444 2652 624 2706 ἄφθιτον
638 2653 808 2700 οἷένναον
824 2659 1124 2699 πανεπίσκοπον
1135 2656 1251 2711 ὄμμα·
1272 2658 1423 2713 πατέρα
1437 2663 1519 2701 τῶν

59 2702 166 2747 ὅλων
175 2704 277 2748 θεόν
299 2706 396 2750 ὄντα
413 2707 549 2763 μόνον,
571 2709 647 2754 α’π’
667 2711 832 2763 οὐδενὸς
844 2715 981 2768 ἔχοντα
994 2711 1120 2768 ἀρχήν
1137 2715 1307 2769 ἔγνωκα·
1331 2715 1400 2756 ἕνα
1420 2713 1516 2769 μετά

59 2773 104 2802 σε
125 2760 223 2804 ὄντα
250 2761 376 2817 μόνον
398 2766 441 2807 ἐκ
467 2772 542 2809 σοῦ
558 2771 726 2825 γεραίρω
751 2770 865 2822 υἱόν,
896 2770 946 2813 ὃν
967 2769 1080 2828 ῥώμῃ
1107 2767 1319 2826 οἷπορῤήτω
1342 2771 1410 2814 καὶ
1425 2769 1517 2822 ὀξυ-

60 2816 154 2875 τέρα
182 2825 304 2878 φωνῇ
326 2822 430 2865 ἴδιον
453 2820 580 2876 εὐθύς
597 2825 795 2882 ἀφθόνως
816 2828 883 2870 καὶ
904 2824 1076 2879 ἀπαθῶς
1098 2813 1378 2884 ἄπογεννῆτως
1398 2827 1517 2884 λόγον
