1838 3230
419 183 1055 230 CHRONOGRAPHIA.
1110 184 1163 230 L.
1191 184 1308 231 XVI.
1496 190 1597 241 403

131 302 207 359 τὴν
238 299 410 364 Θρᾴκην
441 305 510 348 καὶ
541 304 616 360 τὴν
640 300 867 362 Εὐρώπην,
918 304 993 355 ἕως
1021 297 1070 347 οὗ
1104 298 1234 360 ἦλθεν
1265 305 1307 348 ἐν
1334 301 1487 356 Σῦκαις
1529 309 1599 350 καὶ

131 372 196 414 ἐπὶ
218 371 293 415 τὸν
321 370 529 416 ἀνάπλουν
557 367 683 430 πέραν
712 370 1209 426 Κοινσταντινουπόλεως,
1253 371 1504 428 βουλόμενος
1529 378 1597 419 καὶ

130 439 262 495 αὐτὴν
277 439 714 485 ,Κωνσταντινούπολιν
745 445 899 495 λαβεῖν.
970 443 1039 484 καὶ
1061 439 1242 497 ἐκάθητο
1264 443 1306 485 ἐν
1338 446 1397 502 τῷ
1424 441 1595 503 ἀνάπλῳ

130 507 195 550 ἐπὶ
213 508 260 552 τὸ
279 506 492 565 λεγόμενον
512 508 737 565 Σωσθένην
765 510 808 552 ἓν
840 513 899 568 τῷ
924 508 1121 569 εὖκτηρίῳ
1140 515 1214 553 τοῦ
1234 509 1482 568 ἀρχαγγέλου
1503 515 1596 556 Μι-

97 585 120 622 5
126 573 250 631 χαῆλ.
319 574 342 620 ὅ
374 578 419 620 δὲ
446 577 640 630 βασιλεὺς
662 575 929 627 Ἀναστάσιος
955 576 1098 636 πρῴην
1115 579 1190 633 μέν
1209 574 1260 634 ἦν
1279 578 1596 636 μεταστειλάμε-

129 661 202 694 νος
228 644 297 688 διὰ
316 646 513 702 Μαρίνου
547 645 620 689 τὸν
659 643 889 703 φιλόσοφον
916 644 1109 702 Πρόκλον
1142 646 1214 689 τὸν
1237 646 1481 703 Ἀθηναῖον,
1519 648 1596 693 ἅν-

129 713 212 769 δρα
237 711 504 770 περιβόητον,
575 716 642 757 καὶ
671 713 777 757 εἶπεν
806 712 960 773 αὖτῷό
988 714 1181 767 βασιλεὺς
1204 714 1488 771 Ἀναστάσιος,
1542 718 1601 760 Τί

128 779 208 836 ἔχω
230 785 398 837 ποιῆσαι
414 787 474 840 τῷ
494 784 582 826 κυνὶ
607 782 755 842 τούτῳ,
794 781 856 826 ὅτι
889 781 1023 833 οὕτως
1042 781 1238 840 ταράσσει
1256 801 1307 838 με
1330 787 1397 828 καὶ
1420 785 1496 841 τὴν
1517 803 1595 829 πο-

126 850 302 903 λιτείαν,
340 848 540 909 φιλόσοφε
550 871 566 907 ‚-
603 849 625 895 ὅ
653 852 698 894 δὲ
726 849 921 908 Πρόκλος
950 849 1056 895 εἶπεν
1082 851 1210 911 αὐτῷ,
1240 853 1318 908 Μὴ
1349 852 1593 910 ἀθυμήσεις,
1615 859 1646 894 Β

71 920 316 973 1οβασιλεῦ·
351 917 489 976 φεύγει
517 919 597 976 γὰρ
626 921 693 963 καὶ
718 919 959 976 ἀπέρχεται,
995 919 1022 976 ἢ
1052 918 1182 977 μόνον
1208 920 1382 975 πέμψεις
1403 921 1491 965 κατ’
1515 923 1593 965 αὐ-

123 990 200 1030 τοῦ
219 1003 346 1037 τινας.
415 989 483 1031 καὶ
504 988 660 1038 εὐθέως
682 986 703 1031 ὅ
728 988 922 1042 βασιλεῦς
937 987 1207 1039 Ἀιαστάσιος
1226 987 1308 1032 εἶπε
1333 991 1511 1050 Μαρίνῳ
1533 996 1593 1051 τῷ

125 1052 249 1114 Σύρῳ
267 1059 326 1114 τῷ
349 1055 430 1099 ἀπὸ
453 1054 654 1112 ἐπάρχων,
691 1055 838 1100 ἑστῶτι
863 1058 1036 1113 πλησίον
1058 1055 1124 1100 ὅτε
1145 1058 1337 1113 διελέγετο
1359 1056 1380 1101 ὃ
1399 1060 1594 1113 βασιλεὺς

124 1127 184 1182 τῷ
205 1121 419 1183 φιλοσόφῳ
439 1123 646 1184 Πρόκλῳ,
683 1122 935 1168 ὁπλίσασθαι
958 1125 1062 1169 κατὰ
1082 1129 1156 1169 τοῦ
1178 1125 1306 1169 αὐτοῦ
1326 1129 1591 1182 Βιταλιανοῦ,

125 1190 213 1235 ὄντι
244 1192 300 1243 εἷς
325 1192 374 1236 τὸ
410 1193 538 1250 πέραν
563 1191 1049 1244 Κωνσταντινουπόλεως.
1122 1196 1190 1238 καὶ
1219 1195 1322 1252 λέγει
1349 1194 1541 1253 Πρόκλος
1568 1196 1590 1240 ὃ

73 1270 118 1307 15
129 1258 358 1318 φιλόσοφος
391 1260 626 1318 ἔμπροσθεν
642 1266 716 1305 τοῦ
740 1263 942 1316 βασιλέως
988 1263 1167 1322 Μαρίνῳ
1185 1267 1244 1321 τῷ
1262 1261 1408 1323 Σύρῳ,
1448 1264 1503 1309 ‘¹0
1522 1268 1584 1308 δί-
1608 1274 1641 1309 O
1668 1276 1733 1313 121

126 1330 238 1382 δωμί
266 1345 331 1372 σοι
373 1328 497 1384 λα’βε,
533 1332 600 1373 καὶ
627 1329 767 1381 ἔξελθε
799 1330 904 1373 κατὰ
935 1335 1010 1374 τοῦ
1036 1331 1166 1374 αὐτοῦ
1186 1335 1451 1378 Βιταλιανοῢ.
1522 1337 1591 1377 καὶ

124 1398 326 1441 ἐκέλευσεν
346 1395 368 1440 ὃ
389 1398 515 1448 αὐτὸς
535 1397 764 1456 φιλόσοφος
782 1400 997 1455 ἐνεχθῆναι
1015 1399 1063 1443 τὸ
1086 1398 1302 1456 λεγόμενον
1334 1405 1451 1444 θεῖον
1481 1401 1590 1446 ἄπυ-

125 1482 199 1524 ρον
217 1463 336 1519 πολῦ,
369 1466 493 1510 εἰπών
531 1472 719 1525 τριβῆναι
751 1467 853 1511 αὐτὸ
875 1465 932 1518 ὥς
950 1470 1006 1518 εἷς
1024 1475 1156 1524 μΐγμα
1175 1467 1335 1523 λεπτόν,
1373 1472 1442 1512 καὶ
1459 1472 1589 1514 δέδω-

124 1551 167 1577 κε
184 1538 243 1594 τῷ
262 1534 376 1593 αὐτῷ
398 1536 594 1595 Μαρίνῳ,
633 1536 803 1592 εῖρηκώς
825 1536 938 1595 αὐτῷ
962 1534 1026 1580 ὅτι
1058 1536 1191 1580 ’Όπου
1222 1537 1355 1595 ῥίψεις
1382 1539 1426 1588 ἐξ
1455 1539 1584 1582 αὐτοῦ
1608 1546 1637 1581 C

67 1602 202 1649 Ξοεῖτε
235 1605 292 1653 εἷς
323 1601 433 1646 οἶκον
467 1603 545 1647 εἴτε
580 1605 623 1648 ἓν
647 1606 776 1663 πλοίῳ
809 1604 914 1658 μετὰ
940 1603 989 1648 τὸ
1017 1603 1224 1648 ἀνατεῖλαι
1255 1606 1326 1649 τὸν
1344 1604 1484 1662 ἥλιον,
1518 1608 1587 1650 εὖ-

122 1671 234 1721 &ime
251 1669 422 1714 ἅπτεται
456 1669 478 1715 ὅ
501 1670 611 1722 οἶκος
642 1671 669 1728 ἢ
703 1672 752 1715 τὸ
782 1676 924 1715 πλοῖον
958 1675 1026 1715 καὶ
1053 1671 1133 1716 ὗπό
1163 1673 1293 1732 πυρὸς
1311 1672 1581 1720 ἀναλίσκεται.

123 1737 148 1782 ὃ
176 1740 222 1782 δὲ
245 1741 439 1796 Μαρῒνος
464 1739 710 1797 παρεκάλεσε
729 1740 801 1783 τὸν
826 1740 1000 1796 βασιλέα
1031 1742 1102 1784 ἵνα
1138 1742 1208 1785 ἕνα
1243 1746 1328 1786 τῶν
1347 1748 1583 1800 στρατηλα-

123 1811 206 1851 τῶν
233 1806 363 1850 αὐτοῦ
392 1807 537 1866 πέμψῃ
570 1807 838 1864 λαμβάνοντα
868 1809 915 1852 τὸ
942 1807 1167 1867 βοήθημα·
1203 1812 1270 1854 καὶ
1294 1810 1448 1862 εὐθέως
1463 1829 1582 1867 μετε-

211 1917 248 1953 9.
270 1912 498 1963 ὥθυμὴσεις]
522 1916 639 1953 Malim
663 1914 872 1965 ἆθνμῆσῃς.

122 2031 183 2067 cit.
229 2031 320 2067 'rum
341 2043 425 2067 vero
449 2031 634 2066 Thraciam
658 2044 773 2067 rursus
796 2043 924 2068 omnem
956 2037 994 2068 et
1015 2032 1190 2079 Europam
1213 2032 1502 2080 depraedabatur,
1537 2036 1584 2071 ad

121 2078 230 2124 Sycas
253 2078 355 2113 etiam
377 2079 469 2123 ipsas
492 2078 692 2123 perveniens
715 2079 984 2124 Trajectumque
1002 2078 1429 2125 constantinopolitanum3
1463 2082 1582 2116 urbem

121 2123 224 2159 etiam
247 2123 259 2158 i
284 2135 353 2158 sam
375 2123 539 2158 invadere
560 2123 596 2158 in
619 2125 729 2159 animo
753 2126 891 2159 habens.
939 2125 1062 2170 Itaque
1083 2125 1119 2159 in
1143 2126 1311 2170 Trajectu
1334 2125 1428 2172 ipso,
1473 2127 1516 2161 ad
1540 2127 1580 2160 S.

121 2169 263 2205 Michae
276 2169 303 2205 is
328 2169 552 2214 Archangeli,
576 2182 664 2215 quae
685 2171 721 2204 in
746 2170 926 2205 Sosthenio
950 2175 1013 2213 est,
1036 2171 1163 2206 Aedem
1188 2171 1398 2214 oratoriam,
1421 2183 1495 2206 cum
1515 2171 1582 2206 suis

122 2215 286 2251 eomedit.
333 2216 522 2261 Imperator
545 2221 669 2257 autem,
695 2216 859 2250 accersito
876 2210 969 2262 prius
992 2227 1056 2262 per
1078 2216 1245 2252 Marinum
1266 2218 1402 2259 Proclo,
1427 2216 1582 2251 Philoso-

122 2261 192 2306 pho
215 2260 430 2304 Atheniensi,
452 2260 564 2305 magni
588 2261 727 2296 nominis
750 2262 847 2296 viro:
876 2286 901 2303 „
911 2261 976 2296 Dic
1000 2262 1222 2308 Philosophe‚
1247 2263 1358 2307 inquit
1381 2262 1414 2296 ei
1436 2263 1584 2297 Anasta-

122 2305 189 2342 aius
211 2307 421 2353 Imperator,
451 2307 533 2350 quid
557 2307 600 2342 de
624 2307 718 2342 Cane
739 2308 806 2342 hoc
829 2307 980 2342 facturus
1000 2319 1092 2350 sum,
1118 2308 1176 2354 qui
1211 2308 1261 2343 sic
1292 2308 1351 2342 Me
1381 2308 1584 2353 Rempubli-

123 2362 262 2398 unque
285 2352 526 2399 perturbat'P‘
549 2353 747 2398 Respondet
767 2352 800 2387 ei
821 2353 981 2388 Prociusz
1008 2354 1193 2396 „Animum
1216 2366 1259 2389 ne
1281 2353 1490 2399 despondeas
1511 2353 1582 2388 Im·-

122 2405 284 2443 peraton
316 2397 563 2444 quamprimum
586 2399 673 2432 enim
697 2404 843 2434 armatos
865 2399 997 2444 aliquot
1018 2400 1054 2434 in
1076 2400 1168 2434 illum
1190 2398 1350 2440 emiseris,
1373 2399 1486 2444 fugam
1508 2399 1582 2434 sine

121 2453 216 2478 mora
242 2455 439 2489 capessurus
470 2447 560 2478 est.“
609 2444 729 2478 Edixit
750 2444 868 2490 itaque
900 2445 1092 2491 Imperator
1113 2445 1248 2479 Marino
1272 2445 1384 2488 Syro,
1419 2445 1581 2490 Exprae-

120 2488 227 2530 fecto,
249 2488 308 2534 qui
325 2489 359 2524 ei
375 2501 449 2524 cum
463 2489 586 2526 Proclo
600 2491 707 2525 verba
719 2490 862 2526 facienti
883 2490 1053 2532 adstabat,
1078 2491 1130 2525 uti
1151 2490 1225 2536 ipse
1244 2489 1461 2532 Vitalianum,
1484 2489 1543 2536 qui
1558 2503 1580 2525 e

121 2532 262 2578 regions
270 2534 576 2581 Constantinopolis
585 2547 659 2570 cum
669 2535 774 2582 copiis
781 2535 848 2571 suis
858 2536 1072 2578 consederat,
1086 2536 1290 2571 adoriretur.
1313 2534 1454 2569 Procius
1463 2540 1577 2570 autem

120 2579 345 2623 Philosophus
367 2581 535 2615 Marinum
557 2582 703 2635 Syrum,
725 2593 840 2617 coram
863 2582 1092 2628 imperatore,
1122 2581 1157 2616 in
1181 2582 1270 2615 hunc
1292 2579 1425 2614 modum
1448 2581 1577 2616 allocu-

120 2629 195 2667 tus;
220 2625 322 2667 „'ru‚
346 2626 467 2672 inquit,
490 2627 698 2662 Vitalianum
722 2627 914 2669 ador-turus,
938 2628 1028 2673 quod
1052 2627 1115 2662 tibi
1138 2626 1240 2666 dabo,
1263 2625 1362 2661 modo
1385 2637 1492 2660 sumas
1514 2638 1578 2662 ve-

120 2670 215 2705 lim.“
258 2669 362 2706 Jussit
382 2671 498 2717 itaque
516 2672 736 2718 Philosophus
753 2673 868 2718 ingens
883 2673 953 2708 vivi
976 2671 1143 2727 sulphuris
1188 2671 1292 2705 ondus
1315 2670 1459 2713 adduci3
1481 2672 1576 2716 quod

120 2716 156 2750 in
178 2720 295 2761 partes
317 2715 548 2753 minutissimas
571 2719 764 2761 contritum,
800 2719 934 2754 Marino
957 2719 1069 2753 deditz
1107 2741 1130 2759 ,‚
1174 2729 1226 2758 oc,
1249 2716 1413 2761 inquiens,
1461 2716 1576 2752 uibus-

120 2773 254 2806 cunque
275 2766 313 2796 tu
336 2762 436 2797 tectis
456 2769 516 2798 aut
537 2764 684 2809 navigiis
703 2765 976 2810 superinjeceris,
1013 2775 1054 2798 ea
1075 2762 1189 2797 statim
1213 2763 1255 2796 ab
1275 2766 1394 2796 exortu
1415 2774 1451 2797 so
1465 2761 1492 2797 's
1515 2775 1574 2798 ac-

120 2819 222 2842 censa
243 2806 458 2852 conflagrare
479 2809 623 2851 videbis,
645 2810 802 2856 adeoque
815 2813 859 2845 ab
881 2810 1014 2854 ignibus
1036 2807 1175 2844 absumi.
1221 2807 1292 2841 Sed
1317 2806 1465 2842 Marinus
1487 2819 1573 2854 quo-

119 2865 187 2900 que
208 2853 451 2899 Imperatorem
480 2854 679 2891 adhortatus
700 2862 773 2899 est,
809 2856 859 2892 uti
882 2856 1027 2902 aliquem
1049 2865 1092 2890 ex
1116 2853 1291 2899 magistris
1313 2851 1479 2895 Militum,
1515 2865 1572 2889 ar-
