<?xml version="1.0" encoding="UTF-8"?>
<!DOCTYPE html PUBLIC "-//W3C//DTD XHTML 1.0 Transitional//EN"
    "http://www.w3.org/TR/xhtml1/DTD/xhtml1-transitional.dtd">
<html xmlns="http://www.w3.org/1999/xhtml" xml:lang="en" lang="en">
 <head>
  <title>
</title>
<meta http-equiv="Content-Type" content="text/html;charset=utf-8" />
  <meta name='ocr-system' content='tesseract 3.04.00' />
  <meta name='ocr-capabilities' content='ocr_page ocr_carea ocr_par ocr_line ocrx_word'/>
</head>
<body>
  <div class='ocr_page' id='page_1' title='image "./corpusscriptorum28niebuoft_0463.png"; bbox 0 0 1838 3230; ppageno 0'>
   <div class='ocr_carea' id='block_1_1' title="bbox 434 128 1606 216">
    <p class='ocr_par' dir='ltr' id='par_1_1' title="bbox 434 128 1606 216">
     <span class='ocr_line' id='line_1_1' title="bbox 434 128 1606 216; baseline -0.001 -10"><span class='ocrx_word' id='word_1_1' title='bbox 434 157 1048 206; x_wconf 84' lang='lat' dir='ltr'><strong>CHRONOGRAPHIA.</strong></span> <span class='ocrx_word' id='word_1_2' title='bbox 1105 155 1153 199; x_wconf 90' lang='lat' dir='ltr'><strong>L.</strong></span> <span class='ocrx_word' id='word_1_3' title='bbox 1182 128 1278 199; x_wconf 77' lang='lat' dir='ltr'><strong>xv.</strong></span> <span class='ocrx_word' id='word_1_4' title='bbox 1313 143 1338 216; x_wconf 76' lang='lat' dir='ltr'><strong>j</strong></span> <span class='ocrx_word' id='word_1_5' title='bbox 1509 159 1606 208; x_wconf 83' lang='lat'><strong>381</strong></span> 
     </span>
    </p>
   </div>
   <div class='ocr_carea' id='block_1_2' title="bbox 72 273 1731 1715">
    <p class='ocr_par' dir='ltr' id='par_1_2' title="bbox 72 273 1731 1715">
     <span class='ocr_line' id='line_1_2' title="bbox 137 273 1611 341; baseline -0.007 -13"><span class='ocrx_word' id='word_1_6' title='bbox 137 285 184 328; x_wconf 75' lang='grc' dir='ltr'><strong>δὲ</strong></span> <span class='ocrx_word' id='word_1_7' title='bbox 201 282 304 341; x_wconf 75' lang='grc' dir='ltr'><strong><em>ὖπιῖρ</em></strong></span> <span class='ocrx_word' id='word_1_8' title='bbox 320 285 396 340; x_wconf 81' lang='grc' dir='ltr'><strong>τῆς</strong></span> <span class='ocrx_word' id='word_1_9' title='bbox 414 277 616 325; x_wconf 69' lang='grc' dir='ltr'><strong><em>ἐπανόδου</em></strong></span> <span class='ocrx_word' id='word_1_10' title='bbox 636 277 765 323; x_wconf 81' lang='grc' dir='ltr'><strong>αὖτοῦ</strong></span> <span class='ocrx_word' id='word_1_11' title='bbox 788 276 809 322; x_wconf 79' lang='grc' dir='ltr'><em>ὃ</em></span> <span class='ocrx_word' id='word_1_12' title='bbox 829 276 954 329; x_wconf 75' lang='grc' dir='ltr'><strong><em>αὐτὸς</em></strong></span> <span class='ocrx_word' id='word_1_13' title='bbox 971 277 1164 333; x_wconf 74' lang='grc' dir='ltr'><strong><em>βασιλεὺς</em></strong></span> <span class='ocrx_word' id='word_1_14' title='bbox 1175 273 1321 333; x_wconf 78' lang='grc' dir='ltr'><strong><em>Ζήνων</em></strong></span> <span class='ocrx_word' id='word_1_15' title='bbox 1334 275 1491 332; x_wconf 77' lang='grc' dir='ltr'><strong><em>δωρεὰς</em></strong></span> <span class='ocrx_word' id='word_1_16' title='bbox 1508 278 1611 319; x_wconf 80' lang='grc' dir='ltr'><strong><em>πᾶσι</em></strong></span> 
     </span>
     <span class='ocr_line' id='line_1_3' title="bbox 135 342 1610 406; baseline -0.007 -9"><span class='ocrx_word' id='word_1_17' title='bbox 135 360 224 404; x_wconf 76' lang='grc' dir='ltr'><strong><em>τοῖς</em></strong></span> <span class='ocrx_word' id='word_1_18' title='bbox 249 351 485 396; x_wconf 72' lang='grc' dir='ltr'><strong><em>ὑποτελέσιν</em></strong></span> <span class='ocrx_word' id='word_1_19' title='bbox 516 349 657 393; x_wconf 54' lang='lat' dir='ltr'><strong>azimis.</strong></span> <span class='ocrx_word' id='word_1_20' title='bbox 730 349 772 391; x_wconf 74' lang='grc' dir='ltr'><strong>ἓν</strong></span> <span class='ocrx_word' id='word_1_21' title='bbox 795 348 840 390; x_wconf 77' lang='grc' dir='ltr'><strong>δὲ</strong></span> <span class='ocrx_word' id='word_1_22' title='bbox 865 352 917 405; x_wconf 82' lang='grc' dir='ltr'><strong><em>τῇ</em></strong></span> <span class='ocrx_word' id='word_1_23' title='bbox 941 347 1070 390; x_wconf 84' lang='grc' dir='ltr'><strong><em>αὐτοῦ</em></strong></span> <span class='ocrx_word' id='word_1_24' title='bbox 1087 346 1275 406; x_wconf 73' lang='grc' dir='ltr'><strong>βασιλείᾳ</strong></span> <span class='ocrx_word' id='word_1_25' title='bbox 1297 343 1455 402; x_wconf 73' lang='grc' dir='ltr'><strong><em>ἐσφάγη</em></strong></span> <span class='ocrx_word' id='word_1_26' title='bbox 1479 342 1500 388; x_wconf 83' lang='grc' dir='ltr'>ὅ</span> <span class='ocrx_word' id='word_1_27' title='bbox 1521 345 1610 387; x_wconf 74' lang='grc' dir='ltr'><strong><em>ἐπί-</em></strong></span> 
     </span>
     <span class='ocr_line' id='line_1_4' title="bbox 137 411 1609 478; baseline -0.006 -13"><span class='ocrx_word' id='word_1_28' title='bbox 137 438 290 472; x_wconf 84' lang='grc' dir='ltr'><strong><em>σκοπος</em></strong></span> <span class='ocrx_word' id='word_1_29' title='bbox 304 421 517 478; x_wconf 75' lang='grc' dir='ltr'><strong><em>Στέφανος</em></strong></span> <span class='ocrx_word' id='word_1_30' title='bbox 526 417 769 472; x_wconf 76' lang='grc' dir='ltr'><strong><em>Ἀντιοχείας</em></strong></span> <span class='ocrx_word' id='word_1_31' title='bbox 784 418 841 466; x_wconf 78' lang='grc' dir='ltr'><strong>εἷς</strong></span> <span class='ocrx_word' id='word_1_32' title='bbox 861 414 1042 471; x_wconf 85' lang='grc' dir='ltr'><strong><em>καλάμια</em></strong></span> <span class='ocrx_word' id='word_1_33' title='bbox 1064 415 1290 467; x_wconf 76' lang='grc' dir='ltr'><strong><em>ὀξυνθίντα</em></strong></span> <span class='ocrx_word' id='word_1_34' title='bbox 1311 413 1392 458; x_wconf 72' lang='grc' dir='ltr'><strong>ὑπὸ</strong></span> <span class='ocrx_word' id='word_1_35' title='bbox 1414 418 1489 457; x_wconf 82' lang='grc' dir='ltr'><strong>τοῦ</strong></span> <span class='ocrx_word' id='word_1_36' title='bbox 1509 411 1609 468; x_wconf 82' lang='grc' dir='ltr'><strong><em>κλή-</em></strong></span> 
     </span>
     <span class='ocr_line' id='line_1_5' title="bbox 137 480 1608 549; baseline -0.005 -15"><span class='ocrx_word' id='word_1_37' title='bbox 137 508 213 549; x_wconf 84' lang='grc' dir='ltr'><strong>ρου</strong></span> <span class='ocrx_word' id='word_1_38' title='bbox 241 494 317 534; x_wconf 82' lang='grc' dir='ltr'><strong>τοῦ</strong></span> <span class='ocrx_word' id='word_1_39' title='bbox 350 490 455 532; x_wconf 74' lang='grc' dir='ltr'><strong><em>ἰδίου</em></strong></span> <span class='ocrx_word' id='word_1_40' title='bbox 467 520 481 542; x_wconf 86' lang='grc'>,</span> <span class='ocrx_word' id='word_1_41' title='bbox 518 486 595 538; x_wconf 68' lang='grc' dir='ltr'><strong>ἔξω</strong></span> <span class='ocrx_word' id='word_1_42' title='bbox 621 490 695 542; x_wconf 81' lang='grc' dir='ltr'><strong>τῆς</strong></span> <span class='ocrx_word' id='word_1_43' title='bbox 723 485 850 540; x_wconf 80' lang='grc' dir='ltr'><strong><em>αὐτῆς</em></strong></span> <span class='ocrx_word' id='word_1_44' title='bbox 870 482 1026 536; x_wconf 86' lang='grc' dir='ltr'><strong><em>πόλεως</em></strong></span> <span class='ocrx_word' id='word_1_45' title='bbox 1048 484 1246 528; x_wconf 78' lang='grc' dir='ltr'><strong><em>εἰσελθὼν</em></strong></span> <span class='ocrx_word' id='word_1_46' title='bbox 1268 485 1324 534; x_wconf 79' lang='grc' dir='ltr'><strong>εἷς</strong></span> <span class='ocrx_word' id='word_1_47' title='bbox 1345 483 1420 539; x_wconf 85' lang='grc' dir='ltr'><strong>τὴν</strong></span> <span class='ocrx_word' id='word_1_48' title='bbox 1443 480 1608 533; x_wconf 80' lang='grc' dir='ltr'><strong><em>σύναξιν</em></strong></span> 
     </span>
     <span class='ocr_line' id='line_1_6' title="bbox 103 550 1609 615; baseline -0.007 -11"><span class='ocrx_word' id='word_1_49' title='bbox 103 563 219 604; x_wconf 61' lang='lat' dir='ltr'><strong>suar</strong></span> <span class='ocrx_word' id='word_1_50' title='bbox 244 556 368 615; x_wconf 76' lang='grc' dir='ltr'><strong><em>ἁγίων</em></strong></span> <span class='ocrx_word' id='word_1_51' title='bbox 388 553 717 613; x_wconf 87' lang='grc' dir='ltr'><strong><em>τεσσαράκοντα,</em></strong></span> <span class='ocrx_word' id='word_1_52' title='bbox 755 556 812 605; x_wconf 81' lang='grc' dir='ltr'><strong>εἷς</strong></span> <span class='ocrx_word' id='word_1_53' title='bbox 839 553 893 597; x_wconf 81' lang='grc' dir='ltr'><strong><em>τὰ</em></strong></span> <span class='ocrx_word' id='word_1_54' title='bbox 922 552 1116 610; x_wconf 81' lang='grc' dir='ltr'><strong><em>λεγόμενα</em></strong></span> <span class='ocrx_word' id='word_1_55' title='bbox 1137 557 1312 609; x_wconf 84' lang='grc' dir='ltr'><strong><em>Βαρλαῆ</em></strong></span> <span class='ocrx_word' id='word_1_56' title='bbox 1324 585 1338 606; x_wconf 84' lang='grc'>,</span> <span class='ocrx_word' id='word_1_57' title='bbox 1370 550 1427 602; x_wconf 81' lang='grc' dir='ltr'><strong><em>ὥς</em></strong></span> <span class='ocrx_word' id='word_1_58' title='bbox 1445 554 1609 595; x_wconf 83' lang='grc' dir='ltr'><strong><em>Νεστο-</em></strong></span> 
     </span>
     <span class='ocr_line' id='line_1_7' title="bbox 137 619 1604 686; baseline -0.005 -15"><span class='ocrx_word' id='word_1_59' title='bbox 137 625 300 686; x_wconf 83' lang='grc' dir='ltr'><strong><em>ριανός·</em></strong></span> <span class='ocrx_word' id='word_1_60' title='bbox 335 628 403 670; x_wconf 80' lang='grc' dir='ltr'><strong>καὶ</strong></span> <span class='ocrx_word' id='word_1_61' title='bbox 421 625 566 684; x_wconf 77' lang='grc' dir='ltr'><strong><em>ἔῤῥίφη</em></strong></span> <span class='ocrx_word' id='word_1_62' title='bbox 587 623 634 667; x_wconf 82' lang='grc' dir='ltr'><strong><em>τὸ</em></strong></span> <span class='ocrx_word' id='word_1_63' title='bbox 655 625 851 678; x_wconf 76' lang='grc' dir='ltr'><strong><em>λείψανον</em></strong></span> <span class='ocrx_word' id='word_1_64' title='bbox 873 622 1001 666; x_wconf 76' lang='grc' dir='ltr'><strong><em>αὐτοῦ</em></strong></span> <span class='ocrx_word' id='word_1_65' title='bbox 1022 625 1077 673; x_wconf 77' lang='grc' dir='ltr'><strong>εἰς</strong></span> <span class='ocrx_word' id='word_1_66' title='bbox 1096 623 1168 665; x_wconf 86' lang='grc' dir='ltr'><strong>τὸν</strong></span> <span class='ocrx_word' id='word_1_67' title='bbox 1187 620 1385 679; x_wconf 81' lang='grc' dir='ltr'><strong><em>Ὀρόντην</em></strong></span> <span class='ocrx_word' id='word_1_68' title='bbox 1405 619 1604 675; x_wconf 86' lang='grc' dir='ltr'><strong><em>ποταμόν.</em></strong></span> 
     </span>
     <span class='ocr_line' id='line_1_8' title="bbox 136 687 1606 752; baseline -0.005 -12"><span class='ocrx_word' id='word_1_69' title='bbox 136 698 204 740; x_wconf 79' lang='grc' dir='ltr'><strong>καὶ</strong></span> <span class='ocrx_word' id='word_1_70' title='bbox 218 695 372 752; x_wconf 77' lang='grc' dir='ltr'><strong><em>μαθὼν</em></strong></span> <span class='ocrx_word' id='word_1_71' title='bbox 388 692 533 750; x_wconf 72' lang='grc' dir='ltr'><strong><em>Ζήνων</em></strong></span> <span class='ocrx_word' id='word_1_72' title='bbox 554 691 575 736; x_wconf 85' lang='grc' dir='ltr'><strong>ὅ</strong></span> <span class='ocrx_word' id='word_1_73' title='bbox 597 692 789 747; x_wconf 74' lang='grc' dir='ltr'><strong><em>βασιλεὺς</em></strong></span> <span class='ocrx_word' id='word_1_74' title='bbox 809 693 996 747; x_wconf 72' lang='grc' dir='ltr'><strong><em>ἐποίησεν</em></strong></span> <span class='ocrx_word' id='word_1_75' title='bbox 1024 693 1244 735; x_wconf 77' lang='grc' dir='ltr'><strong><em>ἐπίσκοπον</em></strong></span> <span class='ocrx_word' id='word_1_76' title='bbox 1262 693 1328 733; x_wconf 79' lang='grc' dir='ltr'><strong>καὶ</strong></span> <span class='ocrx_word' id='word_1_77' title='bbox 1350 687 1606 747; x_wconf 88' lang='grc' dir='ltr'><strong><em>πατριάρχην</em></strong></span> 
     </span>
     <span class='ocr_line' id='line_1_9' title="bbox 134 757 1609 819; baseline -0.005 -11"><span class='ocrx_word' id='word_1_78' title='bbox 134 764 262 808; x_wconf 68' lang='grc' dir='ltr'><strong><em>ἄλλον</em></strong></span> <span class='ocrx_word' id='word_1_79' title='bbox 297 762 466 819; x_wconf 79' lang='grc' dir='ltr'><strong><em>ὀνόματι</em></strong></span> <span class='ocrx_word' id='word_1_80' title='bbox 496 763 772 805; x_wconf 82' lang='grc' dir='ltr'><strong><em>Καλανδίωνα</em></strong></span> <span class='ocrx_word' id='word_1_81' title='bbox 814 762 856 804; x_wconf 74' lang='grc' dir='ltr'><strong>ἓν</strong></span> <span class='ocrx_word' id='word_1_82' title='bbox 890 766 941 819; x_wconf 82' lang='grc' dir='ltr'><strong><em>τῇ</em></strong></span> <span class='ocrx_word' id='word_1_83' title='bbox 975 760 1080 818; x_wconf 78' lang='grc' dir='ltr'><strong><em>αὐτῇ</em></strong></span> <span class='ocrx_word' id='word_1_84' title='bbox 1115 760 1350 814; x_wconf 74' lang='grc' dir='ltr'><strong><em>Ἀντιοχέων</em></strong></span> <span class='ocrx_word' id='word_1_85' title='bbox 1386 757 1499 802; x_wconf 84' lang='grc' dir='ltr'><strong><em>πόλει</em></strong></span> <span class='ocrx_word' id='word_1_86' title='bbox 1534 763 1609 814; x_wconf 82' lang='grc' dir='ltr'><strong>τῆς</strong></span> 
     </span>
     <span class='ocr_line' id='line_1_10' title="bbox 135 825 1659 891; baseline -0.004 -15"><span class='ocrx_word' id='word_1_87' title='bbox 135 835 314 891; x_wconf 76' lang='grc' dir='ltr'><strong><em>Συρίας·</em></strong></span> <span class='ocrx_word' id='word_1_88' title='bbox 349 834 416 875; x_wconf 83' lang='grc' dir='ltr'><strong>καὶ</strong></span> <span class='ocrx_word' id='word_1_89' title='bbox 436 833 643 888; x_wconf 75' lang='grc' dir='ltr'><strong>ἐξωρίσθη</strong></span> <span class='ocrx_word' id='word_1_90' title='bbox 664 832 732 872; x_wconf 83' lang='grc' dir='ltr'><strong>καὶ</strong></span> <span class='ocrx_word' id='word_1_91' title='bbox 755 827 880 880; x_wconf 78' lang='grc' dir='ltr'><strong><em>αὐτός</em></strong></span> <span class='ocrx_word' id='word_1_92' title='bbox 892 863 904 882; x_wconf 89' lang='grc'>,</span> <span class='ocrx_word' id='word_1_93' title='bbox 942 827 998 880; x_wconf 81' lang='grc' dir='ltr'><strong><em>ὥς</em></strong></span> <span class='ocrx_word' id='word_1_94' title='bbox 1015 828 1291 886; x_wconf 86' lang='grc' dir='ltr'><strong><em>Νεστοριανός</em></strong></span> <span class='ocrx_word' id='word_1_95' title='bbox 1304 842 1314 852; x_wconf 87' lang='grc'><em>·</em></span> <span class='ocrx_word' id='word_1_96' title='bbox 1349 830 1416 871; x_wconf 81' lang='grc' dir='ltr'><strong>καὶ</strong></span> <span class='ocrx_word' id='word_1_97' title='bbox 1437 825 1605 883; x_wconf 81' lang='grc' dir='ltr'><strong><em>ἇνεκλή-</em></strong></span> <span class='ocrx_word' id='word_1_98' title='bbox 1628 838 1659 873; x_wconf 86' lang='lat' dir='ltr'>c</span> 
     </span>
     <span class='ocr_line' id='line_1_11' title="bbox 78 897 1608 958; baseline -0.003 -14"><span class='ocrx_word' id='word_1_99' title='bbox 78 907 194 958; x_wconf 81' lang='grc' dir='ltr'><strong>1Οθη</strong></span> <span class='ocrx_word' id='word_1_100' title='bbox 211 899 292 945; x_wconf 81' lang='grc' dir='ltr'><strong>ὖπό</strong></span> <span class='ocrx_word' id='word_1_101' title='bbox 313 905 389 944; x_wconf 81' lang='grc' dir='ltr'><strong>τοῦ</strong></span> <span class='ocrx_word' id='word_1_102' title='bbox 411 900 539 944; x_wconf 76' lang='grc' dir='ltr'><strong><em>αὐτοῦ</em></strong></span> <span class='ocrx_word' id='word_1_103' title='bbox 560 897 755 954; x_wconf 86' lang='grc' dir='ltr'><strong><em>Ζήνωνος</em></strong></span> <span class='ocrx_word' id='word_1_104' title='bbox 775 898 976 954; x_wconf 71' lang='grc' dir='ltr'><strong><em>βασιλέως</em></strong></span> <span class='ocrx_word' id='word_1_105' title='bbox 1001 897 1021 942; x_wconf 85' lang='grc' dir='ltr'><em>ὃ</em></span> <span class='ocrx_word' id='word_1_106' title='bbox 1046 898 1266 949; x_wconf 71' lang='grc' dir='ltr'><strong><em>ἐπίσκοπος</em></strong></span> <span class='ocrx_word' id='word_1_107' title='bbox 1285 897 1448 954; x_wconf 72' lang='grc' dir='ltr'><strong><em>Πέτρος</em></strong></span> <span class='ocrx_word' id='word_1_108' title='bbox 1467 898 1511 939; x_wconf 72' lang='grc' dir='ltr'><strong>ἐκ</strong></span> <span class='ocrx_word' id='word_1_109' title='bbox 1532 901 1608 952; x_wconf 80' lang='grc' dir='ltr'><strong>τῆς</strong></span> 
     </span>
     <span class='ocr_line' id='line_1_12' title="bbox 132 963 1607 1028; baseline -0.003 -15"><span class='ocrx_word' id='word_1_110' title='bbox 132 971 314 1028; x_wconf 70' lang='grc' dir='ltr'><strong><em>ἑξορίας,</em></strong></span> <span class='ocrx_word' id='word_1_111' title='bbox 351 974 425 1013; x_wconf 82' lang='grc' dir='ltr'><strong>τοῦ</strong></span> <span class='ocrx_word' id='word_1_112' title='bbox 447 968 580 1025; x_wconf 79' lang='grc' dir='ltr'><strong><em>δήμου</em></strong></span> <span class='ocrx_word' id='word_1_113' title='bbox 599 973 682 1011; x_wconf 87' lang='grc' dir='ltr'><strong>τῶν</strong></span> <span class='ocrx_word' id='word_1_114' title='bbox 705 968 940 1023; x_wconf 80' lang='grc' dir='ltr'><strong><em>Ἀντιοχέων</em></strong></span> <span class='ocrx_word' id='word_1_115' title='bbox 961 965 1218 1024; x_wconf 78' lang='grc' dir='ltr'><strong><em>αἰτησάντων</em></strong></span> <span class='ocrx_word' id='word_1_116' title='bbox 1240 968 1307 1010; x_wconf 81' lang='grc' dir='ltr'><strong>καὶ</strong></span> <span class='ocrx_word' id='word_1_117' title='bbox 1330 971 1405 1009; x_wconf 83' lang='grc' dir='ltr'><strong>τοῦ</strong></span> <span class='ocrx_word' id='word_1_118' title='bbox 1425 963 1577 1022; x_wconf 82' lang='grc' dir='ltr'><strong><em>κλήρου</em></strong></span> <span class='ocrx_word' id='word_1_119' title='bbox 1595 979 1607 990; x_wconf 88' lang='grc'><em>·</em></span> 
     </span>
     <span class='ocr_line' id='line_1_13' title="bbox 132 1034 1606 1095; baseline -0.003 -13"><span class='ocrx_word' id='word_1_120' title='bbox 132 1041 199 1082; x_wconf 83' lang='grc' dir='ltr'><strong>καὶ</strong></span> <span class='ocrx_word' id='word_1_121' title='bbox 223 1038 361 1082; x_wconf 80' lang='grc' dir='ltr'><strong><em>ε’λθών</em></strong></span> <span class='ocrx_word' id='word_1_122' title='bbox 382 1037 463 1081; x_wconf 79' lang='grc' dir='ltr'><strong>ἀπὸ</strong></span> <span class='ocrx_word' id='word_1_123' title='bbox 484 1037 699 1092; x_wconf 76' lang='grc' dir='ltr'><strong><em>Εὖχαΐτων</em></strong></span> <span class='ocrx_word' id='word_1_124' title='bbox 720 1037 870 1093; x_wconf 70' lang='grc' dir='ltr'><strong><em>ἐγένετο</em></strong></span> <span class='ocrx_word' id='word_1_125' title='bbox 898 1035 1021 1080; x_wconf 86' lang='grc' dir='ltr'><strong><em>πάλιν</em></strong></span> <span class='ocrx_word' id='word_1_126' title='bbox 1038 1034 1293 1095; x_wconf 82' lang='grc' dir='ltr'><strong><em>πατριάρχης</em></strong></span> <span class='ocrx_word' id='word_1_127' title='bbox 1311 1036 1378 1078; x_wconf 80' lang='grc' dir='ltr'><strong>καὶ</strong></span> <span class='ocrx_word' id='word_1_128' title='bbox 1398 1034 1606 1078; x_wconf 75' lang='grc' dir='ltr'><strong><em>ἀπέθανεν</em></strong></span> 
     </span>
     <span class='ocr_line' id='line_1_14' title="bbox 132 1096 1361 1165; baseline -0.003 -14"><span class='ocrx_word' id='word_1_129' title='bbox 132 1109 188 1158; x_wconf 75' lang='grc' dir='ltr'><strong><em>εἷς</em></strong></span> <span class='ocrx_word' id='word_1_130' title='bbox 203 1107 275 1152; x_wconf 75' lang='grc' dir='ltr'><strong>τὸν</strong></span> <span class='ocrx_word' id='word_1_131' title='bbox 295 1107 399 1150; x_wconf 74' lang='grc' dir='ltr'><strong><em>ἴδιον</em></strong></span> <span class='ocrx_word' id='word_1_132' title='bbox 418 1106 545 1149; x_wconf 78' lang='grc' dir='ltr'><strong><em>αὐτοῦ</em></strong></span> <span class='ocrx_word' id='word_1_133' title='bbox 567 1103 722 1163; x_wconf 88' lang='grc' dir='ltr'><strong><em>θρόνον</em></strong></span> <span class='ocrx_word' id='word_1_134' title='bbox 740 1107 781 1148; x_wconf 76' lang='grc' dir='ltr'><strong>ἐν</strong></span> <span class='ocrx_word' id='word_1_135' title='bbox 796 1105 1029 1165; x_wconf 78' lang='grc' dir='ltr'><strong><em>Ἀντιοχείᾳ.</em></strong></span> <span class='ocrx_word' id='word_1_136' title='bbox 1359 1096 1361 1099; x_wconf 88' lang='lat'><strong>.</strong></span> 
     </span>
     <span class='ocr_line' id='line_1_15' title="bbox 227 1171 1731 1232; baseline -0.001 -13"><span class='ocrx_word' id='word_1_137' title='bbox 227 1176 318 1219; x_wconf 80' lang='grc' dir='ltr'><strong>Ἐπὶ</strong></span> <span class='ocrx_word' id='word_1_138' title='bbox 346 1177 390 1219; x_wconf 77' lang='grc' dir='ltr'><strong>δὲ</strong></span> <span class='ocrx_word' id='word_1_139' title='bbox 411 1180 484 1232; x_wconf 79' lang='grc' dir='ltr'><strong>τῆς</strong></span> <span class='ocrx_word' id='word_1_140' title='bbox 506 1179 580 1218; x_wconf 81' lang='grc' dir='ltr'><strong>τοῦ</strong></span> <span class='ocrx_word' id='word_1_141' title='bbox 602 1173 798 1230; x_wconf 79' lang='grc' dir='ltr'><strong><em>Ζήνωνος</em></strong></span> <span class='ocrx_word' id='word_1_142' title='bbox 816 1176 1028 1229; x_wconf 79' lang='grc' dir='ltr'><strong><em>βασιλείας</em></strong></span> <span class='ocrx_word' id='word_1_143' title='bbox 1049 1173 1338 1230; x_wconf 76' lang='grc' dir='ltr'><strong><em>προεχειρίσθη</em></strong></span> <span class='ocrx_word' id='word_1_144' title='bbox 1356 1171 1453 1228; x_wconf 82' lang='grc' dir='ltr'><strong><em>παρ’</em></strong></span> <span class='ocrx_word' id='word_1_145' title='bbox 1476 1171 1605 1216; x_wconf 80' lang='grc' dir='ltr'><strong><em>αῧτοῢ</em></strong></span> <span class='ocrx_word' id='word_1_146' title='bbox 1628 1180 1661 1215; x_wconf 92' lang='lat'>0</span> <span class='ocrx_word' id='word_1_147' title='bbox 1685 1182 1731 1218; x_wconf 76' lang='lat'><strong>92</strong></span> 
     </span>
     <span class='ocr_line' id='line_1_16' title="bbox 76 1240 1603 1300; baseline -0.003 -11"><span class='ocrx_word' id='word_1_148' title='bbox 76 1253 120 1288; x_wconf 84' lang='lat'><strong>15</strong></span> <span class='ocrx_word' id='word_1_149' title='bbox 133 1245 238 1289; x_wconf 78' lang='grc' dir='ltr'><strong><em>κατὰ</em></strong></span> <span class='ocrx_word' id='word_1_150' title='bbox 268 1242 475 1296; x_wconf 79' lang='grc' dir='ltr'><strong><em>συντάξεις</em></strong></span> <span class='ocrx_word' id='word_1_151' title='bbox 504 1245 571 1287; x_wconf 80' lang='grc' dir='ltr'><strong>καὶ</strong></span> <span class='ocrx_word' id='word_1_152' title='bbox 600 1243 750 1300; x_wconf 73' lang='grc' dir='ltr'><strong><em>ἐγένετο</em></strong></span> <span class='ocrx_word' id='word_1_153' title='bbox 775 1245 939 1300; x_wconf 86' lang='grc' dir='ltr'><strong><em>Καῖσαρ</em></strong></span> <span class='ocrx_word' id='word_1_154' title='bbox 969 1241 990 1286; x_wconf 86' lang='grc' dir='ltr'><em>ὃ</em></span> <span class='ocrx_word' id='word_1_155' title='bbox 1015 1243 1104 1292; x_wconf 81' lang='grc' dir='ltr'><strong><em>υἱὸς</em></strong></span> <span class='ocrx_word' id='word_1_156' title='bbox 1126 1240 1332 1298; x_wconf 83' lang='grc' dir='ltr'><strong><em>Ἀρμάτου</em></strong></span> <span class='ocrx_word' id='word_1_157' title='bbox 1367 1246 1442 1285; x_wconf 81' lang='grc' dir='ltr'><strong>τοῦ</strong></span> <span class='ocrx_word' id='word_1_158' title='bbox 1476 1258 1603 1299; x_wconf 85' lang='grc' dir='ltr'><strong><em>στρα-</em></strong></span> 
     </span>
     <span class='ocr_line' id='line_1_17' title="bbox 131 1309 1605 1371; baseline -0.003 -14"><span class='ocrx_word' id='word_1_159' title='bbox 131 1311 311 1369; x_wconf 77' lang='grc' dir='ltr'><strong><em>τηλάτου</em></strong></span> <span class='ocrx_word' id='word_1_160' title='bbox 330 1313 573 1371; x_wconf 78' lang='grc' dir='ltr'><strong><em>πραισίντου</em></strong></span> <span class='ocrx_word' id='word_1_161' title='bbox 594 1309 764 1367; x_wconf 84' lang='grc' dir='ltr'><strong><em>ὀνόματι</em></strong></span> <span class='ocrx_word' id='word_1_162' title='bbox 783 1314 1052 1366; x_wconf 10' lang='grc' dir='ltr'><strong><em>Βασιλίσκμος·</em></strong></span> <span class='ocrx_word' id='word_1_163' title='bbox 1084 1313 1148 1355; x_wconf 82' lang='grc' dir='ltr'><strong>καὶ</strong></span> <span class='ocrx_word' id='word_1_164' title='bbox 1167 1309 1426 1367; x_wconf 77' lang='grc' dir='ltr'><strong><em>συνεκάθητο</em></strong></span> <span class='ocrx_word' id='word_1_165' title='bbox 1447 1315 1505 1370; x_wconf 78' lang='grc' dir='ltr'><strong><em>τῷ</em></strong></span> <span class='ocrx_word' id='word_1_166' title='bbox 1527 1311 1605 1354; x_wconf 79' lang='grc' dir='ltr'><strong>αὗ-</strong></span> 
     </span>
     <span class='ocr_line' id='line_1_18' title="bbox 129 1380 1605 1442; baseline -0.003 -15"><span class='ocrx_word' id='word_1_167' title='bbox 129 1387 189 1442; x_wconf 78' lang='grc' dir='ltr'><strong><em>τῷ</em></strong></span> <span class='ocrx_word' id='word_1_168' title='bbox 210 1381 374 1439; x_wconf 84' lang='grc' dir='ltr'><strong><em>Ζήνωνι</em></strong></span> <span class='ocrx_word' id='word_1_169' title='bbox 396 1382 645 1431; x_wconf 87' lang='grc' dir='ltr'><strong><em>Βασιλίσκος</em></strong></span> <span class='ocrx_word' id='word_1_170' title='bbox 666 1383 721 1431; x_wconf 78' lang='grc' dir='ltr'><strong>εἷς</strong></span> <span class='ocrx_word' id='word_1_171' title='bbox 745 1381 793 1424; x_wconf 82' lang='grc' dir='ltr'><strong><em>τὸ</em></strong></span> <span class='ocrx_word' id='word_1_172' title='bbox 816 1381 979 1424; x_wconf 81' lang='grc' dir='ltr'><strong><em>ἱππικὸν</em></strong></span> <span class='ocrx_word' id='word_1_173' title='bbox 996 1385 1248 1436; x_wconf 83' lang='grc' dir='ltr'><strong><em>θεωροῦντι,</em></strong></span> <span class='ocrx_word' id='word_1_174' title='bbox 1280 1382 1347 1423; x_wconf 78' lang='grc' dir='ltr'><strong>καὶ</strong></span> <span class='ocrx_word' id='word_1_175' title='bbox 1367 1381 1486 1435; x_wconf 75' lang='grc' dir='ltr'><strong><em>ἐτίμα</em></strong></span> <span class='ocrx_word' id='word_1_176' title='bbox 1505 1380 1605 1431; x_wconf 77' lang='grc' dir='ltr'><strong><em>τούς</em></strong></span> 
     </span>
     <span class='ocr_line' id='line_1_19' title="bbox 128 1447 1602 1508; baseline -0.002 -13"><span class='ocrx_word' id='word_1_177' title='bbox 128 1449 316 1508; x_wconf 75' lang='grc' dir='ltr'><strong><em>ἡνιόχους</em></strong></span> <span class='ocrx_word' id='word_1_178' title='bbox 334 1448 356 1495; x_wconf 81' lang='grc' dir='ltr'>ὅ</span> <span class='ocrx_word' id='word_1_179' title='bbox 374 1450 568 1506; x_wconf 69' lang='grc' dir='ltr'><strong><em>βασιλεὺς</em></strong></span> <span class='ocrx_word' id='word_1_180' title='bbox 591 1451 658 1493; x_wconf 81' lang='grc' dir='ltr'><strong>καὶ</strong></span> <span class='ocrx_word' id='word_1_181' title='bbox 679 1447 700 1492; x_wconf 84' lang='grc' dir='ltr'><em>ὃ</em></span> <span class='ocrx_word' id='word_1_182' title='bbox 724 1448 904 1507; x_wconf 80' lang='grc' dir='ltr'><strong><em>Καῖσαρ.</em></strong></span> <span class='ocrx_word' id='word_1_183' title='bbox 978 1447 999 1493; x_wconf 82' lang='grc' dir='ltr'>ὅ</span> <span class='ocrx_word' id='word_1_184' title='bbox 1022 1451 1067 1492; x_wconf 80' lang='grc' dir='ltr'><strong>δὲ</strong></span> <span class='ocrx_word' id='word_1_185' title='bbox 1084 1447 1232 1506; x_wconf 86' lang='grc' dir='ltr'><strong><em>Ζήνων</em></strong></span> <span class='ocrx_word' id='word_1_186' title='bbox 1253 1447 1518 1506; x_wconf 76' lang='grc' dir='ltr'><strong><em>λογισάμενος</em></strong></span> <span class='ocrx_word' id='word_1_187' title='bbox 1540 1447 1602 1492; x_wconf 82' lang='grc' dir='ltr'><strong>ὅτι</strong></span> 
     </span>
     <span class='ocr_line' id='line_1_20' title="bbox 128 1516 1655 1577; baseline -0.001 -13"><span class='ocrx_word' id='word_1_188' title='bbox 128 1519 588 1577; x_wconf 76' lang='grc' dir='ltr'><strong><em>ἔπιώρκησενᾌρμᾶτος</em></strong></span> <span class='ocrx_word' id='word_1_189' title='bbox 601 1517 630 1562; x_wconf 69' lang='grc' dir='ltr'><strong><em>ὅ</em></strong></span> <span class='ocrx_word' id='word_1_190' title='bbox 650 1517 937 1576; x_wconf 81' lang='grc' dir='ltr'><strong><em>στρατηλάτης</em></strong></span> <span class='ocrx_word' id='word_1_191' title='bbox 954 1523 1029 1562; x_wconf 81' lang='grc' dir='ltr'><strong>τοῦ</strong></span> <span class='ocrx_word' id='word_1_192' title='bbox 1047 1518 1306 1575; x_wconf 78' lang='grc' dir='ltr'><strong><em>πραισέντου,</em></strong></span> <span class='ocrx_word' id='word_1_193' title='bbox 1326 1516 1347 1562; x_wconf 85' lang='grc' dir='ltr'>ὅ</span> <span class='ocrx_word' id='word_1_194' title='bbox 1368 1518 1506 1575; x_wconf 83' lang='grc' dir='ltr'><strong><em>πατὴρ</em></strong></span> <span class='ocrx_word' id='word_1_195' title='bbox 1525 1523 1600 1561; x_wconf 85' lang='grc' dir='ltr'><strong>τοῦ</strong></span> <span class='ocrx_word' id='word_1_196' title='bbox 1622 1529 1655 1563; x_wconf 93' lang='lat' dir='ltr'>D</span> 
     </span>
     <span class='ocr_line' id='line_1_21' title="bbox 72 1586 1600 1651; baseline -0.003 -17"><span class='ocrx_word' id='word_1_197' title='bbox 72 1591 366 1651; x_wconf 69' lang='lat' dir='ltr'><strong>2QKaloapo‹,-‚</strong></span> <span class='ocrx_word' id='word_1_198' title='bbox 403 1586 708 1642; x_wconf 73' lang='grc' dir='ltr'><strong><em>ἐπομοσάμενος</em></strong></span> <span class='ocrx_word' id='word_1_199' title='bbox 738 1590 794 1638; x_wconf 79' lang='grc' dir='ltr'><strong>εἲς</strong></span> <span class='ocrx_word' id='word_1_200' title='bbox 823 1588 870 1632; x_wconf 82' lang='grc' dir='ltr'><strong><em>τὸ</em></strong></span> <span class='ocrx_word' id='word_1_201' title='bbox 901 1587 1015 1645; x_wconf 78' lang='grc' dir='ltr'><strong><em>ἅγιον</em></strong></span> <span class='ocrx_word' id='word_1_202' title='bbox 1036 1586 1254 1642; x_wconf 80' lang='grc' dir='ltr'><strong><em>βάπτισμα</em></strong></span> <span class='ocrx_word' id='word_1_203' title='bbox 1277 1589 1512 1646; x_wconf 84' lang='grc' dir='ltr'><strong><em>Βασιλίσκῳ</em></strong></span> <span class='ocrx_word' id='word_1_204' title='bbox 1541 1591 1600 1646; x_wconf 74' lang='grc' dir='ltr'><strong><em>τῷ</em></strong></span> 
     </span>
     <span class='ocr_line' id='line_1_22' title="bbox 128 1654 1600 1715; baseline -0.002 -14"><span class='ocrx_word' id='word_1_205' title='bbox 128 1662 295 1713; x_wconf 84' lang='grc' dir='ltr'><strong><em>βασιλεῖ</em></strong></span> <span class='ocrx_word' id='word_1_206' title='bbox 306 1656 365 1713; x_wconf 86' lang='grc' dir='ltr'><strong>μὴ</strong></span> <span class='ocrx_word' id='word_1_207' title='bbox 385 1659 609 1715; x_wconf 78' lang='grc' dir='ltr'><strong><em>προδοῦναι</em></strong></span> <span class='ocrx_word' id='word_1_208' title='bbox 628 1654 755 1700; x_wconf 68' lang='grc' dir='ltr'><strong><em>αὐτόν</em></strong></span> <span class='ocrx_word' id='word_1_209' title='bbox 764 1689 779 1711; x_wconf 85' lang='lat'><strong>,</strong></span> <span class='ocrx_word' id='word_1_210' title='bbox 817 1659 885 1700; x_wconf 84' lang='grc' dir='ltr'><strong>καὶ</strong></span> <span class='ocrx_word' id='word_1_211' title='bbox 905 1658 1153 1715; x_wconf 79' lang='grc' dir='ltr'><strong><em>προτραπεὶς</em></strong></span> <span class='ocrx_word' id='word_1_212' title='bbox 1171 1655 1266 1714; x_wconf 81' lang='grc' dir='ltr'><strong><em>παρ’</em></strong></span> <span class='ocrx_word' id='word_1_213' title='bbox 1295 1657 1395 1710; x_wconf 83' lang='grc' dir='ltr'><strong><em>ε’μοῦ</em></strong></span> <span class='ocrx_word' id='word_1_214' title='bbox 1415 1655 1600 1713; x_wconf 78' lang='grc' dir='ltr'><strong><em>προέδω-</em></strong></span> 
     </span>
    </p>
   </div>
   <div class='ocr_carea' id='block_1_3' title="bbox 218 1797 1597 1940">
    <p class='ocr_par' dir='ltr' id='par_1_3' title="bbox 218 1797 1597 1940">
     <span class='ocr_line' id='line_1_23' title="bbox 220 1797 1597 1844; baseline -0.003 -6"><span class='ocrx_word' id='word_1_215' title='bbox 220 1802 254 1838; x_wconf 85' lang='grc'><strong>3.</strong></span> <span class='ocrx_word' id='word_1_216' title='bbox 288 1798 473 1844; x_wconf 78' lang='grc' dir='ltr'><strong><em>ὄξυθέντα</em></strong></span> <span class='ocrx_word' id='word_1_217' title='bbox 494 1799 561 1834; x_wconf 88' lang='lat' dir='ltr'><strong>Ox.</strong></span> <span class='ocrx_word' id='word_1_218' title='bbox 699 1800 733 1835; x_wconf 86' lang='lat'><strong>8.</strong></span> <span class='ocrx_word' id='word_1_219' title='bbox 767 1800 1004 1837; x_wconf 79' lang='grc' dir='ltr'><strong><em>Καλανδίονα</em></strong></span> <span class='ocrx_word' id='word_1_220' title='bbox 1027 1799 1094 1834; x_wconf 86' lang='lat' dir='ltr'><strong>Ox.</strong></span> <span class='ocrx_word' id='word_1_221' title='bbox 1143 1799 1245 1836; x_wconf 87' lang='lat' dir='ltr'><strong>Conf.</strong></span> <span class='ocrx_word' id='word_1_222' title='bbox 1268 1797 1458 1834; x_wconf 74' lang='lat' dir='ltr'>Candidum</span> <span class='ocrx_word' id='word_1_223' title='bbox 1481 1798 1597 1834; x_wconf 85' lang='lat' dir='ltr'><strong>Photii</strong></span> 
     </span>
     <span class='ocr_line' id='line_1_24' title="bbox 221 1842 1597 1891; baseline -0.001 -9"><span class='ocrx_word' id='word_1_224' title='bbox 221 1847 298 1882; x_wconf 89' lang='lat' dir='ltr'><strong>cod.</strong></span> <span class='ocrx_word' id='word_1_225' title='bbox 322 1849 391 1890; x_wconf 90' lang='grc'><strong>79.,</strong></span> <span class='ocrx_word' id='word_1_226' title='bbox 415 1846 607 1882; x_wconf 88' lang='lat' dir='ltr'><strong>Cedrenum</strong></span> <span class='ocrx_word' id='word_1_227' title='bbox 629 1856 663 1891; x_wconf 90' lang='lat' dir='ltr'><strong>p.</strong></span> <span class='ocrx_word' id='word_1_228' title='bbox 688 1847 768 1882; x_wconf 87' lang='grc'><strong>353.</strong></span> <span class='ocrx_word' id='word_1_229' title='bbox 792 1847 836 1881; x_wconf 90' lang='lat' dir='ltr'><strong>D.</strong></span> <span class='ocrx_word' id='word_1_230' title='bbox 953 1849 1009 1884; x_wconf 91' lang='lat'><strong>18.</strong></span> <span class='ocrx_word' id='word_1_231' title='bbox 1033 1843 1272 1891; x_wconf 76' lang='grc' dir='ltr'><strong><em>λογισάμενος</em></strong></span> <span class='ocrx_word' id='word_1_232' title='bbox 1295 1846 1374 1888; x_wconf 85' lang='lat' dir='ltr'><strong>Ch.‚</strong></span> <span class='ocrx_word' id='word_1_233' title='bbox 1397 1842 1597 1891; x_wconf 77' lang='grc' dir='ltr'><strong><em>λογησάμε-</em></strong></span> 
     </span>
     <span class='ocr_line' id='line_1_25' title="bbox 218 1889 1507 1940; baseline -0.002 -10"><span class='ocrx_word' id='word_1_234' title='bbox 218 1906 285 1936; x_wconf 75' lang='grc' dir='ltr'><strong>νος</strong></span> <span class='ocrx_word' id='word_1_235' title='bbox 307 1894 375 1928; x_wconf 86' lang='lat' dir='ltr'><strong>Ox.</strong></span> <span class='ocrx_word' id='word_1_236' title='bbox 491 1893 546 1929; x_wconf 89' lang='grc'><strong>19.</strong></span> <span class='ocrx_word' id='word_1_237' title='bbox 570 1891 784 1938; x_wconf 81' lang='grc' dir='ltr'><strong><em>ἐπιόρκησεν</em></strong></span> <span class='ocrx_word' id='word_1_238' title='bbox 803 1893 872 1931; x_wconf 86' lang='lat' dir='ltr'><strong>Ox.</strong></span> <span class='ocrx_word' id='word_1_239' title='bbox 987 1895 1046 1930; x_wconf 79' lang='lat'><strong>21.</strong></span> <span class='ocrx_word' id='word_1_240' title='bbox 1071 1890 1189 1929; x_wconf 75' lang='grc' dir='ltr'><strong><em>αὐτόν</em></strong></span> <span class='ocrx_word' id='word_1_241' title='bbox 1213 1892 1289 1935; x_wconf 67' lang='lat' dir='ltr'><strong>eh„</strong></span> <span class='ocrx_word' id='word_1_242' title='bbox 1311 1889 1414 1940; x_wconf 74' lang='grc' dir='ltr'><strong><em>αὐτῷ</em></strong></span> <span class='ocrx_word' id='word_1_243' title='bbox 1438 1893 1507 1928; x_wconf 83' lang='lat' dir='ltr'><strong>Ox.</strong></span> 
     </span>
    </p>
   </div>
   <div class='ocr_carea' id='block_1_4' title="bbox 122 2016 1596 2891">
    <p class='ocr_par' dir='ltr' id='par_1_4' title="bbox 124 2016 1596 2559">
     <span class='ocr_line' id='line_1_26' title="bbox 125 2016 1596 2061; baseline -0.002 -6"><span class='ocrx_word' id='word_1_244' title='bbox 125 2020 283 2056; x_wconf 80' lang='lat' dir='ltr'><strong>suffecto.</strong></span> <span class='ocrx_word' id='word_1_245' title='bbox 328 2017 542 2054; x_wconf 86' lang='lat' dir='ltr'><strong>Tributariis</strong></span> <span class='ocrx_word' id='word_1_246' title='bbox 564 2021 675 2053; x_wconf 85' lang='lat' dir='ltr'><strong>autem</strong></span> <span class='ocrx_word' id='word_1_247' title='bbox 697 2017 764 2053; x_wconf 88' lang='lat' dir='ltr'><strong>suis</strong></span> <span class='ocrx_word' id='word_1_248' title='bbox 787 2016 957 2061; x_wconf 82' lang='lat' dir='ltr'><strong>omnibus,</strong></span> <span class='ocrx_word' id='word_1_249' title='bbox 989 2017 1035 2053; x_wconf 88' lang='lat' dir='ltr'><strong>ob</strong></span> <span class='ocrx_word' id='word_1_250' title='bbox 1057 2017 1203 2053; x_wconf 89' lang='lat' dir='ltr'><strong>reditum</strong></span> <span class='ocrx_word' id='word_1_251' title='bbox 1226 2029 1322 2053; x_wconf 89' lang='lat' dir='ltr'><strong>suum</strong></span> <span class='ocrx_word' id='word_1_252' title='bbox 1343 2017 1499 2060; x_wconf 83' lang='lat' dir='ltr'>felicem,</span> <span class='ocrx_word' id='word_1_253' title='bbox 1524 2028 1596 2053; x_wconf 82' lang='lat' dir='ltr'><strong>mu-</strong></span> 
     </span>
     <span class='ocr_line' id='line_1_27' title="bbox 125 2064 1595 2110; baseline -0.002 -9"><span class='ocrx_word' id='word_1_254' title='bbox 125 2077 210 2101; x_wconf 85' lang='lat' dir='ltr'><strong>nera</strong></span> <span class='ocrx_word' id='word_1_255' title='bbox 231 2064 375 2110; x_wconf 84' lang='lat' dir='ltr'><strong>largitus</strong></span> <span class='ocrx_word' id='word_1_256' title='bbox 398 2068 448 2099; x_wconf 89' lang='lat' dir='ltr'><strong>est</strong></span> <span class='ocrx_word' id='word_1_257' title='bbox 470 2065 566 2100; x_wconf 84' lang='lat' dir='ltr'>Zeno</span> <span class='ocrx_word' id='word_1_258' title='bbox 589 2065 792 2110; x_wconf 75' lang='lat' dir='ltr'><strong>Imperator.</strong></span> <span class='ocrx_word' id='word_1_259' title='bbox 838 2064 969 2099; x_wconf 84' lang='lat' dir='ltr'><strong>Eodem</strong></span> <span class='ocrx_word' id='word_1_260' title='bbox 995 2064 1184 2110; x_wconf 81' lang='lat' dir='ltr'><strong>imperante</strong></span> <span class='ocrx_word' id='word_1_261' title='bbox 1207 2065 1359 2106; x_wconf 89' lang='lat' dir='ltr'><strong>Zenone,</strong></span> <span class='ocrx_word' id='word_1_262' title='bbox 1384 2064 1505 2098; x_wconf 88' lang='lat' dir='ltr'><strong>Clerus</strong></span> <span class='ocrx_word' id='word_1_263' title='bbox 1523 2064 1595 2098; x_wconf 91' lang='lat' dir='ltr'><strong>An-</strong></span> 
     </span>
     <span class='ocr_line' id='line_1_28' title="bbox 124 2109 1595 2157; baseline -0.003 -10"><span class='ocrx_word' id='word_1_264' title='bbox 124 2111 306 2148; x_wconf 77' lang='lat' dir='ltr'><strong>tiochensis</strong></span> <span class='ocrx_word' id='word_1_265' title='bbox 327 2111 552 2156; x_wconf 79' lang='lat' dir='ltr'><strong>Stephanum,</strong></span> <span class='ocrx_word' id='word_1_266' title='bbox 580 2111 789 2157; x_wconf 76' lang='lat' dir='ltr'><strong>Episcopum</strong></span> <span class='ocrx_word' id='word_1_267' title='bbox 812 2122 917 2152; x_wconf 89' lang='lat' dir='ltr'><strong>suum,</strong></span> <span class='ocrx_word' id='word_1_268' title='bbox 942 2110 1036 2156; x_wconf 90' lang='lat' dir='ltr'><strong>quod</strong></span> <span class='ocrx_word' id='word_1_269' title='bbox 1058 2109 1212 2145; x_wconf 82' lang='lat' dir='ltr'><strong>Nestorii</strong></span> <span class='ocrx_word' id='word_1_270' title='bbox 1236 2116 1324 2145; x_wconf 77' lang='lat' dir='ltr'><strong>esset</strong></span> <span class='ocrx_word' id='word_1_271' title='bbox 1345 2114 1507 2151; x_wconf 80' lang='lat' dir='ltr'><strong>sectator,</strong></span> <span class='ocrx_word' id='word_1_272' title='bbox 1531 2121 1595 2144; x_wconf 85' lang='lat' dir='ltr'><strong>ex-</strong></span> 
     </span>
     <span class='ocr_line' id='line_1_29' title="bbox 124 2155 1592 2202; baseline -0.002 -9"><span class='ocrx_word' id='word_1_273' title='bbox 124 2162 181 2193; x_wconf 82' lang='lat' dir='ltr'><strong>tra</strong></span> <span class='ocrx_word' id='word_1_274' title='bbox 203 2157 343 2199; x_wconf 87' lang='lat' dir='ltr'><strong>urbem,</strong></span> <span class='ocrx_word' id='word_1_275' title='bbox 375 2156 615 2202; x_wconf 80' lang='lat' dir='ltr'><strong>Quadraginta</strong></span> <span class='ocrx_word' id='word_1_276' title='bbox 639 2157 842 2191; x_wconf 89' lang='lat' dir='ltr'><strong>Sanctorum</strong></span> <span class='ocrx_word' id='word_1_277' title='bbox 865 2157 910 2191; x_wconf 90' lang='lat' dir='ltr'><strong>ad</strong></span> <span class='ocrx_word' id='word_1_278' title='bbox 932 2155 1116 2202; x_wconf 84' lang='lat' dir='ltr'><strong>Synaxim,</strong></span> <span class='ocrx_word' id='word_1_279' title='bbox 1153 2168 1242 2202; x_wconf 88' lang='lat' dir='ltr'><strong>quae</strong></span> <span class='ocrx_word' id='word_1_280' title='bbox 1266 2156 1396 2191; x_wconf 89' lang='lat' dir='ltr'><strong>Barlais</strong></span> <span class='ocrx_word' id='word_1_281' title='bbox 1429 2155 1506 2200; x_wconf 89' lang='lat' dir='ltr'><strong>(uti</strong></span> <span class='ocrx_word' id='word_1_282' title='bbox 1528 2167 1592 2190; x_wconf 83' lang='lat' dir='ltr'><strong>vo-</strong></span> 
     </span>
     <span class='ocr_line' id='line_1_30' title="bbox 126 2202 1593 2248; baseline -0.001 -10"><span class='ocrx_word' id='word_1_283' title='bbox 126 2203 234 2248; x_wconf 83' lang='lat' dir='ltr'><strong>cant)</strong></span> <span class='ocrx_word' id='word_1_284' title='bbox 257 2203 459 2245; x_wconf 74' lang='lat' dir='ltr'><strong>habebatur,</strong></span> <span class='ocrx_word' id='word_1_285' title='bbox 482 2202 740 2248; x_wconf 81' lang='lat' dir='ltr'><strong>ingredientem,</strong></span> <span class='ocrx_word' id='word_1_286' title='bbox 765 2203 901 2237; x_wconf 81' lang='lat' dir='ltr'><strong>calamis</strong></span> <span class='ocrx_word' id='word_1_287' title='bbox 925 2202 1114 2248; x_wconf 67' lang='lat' dir='ltr'><strong>praeacutis</strong></span> <span class='ocrx_word' id='word_1_288' title='bbox 1139 2204 1380 2243; x_wconf 84' lang='lat' dir='ltr'><strong>confecerunt3</strong></span> <span class='ocrx_word' id='word_1_289' title='bbox 1404 2213 1593 2246; x_wconf 82' lang='lat' dir='ltr'><strong>corpusque</strong></span> 
     </span>
     <span class='ocr_line' id='line_1_31' title="bbox 125 2247 1592 2295; baseline -0.003 -11"><span class='ocrx_word' id='word_1_290' title='bbox 125 2249 199 2294; x_wconf 70' lang='lat' dir='ltr'><strong>eJus</strong></span> <span class='ocrx_word' id='word_1_291' title='bbox 221 2254 385 2284; x_wconf 86' lang='lat' dir='ltr'><strong>mortuum</strong></span> <span class='ocrx_word' id='word_1_292' title='bbox 406 2248 442 2283; x_wconf 86' lang='lat' dir='ltr'><strong>in</strong></span> <span class='ocrx_word' id='word_1_293' title='bbox 460 2249 627 2284; x_wconf 84' lang='lat' dir='ltr'><strong>Orontem</strong></span> <span class='ocrx_word' id='word_1_294' title='bbox 650 2248 790 2283; x_wconf 80' lang='lat' dir='ltr'><strong>fluvium</strong></span> <span class='ocrx_word' id='word_1_295' title='bbox 813 2249 1040 2295; x_wconf 85' lang='lat' dir='ltr'><strong>projecerunt.</strong></span> <span class='ocrx_word' id='word_1_296' title='bbox 1089 2249 1278 2294; x_wconf 88' lang='lat' dir='ltr'><strong>Imperator</strong></span> <span class='ocrx_word' id='word_1_297' title='bbox 1299 2252 1410 2282; x_wconf 85' lang='lat' dir='ltr'><strong>autem</strong></span> <span class='ocrx_word' id='word_1_298' title='bbox 1429 2247 1523 2281; x_wconf 86' lang='lat' dir='ltr'><strong>Zeno</strong></span> <span class='ocrx_word' id='word_1_299' title='bbox 1548 2247 1592 2281; x_wconf 89' lang='lat' dir='ltr'><strong>de</strong></span> 
     </span>
     <span class='ocr_line' id='line_1_32' title="bbox 125 2293 1591 2341; baseline -0.003 -12"><span class='ocrx_word' id='word_1_300' title='bbox 125 2294 178 2330; x_wconf 80' lang='lat' dir='ltr'><strong>hia</strong></span> <span class='ocrx_word' id='word_1_301' title='bbox 199 2295 328 2330; x_wconf 78' lang='lat' dir='ltr'><strong>certior</strong></span> <span class='ocrx_word' id='word_1_302' title='bbox 350 2295 485 2337; x_wconf 81' lang='lat' dir='ltr'><strong>factus,</strong></span> <span class='ocrx_word' id='word_1_303' title='bbox 510 2295 752 2330; x_wconf 87' lang='lat' dir='ltr'><strong>Calandionem</strong></span> <span class='ocrx_word' id='word_1_304' title='bbox 777 2295 955 2339; x_wconf 86' lang='lat' dir='ltr'><strong>quendam,</strong></span> <span class='ocrx_word' id='word_1_305' title='bbox 978 2295 1185 2341; x_wconf 81' lang='lat' dir='ltr'><strong>Episcopum</strong></span> <span class='ocrx_word' id='word_1_306' title='bbox 1209 2300 1245 2330; x_wconf 90' lang='lat' dir='ltr'><strong>et</strong></span> <span class='ocrx_word' id='word_1_307' title='bbox 1270 2293 1503 2329; x_wconf 87' lang='lat' dir='ltr'><strong>Patriarcham</strong></span> <span class='ocrx_word' id='word_1_308' title='bbox 1521 2293 1591 2326; x_wconf 83' lang='lat' dir='ltr'><strong>An-</strong></span> 
     </span>
     <span class='ocr_line' id='line_1_33' title="bbox 124 2339 1590 2386; baseline -0.002 -12"><span class='ocrx_word' id='word_1_309' title='bbox 124 2340 274 2375; x_wconf 84' lang='lat' dir='ltr'><strong>tiochiae</strong></span> <span class='ocrx_word' id='word_1_310' title='bbox 305 2339 431 2385; x_wconf 85' lang='lat' dir='ltr'><strong>Syriae</strong></span> <span class='ocrx_word' id='word_1_311' title='bbox 454 2340 651 2376; x_wconf 84' lang='lat' dir='ltr'><strong>constituit:</strong></span> <span class='ocrx_word' id='word_1_312' title='bbox 691 2341 820 2375; x_wconf 91' lang='lat' dir='ltr'><strong>Verum</strong></span> <span class='ocrx_word' id='word_1_313' title='bbox 843 2341 900 2375; x_wconf 90' lang='lat' dir='ltr'><strong>hic</strong></span> <span class='ocrx_word' id='word_1_314' title='bbox 922 2352 1079 2386; x_wconf 88' lang='lat' dir='ltr'><strong>quoque,</strong></span> <span class='ocrx_word' id='word_1_315' title='bbox 1121 2340 1211 2386; x_wconf 92' lang='lat' dir='ltr'><strong>quod</strong></span> <span class='ocrx_word' id='word_1_316' title='bbox 1235 2340 1458 2375; x_wconf 83' lang='lat' dir='ltr'><strong>Nestorianus</strong></span> <span class='ocrx_word' id='word_1_317' title='bbox 1489 2342 1590 2379; x_wconf 86' lang='lat' dir='ltr'><strong>esset,</strong></span> 
     </span>
     <span class='ocr_line' id='line_1_34' title="bbox 125 2383 1589 2441; baseline -0.002 -21"><span class='ocrx_word' id='word_1_318' title='bbox 125 2386 368 2421; x_wconf 83' lang='lat' dir='ltr'><strong>exterminatus</strong></span> <span class='ocrx_word' id='word_1_319' title='bbox 397 2390 458 2421; x_wconf 76' lang='lat' dir='ltr'><strong>est.</strong></span> <span class='ocrx_word' id='word_1_320' title='bbox 522 2387 612 2422; x_wconf 88' lang='lat' dir='ltr'><strong>Tum</strong></span> <span class='ocrx_word' id='word_1_321' title='bbox 644 2398 728 2421; x_wconf 89' lang='lat' dir='ltr'><strong>vero</strong></span> <span class='ocrx_word' id='word_1_322' title='bbox 750 2387 963 2432; x_wconf 83' lang='lat' dir='ltr'><strong>Imperator,</strong></span> <span class='ocrx_word' id='word_1_323' title='bbox 1001 2387 1103 2421; x_wconf 91' lang='lat' dir='ltr'><strong>Clero</strong></span> <span class='ocrx_word' id='word_1_324' title='bbox 1140 2387 1335 2441; x_wconf 85' lang='lat' dir='ltr'><strong>populoque</strong></span> <span class='ocrx_word' id='word_1_325' title='bbox 1370 2383 1589 2419; x_wconf 81' lang='lat' dir='ltr'><strong>Antiochensi</strong></span> 
     </span>
     <span class='ocr_line' id='line_1_35' title="bbox 125 2429 1594 2479; baseline -0.001 -14"><span class='ocrx_word' id='word_1_326' title='bbox 125 2431 191 2466; x_wconf 81' lang='lat' dir='ltr'><strong>hoc</strong></span> <span class='ocrx_word' id='word_1_327' title='bbox 213 2432 256 2467; x_wconf 86' lang='lat' dir='ltr'><strong>ab</strong></span> <span class='ocrx_word' id='word_1_328' title='bbox 281 2443 322 2467; x_wconf 91' lang='lat' dir='ltr'><strong>eo</strong></span> <span class='ocrx_word' id='word_1_329' title='bbox 344 2431 591 2477; x_wconf 81' lang='lat' dir='ltr'><strong>flagitantibus,</strong></span> <span class='ocrx_word' id='word_1_330' title='bbox 615 2433 755 2467; x_wconf 88' lang='lat' dir='ltr'><strong>Petrum</strong></span> <span class='ocrx_word' id='word_1_331' title='bbox 773 2433 980 2479; x_wconf 83' lang='lat' dir='ltr'><strong>Episcopum</strong></span> <span class='ocrx_word' id='word_1_332' title='bbox 1005 2433 1048 2467; x_wconf 86' lang='lat' dir='ltr'><strong>ab</strong></span> <span class='ocrx_word' id='word_1_333' title='bbox 1073 2432 1174 2466; x_wconf 77' lang='lat' dir='ltr'><strong>exilio</strong></span> <span class='ocrx_word' id='word_1_334' title='bbox 1199 2430 1388 2466; x_wconf 86' lang='lat' dir='ltr'><strong>revocavit.</strong></span> <span class='ocrx_word' id='word_1_335' title='bbox 1434 2429 1502 2463; x_wconf 85' lang='lat' dir='ltr'><strong>Hic</strong></span> <span class='ocrx_word' id='word_1_336' title='bbox 1525 2429 1594 2463; x_wconf 85' lang='lat' dir='ltr'><strong>ita-</strong></span> 
     </span>
     <span class='ocr_line' id='line_1_36' title="bbox 124 2475 1593 2522; baseline -0.001 -11"><span class='ocrx_word' id='word_1_337' title='bbox 124 2487 196 2522; x_wconf 89' lang='lat' dir='ltr'><strong>que</strong></span> <span class='ocrx_word' id='word_1_338' title='bbox 218 2477 262 2512; x_wconf 84' lang='lat' dir='ltr'><strong>ab</strong></span> <span class='ocrx_word' id='word_1_339' title='bbox 286 2477 461 2513; x_wconf 80' lang='lat' dir='ltr'><strong>Euchaitis</strong></span> <span class='ocrx_word' id='word_1_340' title='bbox 482 2483 683 2522; x_wconf 80' lang='lat' dir='ltr'><strong>revocatus,</strong></span> <span class='ocrx_word' id='word_1_341' title='bbox 723 2482 758 2513; x_wconf 82' lang='lat' dir='ltr'><strong>et</strong></span> <span class='ocrx_word' id='word_1_342' title='bbox 781 2478 817 2513; x_wconf 85' lang='lat' dir='ltr'><strong>in</strong></span> <span class='ocrx_word' id='word_1_343' title='bbox 839 2479 1111 2514; x_wconf 87' lang='lat' dir='ltr'><strong>Patriarchatum</strong></span> <span class='ocrx_word' id='word_1_344' title='bbox 1138 2478 1336 2517; x_wconf 83' lang='lat' dir='ltr'><strong>restitutus,</strong></span> <span class='ocrx_word' id='word_1_345' title='bbox 1370 2475 1405 2510; x_wconf 90' lang='lat' dir='ltr'><strong>in</strong></span> <span class='ocrx_word' id='word_1_346' title='bbox 1428 2475 1509 2510; x_wconf 85' lang='lat' dir='ltr'><strong>sede</strong></span> <span class='ocrx_word' id='word_1_347' title='bbox 1530 2486 1593 2510; x_wconf 87' lang='lat' dir='ltr'><strong>sua</strong></span> 
     </span>
     <span class='ocr_line' id='line_1_37' title="bbox 124 2521 615 2559; baseline 0.006 -3"><span class='ocrx_word' id='word_1_348' title='bbox 124 2521 343 2557; x_wconf 76' lang='lat' dir='ltr'><strong>Antiochensi</strong></span> <span class='ocrx_word' id='word_1_349' title='bbox 363 2523 479 2559; x_wconf 84' lang='lat' dir='ltr'><strong>finivit</strong></span> <span class='ocrx_word' id='word_1_350' title='bbox 499 2524 615 2559; x_wconf 83' lang='lat' dir='ltr'><strong>vitam.</strong></span> 
     </span>
    </p>

    <p class='ocr_par' dir='ltr' id='par_1_5' title="bbox 122 2566 1591 2891">
     <span class='ocr_line' id='line_1_38' title="bbox 216 2566 1591 2615; baseline -0.001 -13"><span class='ocrx_word' id='word_1_351' title='bbox 216 2567 399 2604; x_wconf 82' lang='lat' dir='ltr'><strong>Caeterum</strong></span> <span class='ocrx_word' id='word_1_352' title='bbox 415 2570 605 2615; x_wconf 85' lang='lat' dir='ltr'><strong>Imperator</strong></span> <span class='ocrx_word' id='word_1_353' title='bbox 621 2571 716 2605; x_wconf 91' lang='lat' dir='ltr'><strong>Zeno</strong></span> <span class='ocrx_word' id='word_1_354' title='bbox 741 2569 948 2613; x_wconf 84' lang='lat' dir='ltr'><strong>Basiliscum,</strong></span> <span class='ocrx_word' id='word_1_355' title='bbox 973 2569 1105 2604; x_wconf 85' lang='lat' dir='ltr'><strong>Armati</strong></span> <span class='ocrx_word' id='word_1_356' title='bbox 1128 2567 1324 2604; x_wconf 86' lang='lat' dir='ltr'><strong>Praesentis</strong></span> <span class='ocrx_word' id='word_1_357' title='bbox 1347 2566 1489 2602; x_wconf 88' lang='lat' dir='ltr'><strong>militiae</strong></span> <span class='ocrx_word' id='word_1_358' title='bbox 1511 2566 1591 2601; x_wconf 80' lang='lat' dir='ltr'><strong>Ma—</strong></span> 
     </span>
     <span class='ocr_line' id='line_1_39' title="bbox 123 2612 1590 2662; baseline 0.001 -15"><span class='ocrx_word' id='word_1_359' title='bbox 123 2613 265 2659; x_wconf 79' lang='lat' dir='ltr'><strong>gistrum</strong></span> <span class='ocrx_word' id='word_1_360' title='bbox 287 2613 405 2657; x_wconf 76' lang='lat' dir='ltr'><strong>fifium,</strong></span> <span class='ocrx_word' id='word_1_361' title='bbox 448 2627 489 2650; x_wconf 82' lang='lat' dir='ltr'><strong>ex</strong></span> <span class='ocrx_word' id='word_1_362' title='bbox 513 2622 616 2662; x_wconf 87' lang='lat' dir='ltr'><strong>pacto</strong></span> <span class='ocrx_word' id='word_1_363' title='bbox 639 2617 821 2651; x_wconf 81' lang='lat' dir='ltr'><strong>Caesarem</strong></span> <span class='ocrx_word' id='word_1_364' title='bbox 844 2615 1069 2651; x_wconf 84' lang='lat' dir='ltr'><strong>renunciavit.</strong></span> <span class='ocrx_word' id='word_1_365' title='bbox 1118 2615 1248 2649; x_wconf 91' lang='lat' dir='ltr'><strong>Zenoni</strong></span> <span class='ocrx_word' id='word_1_366' title='bbox 1272 2614 1391 2658; x_wconf 84' lang='lat' dir='ltr'><strong>itaque</strong></span> <span class='ocrx_word' id='word_1_367' title='bbox 1414 2612 1590 2648; x_wconf 87' lang='lat' dir='ltr'><strong>Circensia</strong></span> 
     </span>
     <span class='ocr_line' id='line_1_40' title="bbox 124 2658 1588 2707; baseline -0.001 -13"><span class='ocrx_word' id='word_1_368' title='bbox 124 2658 313 2705; x_wconf 72' lang='lat' dir='ltr'><strong>spectanti,</strong></span> <span class='ocrx_word' id='word_1_369' title='bbox 347 2660 524 2696; x_wconf 77' lang='lat' dir='ltr'><strong>Basiliscus</strong></span> <span class='ocrx_word' id='word_1_370' title='bbox 549 2661 650 2696; x_wconf 88' lang='lat' dir='ltr'><strong>etiam</strong></span> <span class='ocrx_word' id='word_1_371' title='bbox 673 2662 862 2704; x_wconf 82' lang='lat' dir='ltr'><strong>assidebat3</strong></span> <span class='ocrx_word' id='word_1_372' title='bbox 898 2662 1106 2707; x_wconf 45' lang='lat' dir='ltr'><strong>Caesarque*</strong></span> <span class='ocrx_word' id='word_1_373' title='bbox 1117 2660 1232 2702; x_wconf 86' lang='lat' dir='ltr'><strong>simul,</strong></span> <span class='ocrx_word' id='word_1_374' title='bbox 1268 2671 1340 2694; x_wconf 91' lang='lat' dir='ltr'><strong>cum</strong></span> <span class='ocrx_word' id='word_1_375' title='bbox 1364 2659 1588 2704; x_wconf 85' lang='lat' dir='ltr'><strong>Imperatore,</strong></span> 
     </span>
     <span class='ocr_line' id='line_1_41' title="bbox 124 2704 1586 2753; baseline 0.001 -16"><span class='ocrx_word' id='word_1_376' title='bbox 124 2704 358 2750; x_wconf 78' lang='lat' dir='ltr'><strong>aurigantibus</strong></span> <span class='ocrx_word' id='word_1_377' title='bbox 382 2707 529 2751; x_wconf 84' lang='lat' dir='ltr'><strong>praemia</strong></span> <span class='ocrx_word' id='word_1_378' title='bbox 561 2708 726 2743; x_wconf 87' lang='lat' dir='ltr'><strong>exhibuit.</strong></span> <span class='ocrx_word' id='word_1_379' title='bbox 782 2709 829 2743; x_wconf 77' lang='lat' dir='ltr'><strong>At</strong></span> <span class='ocrx_word' id='word_1_380' title='bbox 851 2719 933 2743; x_wconf 80' lang='lat' dir='ltr'><strong>vero</strong></span> <span class='ocrx_word' id='word_1_381' title='bbox 958 2708 1167 2753; x_wconf 88' lang='lat' dir='ltr'><strong>Imperator,</strong></span> <span class='ocrx_word' id='word_1_382' title='bbox 1207 2705 1357 2747; x_wconf 83' lang='lat' dir='ltr'><strong>Armati,</strong></span> <span class='ocrx_word' id='word_1_383' title='bbox 1393 2705 1586 2739; x_wconf 82' lang='lat' dir='ltr'><strong>Praesentis</strong></span> 
     </span>
     <span class='ocr_line' id='line_1_42' title="bbox 123 2750 1586 2800; baseline -0.001 -14"><span class='ocrx_word' id='word_1_384' title='bbox 123 2750 265 2786; x_wconf 84' lang='lat' dir='ltr'><strong>militiae</strong></span> <span class='ocrx_word' id='word_1_385' title='bbox 287 2750 467 2795; x_wconf 77' lang='lat' dir='ltr'><strong>Magistri,</strong></span> <span class='ocrx_word' id='word_1_386' title='bbox 502 2753 657 2788; x_wconf 85' lang='lat' dir='ltr'><strong>Caesaris</strong></span> <span class='ocrx_word' id='word_1_387' title='bbox 680 2754 810 2800; x_wconf 79' lang='lat' dir='ltr'><strong>patris,</strong></span> <span class='ocrx_word' id='word_1_388' title='bbox 846 2754 1031 2799; x_wconf 73' lang='lat' dir='ltr'><strong>perjurium</strong></span> <span class='ocrx_word' id='word_1_389' title='bbox 1062 2751 1172 2786; x_wconf 86' lang='lat' dir='ltr'><strong>auimo</strong></span> <span class='ocrx_word' id='word_1_390' title='bbox 1205 2762 1264 2786; x_wconf 82' lang='lat' dir='ltr'><strong>suo</strong></span> <span class='ocrx_word' id='word_1_391' title='bbox 1295 2751 1512 2796; x_wconf 82' lang='lat' dir='ltr'><strong>recogitans;</strong></span> <span class='ocrx_word' id='word_1_392' title='bbox 1548 2755 1586 2785; x_wconf 90' lang='lat' dir='ltr'><strong>et</strong></span> 
     </span>
     <span class='ocr_line' id='line_1_43' title="bbox 122 2795 1583 2844; baseline -0.001 -13"><span class='ocrx_word' id='word_1_393' title='bbox 122 2795 216 2842; x_wconf 88' lang='lat' dir='ltr'><strong>quod</strong></span> <span class='ocrx_word' id='word_1_394' title='bbox 239 2806 302 2842; x_wconf 86' lang='lat' dir='ltr'><strong>per</strong></span> <span class='ocrx_word' id='word_1_395' title='bbox 324 2808 455 2831; x_wconf 88' lang='lat' dir='ltr'><strong>sacrum</strong></span> <span class='ocrx_word' id='word_1_396' title='bbox 477 2798 683 2844; x_wconf 87' lang='lat' dir='ltr'><strong>Baptismum</strong></span> <span class='ocrx_word' id='word_1_397' title='bbox 707 2799 870 2835; x_wconf 85' lang='lat' dir='ltr'><strong>Basilisco</strong></span> <span class='ocrx_word' id='word_1_398' title='bbox 891 2798 1084 2843; x_wconf 83' lang='lat' dir='ltr'><strong>juraverit,</strong></span> <span class='ocrx_word' id='word_1_399' title='bbox 1124 2809 1160 2831; x_wconf 89' lang='lat' dir='ltr'><strong>se</strong></span> <span class='ocrx_word' id='word_1_400' title='bbox 1184 2808 1257 2831; x_wconf 86' lang='lat' dir='ltr'><strong>eum</strong></span> <span class='ocrx_word' id='word_1_401' title='bbox 1280 2808 1348 2832; x_wconf 90' lang='lat' dir='ltr'><strong>non</strong></span> <span class='ocrx_word' id='word_1_402' title='bbox 1371 2796 1583 2843; x_wconf 88' lang='lat' dir='ltr'><strong>proditurum</strong></span> 
     </span>
     <span class='ocr_line' id='line_1_44' title="bbox 123 2840 1583 2891; baseline -0.001 -15"><span class='ocrx_word' id='word_1_403' title='bbox 123 2853 215 2885; x_wconf 60' lang='grc' dir='ltr'><strong>ωας</strong></span> <span class='ocrx_word' id='word_1_404' title='bbox 251 2842 425 2885; x_wconf 85' lang='lat' dir='ltr'><strong>„hortatu</strong></span> <span class='ocrx_word' id='word_1_405' title='bbox 447 2847 560 2879; x_wconf 86' lang='lat' dir='ltr'><strong>tamen</strong></span> <span class='ocrx_word' id='word_1_406' title='bbox 582 2856 676 2888; x_wconf 90' lang='lat' dir='ltr'><strong>meo,</strong></span> <span class='ocrx_word' id='word_1_407' title='bbox 700 2845 830 2891; x_wconf 83' lang='lat' dir='ltr'><strong>inquit,</strong></span> <span class='ocrx_word' id='word_1_408' title='bbox 855 2845 1042 2886; x_wconf 86' lang='lat' dir='ltr'><strong>adductus,</strong></span> <span class='ocrx_word' id='word_1_409' title='bbox 1077 2842 1232 2890; x_wconf 85' lang='lat' dir='ltr'><strong>prodidit</strong></span> <span class='ocrx_word' id='word_1_410' title='bbox 1254 2854 1329 2878; x_wconf 88' lang='lat' dir='ltr'><strong>eum</strong></span> <span class='ocrx_word' id='word_1_411' title='bbox 1352 2848 1390 2879; x_wconf 87' lang='lat' dir='ltr'><strong>et</strong></span> <span class='ocrx_word' id='word_1_412' title='bbox 1409 2841 1526 2879; x_wconf 83' lang='lat' dir='ltr'><strong>mortis</strong></span> <span class='ocrx_word' id='word_1_413' title='bbox 1550 2840 1583 2876; x_wconf 84' lang='lat' dir='ltr'><strong>ei</strong></span> 
     </span>
    </p>
   </div>
  </div>
 </body>
</html>
