1838 3230
303 193 398 240 110
696 188 978 234 IOANNIS
1005 190 1343 235 MALALAE

300 306 348 349 δέ
364 325 433 362 μοι
447 340 459 359 ,
496 308 666 362 νομίζω,
704 308 770 350 καὶ
787 311 908 350 τοῦτο
928 308 1027 364 πρὸς
1045 307 1191 362 δόξαν,
1229 309 1275 352 τὸ
1295 307 1440 366 &yslym
1459 308 1507 353 τὸ
1530 312 1736 365 σῶμα-τοῦ

293 375 501 430 Ἀχιλλέως
522 378 577 424 εἷς
596 376 670 425 τὰς
692 375 841 430 σκηνὰς
861 377 903 418 ἐκ
922 380 995 419 τοῦ
1018 377 1124 432 ἶεροῦ
1147 382 1221 420 τοῦ
1246 380 1460 434 Θυμβρίου
1474 377 1736 429 Ἀπόλλωνος.

396 441 444 486 ‘O
471 444 515 485 δὲ
540 443 760 493 Ὀδυσσεὺς
788 443 1010 487 ἀνθίστατο
1033 445 1143 503 αὐτῷ’
1165 446 1286 502 λέγων
1309 446 1370 489 ὅτι
1387 445 1488 502 Ἐγώ
1509 445 1610 489 αὐτὸ
1629 449 1737 500 λαμ-
1762 479 1765 482 -

298 509 413 564 βάνω
433 512 487 560 εἷς
504 511 577 565 τὴν
595 511 694 566 ἐμὴν
713 509 827 554 πόλιν
840 525 850 537 ·
885 511 977 555 οὔτε
994 512 1069 568 γὰρ
1090 514 1208 555 πλέον
1226 532 1306 568 μου
1326 515 1525 570 κέκμηκας
1534 513 1733 569 Ἓλλησιν.

300 580 343 629 ἐξ
375 579 500 635 ἀρχῆς
530 578 607 636 γὰρ
636 579 737 633 μετὰ
767 579 840 634 τὴν
861 584 933 635 τῆς
950 579 1107 636 Ἑλένης
1124 579 1204 624 ὑπὸ
1233 580 1418 639 Πάριδος
1446 581 1597 637 κλοπὴν
1615 583 1671 631 εἰς
1688 581 1770 631 τό5

290 646 413 689 Ἴλιον
442 644 654 702 ἐξώρμησα
681 647 754 689 σὺν
774 646 1009 705 Παλαμήδῃ
1036 651 1101 691 καὶ
1128 648 1325 707 ,Μενελάῳ
1349 653 1519 704 βασιλεῖ.
1588 647 1739 703 ὅμοίως

300 715 345 757 δὲ
363 716 428 756 καὶ
456 714 553 764 τούς
572 719 749 768 βασιλεῖς
769 717 834 757 καὶ
853 716 947 766 τοὺς
964 716 1101 772 ἥρωας
1123 717 1198 772 ἐγώ
1218 716 1474 772 πανταχόθεν
1494 721 1737 773 προσεκαλε-

297 780 444 838 σάμην.
513 780 706 832 ὡσαύτως
736 784 780 825 δὲ
809 785 875 825 καὶ
896 784 967 826 τὸν
988 782 1172 827 θάνατον
1190 790 1263 828 τοῦ
1283 784 1468 841 Πάριδος
1484 785 1560 841 ἐγώ
1579 801 1738 842 κατειρ-

247 863 281 898 Ε
302 849 502 907 γασάμην.
573 855 780 905 συμβολῆς
799 849 875 907 γάρ
885 884 898 904 ,
937 850 992 901 ὦς
1010 852 1094 895 ἴστε
1103 885 1115 904 ,
1157 851 1311 909 Τρώων
1329 855 1394 895 καὶ
1409 851 1608 908 Ἑλλήνων
1622 869 1738 909 γενο-

298 918 433 974 μένης,
455 919 522 960 καὶ
539 923 698 962 πολλῶν
714 917 927 973 πεσόντων,
963 920 1185 974 ἱσταμένων
1205 926 1286 964 τῶν
1305 921 1357 963 τὰ
1373 925 1516 978 πρῶτα
1534 919 1737 978 φερόντων
1749 932 1792 968 10

154 997 186 1031 O
211 995 277 1033 140
300 991 373 1041 τῆς
400 988 552 1042 Τροίης
573 989 638 1029 καὶ
657 985 771 1041 ὑμῶν
791 992 873 1030 τῶν
889 986 1092 1042 ἡγεμόνων
1111 986 1308 1043 Ἑλλήνων
1334 991 1400 1031 καὶ
1421 988 1521 1045 πρὸς
1539 986 1739 1043 ἀλλήλους

299 1055 551 1108 ἐπικειμένων
581 1061 711 1111 κρῖναι
743 1055 814 1098 τὸν
845 1054 1044 1110 πόλεμον,
1082 1056 1158 1112 ἐγώ
1189 1054 1502 1113 προετρεψάμην
1526 1055 1598 1099 τὸν
1621 1055 1738 1111 ἥρωα

302 1120 555 1177 Φιλοκτήτην
580 1123 682 1165 κατὰ
710 1122 895 1178 Πάριδος
925 1125 1257 1180 προκαλέσασθαι
1289 1124 1446 1179 τοξικὴν
1469 1125 1735 1178 μονομαχίαν.

298 1193 364 1233 καὶ
402 1192 589 1247 ἐξαίφνης
627 1190 694 1232 διὰ
730 1192 854 1244 μέσον
886 1196 967 1234 τῶν
997 1192 1195 1245 βασιλέων
1229 1190 1249 1234 ὃ
1283 1190 1534 1247 Φιλοκτήτης
1561 1191 1738 1242 ἐξελθὼν

296 1263 553 1315 προκαλεῖται
583 1258 654 1301 τὸν
673 1257 840 1314 Πάριδα
867 1261 922 1308 εἷς
949 1262 1201 1314 μονομαχίαν
1220 1258 1389 1315 τοξικήν.
1458 1258 1636 1309 ἀκούσας
1650 1260 1695 1302 δὲ
1711 1256 1732 1302 ὅ
1747 1269 1790 1305 15

178 1336 210 1370 V
231 1335 276 1372 46
298 1325 436 1384 Πάρις
475 1323 678 1383 ἐξώρμησε
712 1328 776 1368 καὶ
810 1327 932 1376 αὐτὸς
961 1328 1166 1370 κατέναντι
1196 1327 1323 1370 αὐτοῦ
1354 1325 1522 1383 τοξότης
1555 1329 1620 1370 καὶ
1650 1326 1736 1381 ἅμα

293 1393 520 1451 Δηιφόβῳ,
560 1395 721 1451 ἀδελφῷ
751 1394 889 1437 αὐτοῦ.
959 1395 1135 1445 ἐξελθὼν
1156 1396 1199 1438 δὲ
1228 1395 1467 1451 διεμέτρησα
1488 1395 1624 1444 αὐτοῖς
1644 1396 1735 1437 δια-

293 1461 499 1517 στήματος
517 1460 657 1514 τόπον,
694 1466 772 1504 ποῦ
794 1463 912 1517 ἐχρῆν
932 1463 1081 1512 αὐτοὺς
1101 1462 1275 1506 ἑστάναι.
1345 1465 1411 1505 καὶ
1429 1461 1640 1516 λαβόντων
1660 1461 1736 1505 αὖ·

292 1536 375 1574 τῶν
394 1534 542 1584 κλῆρον
563 1530 677 1584 ἔλαχε
696 1534 752 1587 τῷ
774 1529 927 1585 Πάριδι
947 1521 1092 1588 πρώτω
1112 1534 1319 1580 τοξεῦσαι·
1349 1531 1475 1587 ῥίψας
1496 1531 1540 1573 δὲ
1558 1528 1580 1572 ὃ
1597 1528 1735 1586 Πάρις

294 1596 577 1654 ἀποτυγχάνει·
608 1602 778 1654 θαρσεῖν
801 1599 845 1640 δὲ
867 1597 1095 1655 Φιλοκτήτῃ
1112 1597 1274 1653 κράξας,
1311 1595 1587 1648 ἀντετόξευσεν
1609 1595 1630 1641 ὃ
1655 1601 1790 1644 Φι-20

294 1665 512 1722 λοκτήτης,
549 1667 615 1708 καὶ
641 1667 830 1721 διαπείρει
849 1671 922 1708 τοῦ
943 1665 1129 1721 Πάριδος
1149 1666 1223 1721 τὴν
1244 1665 1456 1722 ἀριστερὰν
1470 1672 1600 1722 χεῖρα.
1667 1667 1734 1708 καὶ

299 1735 423 1785 εὐθὺς
449 1734 638 1792 δευτέραν
660 1734 873 1783 ἀκοντίσας
891 1734 961 1777 τὸν
979 1734 1104 1784 δεξιὸν
1124 1734 1249 1777 αὐτοῦ
1270 1733 1488 1792 ὀφθαλμὸν
1505 1731 1708 1791 ἐπήρωσεν
1721 1747 1731 1757 ·

387 1867 422 1901 2.
447 1865 638 1912 Θυμβρίου
662 1864 740 1906 Ch„
764 1865 951 1910 Θρυμβίου
975 1865 1042 1900 Ox.
1087 1864 1187 1900 Conf.
1210 1876 1245 1910 p.
1262 1862 1318 1901 54.
1334 1863 1379 1899 D.
1459 1863 1494 1900 4.
1511 1863 1606 1909 μοῧ]
1630 1863 1732 1898 Immo

386 1912 490 1956 ἐμοῦ.
579 1912 633 1947 13.
658 1912 712 1946 15.
735 1914 902 1956 προσκαλ.
924 1912 992 1946 Ox.
1081 1913 1137 1947 22.
1160 1907 1256 1947 εὐθύ
1280 1911 1347 1945 Ox.

297 2023 403 2058 ciatus
424 2023 497 2069 ipse
519 2023 704 2058 vulneravi.
750 2024 820 2058 Sed
844 2027 879 2059 et
901 2022 1033 2058 abunde
1054 2022 1136 2057 mihi
1158 2028 1209 2058 est
1229 2023 1266 2057 in
1287 2021 1449 2068 gloriam,
1483 2020 1575 2067 quod
1596 2020 1735 2056 Achillis

298 2080 436 2115 corpus,
461 2070 669 2113 Thymbraei
692 2069 856 2114 Apollinis
877 2070 957 2103 fano
981 2072 1189 2111 extractum,
1216 2069 1260 2103 ad
1284 2073 1396 2103 castra
1419 2067 1555 2102 deduxi.

388 2114 565 2148 Caeterum
595 2115 720 2148 Ulisses
754 2121 873 2150 contra
903 2115 1052 2149 locutus:
1102 2114 1193 2155 Quin
1236 2113 1346 2159 potius
1377 2114 1440 2147 hoc
1468 2112 1547 2147 mihi
1578 2111 1734 2155 debetur,

298 2160 389 2206 quod
410 2161 447 2193 in
467 2161 583 2193 urbem
606 2171 711 2193 meam
734 2160 960 2205 deportarem.
1006 2160 1190 2194 Laboribus
1213 2159 1296 2194 enim
1321 2158 1407 2192 Meis
1428 2169 1495 2193 non
1517 2157 1574 2192 Tu
1595 2157 1735 2201 majori-

297 2207 359 2241 bus
383 2204 526 2250 Argivos
556 2204 759 2238 demeruisti.
806 2207 858 2239 Ab
890 2205 971 2250 ipsis
1003 2205 1089 2239 enim
1111 2205 1190 2238 belli
1219 2204 1408 2250 primordiis
1439 2207 1518 2249 post
1548 2207 1679 2248 raptam
1711 2214 1733 2237 a

298 2251 424 2286 Paride
454 2250 632 2291 Helenam,
669 2261 732 2294 ego
771 2250 929 2284 adversus
960 2251 1074 2292 Ilium,
1108 2261 1181 2284 cum
1204 2250 1381 2284 Palamede
1403 2253 1439 2283 et
1460 2249 1615 2283 Menelao
1637 2258 1732 2291 rege,

299 2308 392 2331 arma
424 2296 522 2330 movi.
567 2296 680 2339 Reges
715 2306 779 2339 ego
811 2296 1010 2341 Heroasque
1031 2295 1179 2340 undique
1201 2295 1400 2336 accersitos,
1431 2294 1468 2328 in
1491 2299 1604 2339 partes
1626 2304 1731 2328 voca-

294 2343 348 2376 vi:
379 2342 436 2376 sed
461 2345 497 2375 et
520 2340 634 2374 Paridi
655 2340 746 2374 necis
769 2344 886 2374 auctor
907 2340 980 2386 ipse
1001 2342 1061 2375 fui.
1108 2341 1192 2375 Cum
1214 2341 1319 2384 enim,
1353 2339 1429 2384 (uti
1450 2338 1579 2382 nostis)
1602 2337 1730 2391 praelio

293 2388 385 2422 inter
407 2387 574 2430 TroJanos
593 2386 810 2429 Graecosque
833 2386 1014 2427 commisso,
1038 2386 1171 2431 plurimi
1194 2387 1353 2430 utrinque
1376 2384 1582 2425 ceciderunt,
1603 2386 1730 2416 instan-

294 2435 385 2468 tibus
419 2431 552 2466 interim
584 2435 620 2464 et
652 2430 848 2475 urgentibus
870 2430 1012 2465 invicem
1043 2431 1216 2476 utriusque
1239 2431 1325 2465 aciei
1347 2429 1512 2471 Ducibus,
1548 2433 1588 2462 ut
1610 2428 1730 2462 bellum

296 2479 555 2518 decerneretur;
598 2477 743 2511 Heroem
774 2475 993 2509 Philoctetem
1024 2488 1088 2521 ego
1122 2477 1274 2510 hortatus
1306 2486 1398 2515 sum,
1437 2473 1488 2508 uti
1511 2473 1663 2507 Paridem
1685 2472 1730 2507 ad

296 2524 672 2613 {ffifzeffifffl
696 2519 844 2611 ἰὲἷῗέἕᾶἰ
865 2521 1067 2600 ἕῗιῖἶὲἓιῖῗὲ
1098 2517 1731 2610 1²:335}sssssassttxffiffiffiiffi

1076 2590 1086 2607 9

296 2620 480 2659 provocat:
524 2624 590 2658 quo
614 2612 709 2646 Paris
733 2611 868 2651 audito,
903 2622 1053 2655 egressus
1077 2615 1112 2644 et
1133 2611 1206 2655 ipse
1229 2614 1299 2651 est,
1331 2621 1396 2643 una
1419 2621 1492 2643 cum
1513 2610 1623 2643 fratre
1644 2608 1729 2642 Dei-

297 2660 410 2704 phobo
433 2658 640 2703 sagittarius.
666 2658 755 2692 Tum
777 2667 840 2700 ego
863 2656 1016 2690 stationis
1038 2656 1251 2689 intervallum
1272 2654 1336 2688 illis
1360 2655 1523 2689 dimensus
1544 2665 1626 2688 sum.
1660 2654 1729 2688 Pa-

298 2704 346 2738 ris
368 2704 505 2748 itaque,
537 2703 591 2737 cui
614 2703 734 2737 sortito
758 2702 961 2742 obvenerat,
997 2700 1049 2735 uti
1070 2700 1165 2746 prior
1191 2701 1254 2734 hoc
1276 2701 1428 2741 faceret,
1467 2699 1626 2744 sagittam
1649 2697 1730 2732 emi-

300 2749 361 2789 sit3
396 2749 455 2783 sed
478 2760 499 2783 a
522 2760 622 2793 scopo
657 2746 840 2782 aberravit.
885 2747 1087 2781 Philoctetes
1108 2749 1239 2789 autem,
1276 2757 1328 2779 me
1360 2744 1494 2779 interim
1516 2744 1728 2785 adhortante,

300 2795 387 2828 bono
419 2798 456 2828 ut
489 2799 576 2828 esset
608 2793 737 2836 animo,
770 2793 896 2836 sagitta
926 2791 1069 2828 vicissim
1102 2790 1259 2825 Paridem
1289 2791 1471 2835 impetens,
1505 2800 1635 2824 manum
1656 2787 1727 2832 ejus

300 2838 464 2874 sinistram
492 2838 708 2884 transadigit:
745 2839 924 2883 statimque
953 2838 1093 2873 alteram
1123 2836 1275 2872 emittens
1303 2836 1479 2881 sagittam,
1509 2835 1630 2870 dextro
1652 2843 1726 2867 eum
