1838 3230
621 160 1092 207 ANNOTATIONES.
1495 163 1593 213 501

248 280 352 332 Pagae
378 277 443 325 14.
475 281 541 322 16.
599 276 629 331 ἦ
644 277 955 331 παρεκτείνουσα
978 276 1089 330 μέχρι
1112 272 1327 330 Κυρήνης]
1360 289 1410 315 ex
1425 276 1510 316 »hoc
1528 278 1596 315 lo-

135 349 186 374 co
207 335 431 386 corrigendi
450 335 673 386 cedrenus,
703 339 744 373 et
765 332 953 372 Chronici
972 334 1085 374 Alex.
1110 332 1274 383 Auctor,
1305 346 1475 385 quorum
1490 340 1598 373 uter-

134 404 214 444 que
232 390 353 430 habet
372 392 636 446 Κορκυρίνης.

243 445 350 488 lhid.
406 444 588 503 Σύρτης]
623 446 823 486 eedrenus
846 453 884 486 et
905 446 999 486 Chr.
1023 445 1084 486 Al.
1111 446 1260 485 habent
1280 442 1441 500 Σύρτις.

247 506 346 557 Pag.
377 505 441 548 14.
476 508 543 548 17.
602 501 846 557 Μασσυρής]
878 504 995 544 Cedr.
1027 503 1146 542 habet
1172 504 1397 550 Μασουνίς.

243 558 342 612 Peg.
379 561 443 604 14.
477 564 541 613 18.
610 559 654 601 ἐν
683 558 726 601 δὲ
754 564 840 608 ταῖς
867 557 967 600 κατὰ
999 561 1155 614 βορῤἆν
1185 557 1234 600 τοὶ
1269 557 1378 613 παροὲ
1407 555 1596 600 θάλασσα

132 614 210 668 ἔχει
230 615 322 668 etc.]
350 616 460 656 Haec
480 618 536 656 ita
557 617 747 668 legerem:
777 616 821 657 ἐν
842 615 885 656 δὲ
900 621 984 663 τοῖς
1005 632 1040 657 κ.
1063 618 1100 668 β.
1120 614 1169 657 w?
1187 612 1496 670 παραθαλάσσια
1517 623 1592 658 etc.

131 671 226 712 Chr.
252 671 311 712 Al.
329 672 471 721 habet,
502 673 579 727 ἔχει
599 671 643 714 δὲ
668 673 711 714 ἐν
731 677 815 722 τοῖς
833 670 935 714 κατὰ
951 673 1105 726 βορῤἇν
1132 672 1291 728 μέρεσιν
1312 670 1382 722 τοὶς
1405 677 1594 726 παραθα-

127 729 294 778 λασσίας
313 736 388 769 etc.
1427 770 1429 773 .

129 840 180 881 dr
240 787 345 840 Pag.
386 786 451 830 15.
493 790 529 830 1.
595 785 834 839 Λυκανίαν]
874 786 967 838 Leg.
995 784 1252 836 Λυκαονίαν,
1297 791 1342 824 ut
1368 783 1488 824 habet
1516 785 1593 825 Ce-

180 854 289 882 enus.

238 897 346 938 Ibid.
402 898 472 940 καὶ
501 899 690 951 Μαλίαν]
729 899 784 938 Ita
812 898 935 938 habet
969 898 1106 939 Codex
1134 898 1214 936 MS.
1260 910 1340 949 quo
1367 910 1462 936 usus
1484 911 1591 937 sum:

129 954 372 1008 conjunctim
394 962 526 995 tamen
547 956 762 1007 legendum
784 956 988 996 videntur.
1046 954 1249 994 Cedrenus
1280 954 1399 993 habet
1428 952 1591 1008 Καβαλ-

126 1011 243 1063 Mdv,
274 1012 368 1052 Chr.
392 1013 456 1054 Al.
479 1013 691 1066 Καμιλίαν.

242 1070 336 1122 Peg.
367 1069 432 1112 15.
463 1073 503 1112 3.
561 1068 803 1122 Βηθυνίαν]
836 1070 923 1108 Ser.
940 1067 1155 1108 Βιθυνίαν.
1213 1066 1366 1105 Auctor
1384 1071 1591 1118 excerpto-

126 1137 218 1163 rum
246 1126 390 1166 utifliss.
423 1139 445 1163 a
476 1126 554 1167 Jos.
582 1126 784 1177 Scaligero
812 1138 891 1164 una
919 1138 1010 1163 cum
1028 1123 1198 1163 Eusebio
1231 1123 1429 1163 editorum
1457 1122 1590 1161 habet.

124 1179 355 1233 Bithyniam
373 1183 591 1236 antiquam,
629 1197 729 1236 quae
748 1191 913 1221 vocatur
934 1180 1113 1234 Phrygia.

240 1240 337 1291 Pag-
372 1238 435 1281 15.
465 1237 504 1280 4.
562 1237 813 1292 Σαρδανίαν]
844 1240 927 1276 Scr.
950 1236 1184 1290 Σαρδινίαν.
1243 1235 1444 1275 Cedrenus
1469 1234 1591 1274 habet

125 1289 284 1348 Σαρδώ.
340 1292 512 1347 Σαρδών
531 1295 650 1334 etiam
670 1296 777 1335 dicta
796 1300 855 1333 est
870 1293 971 1332 haec
994 1293 1162 1332 maxima
1182 1292 1320 1344 Libyci
1340 1292 1459 1331 maris
1478 1292 1590 1330 insu—

123 1349 189 1399 la,
225 1350 286 1388 uti
310 1357 508 1391 testantur
543 1351 770 1405 Stephanus
810 1351 859 1391 de
893 1351 989 1390 Urb.
1019 1357 1058 1390 et
1084 1348 1315 1390 Eustathius
1350 1351 1393 1387 in
1425 1348 1588 1401 DionyS.

122 1405 316 1457 Perieget.

232 1464 336 1517 Pag.
375 1464 440 1507 15.
469 1468 508 1508 6.
568 1463 879 1518 Παμφλαγονία]
909 1464 994 1502 Scr.
1027 1462 1308 1516 Παφλαγονία.

237 1522 332 1573 Pag.
374 1520 441 1563 15.
477 1525 519 1565 7.
588 1518 805 1573 Μαλάτης,
850 1519 1006 1572 Δέρβη,
1059 1516 1296 1573 Σαρματὴς,
1348 1515 1586 1571 Ταυριανής,

123 1573 392 1629 Βουταρνὴς,]
422 1578 498 1616 Pro
519 1576 628 1617 hisce
647 1578 817 1618 vocibus
849 1577 954 1628 apud
976 1575 1197 1615 cedrenum
1222 1575 1389 1626 legimus
1398 1604 1411 1624 ,
1440 1577 1588 1615 Μαιῶ-

121 1646 199 1682 τις,
230 1632 392 1685 Δέρῤις,
422 1636 651 1686 Σαρματία,
688 1633 923 1686 Ταυριανοὶ,
953 1633 1207 1685 Βακτρεανοί.

239 1691 334 1742 Pag·
367 1690 431 1732 15.
462 1694 526 1732 10.
576 1687 835 1745 Ηπειρώτης]
861 1689 1063 1728 Cedrenus
1084 1687 1204 1727 habet
1225 1688 1467 1741 Ηπειρῶται,
1492 1683 1585 1726 Chr.

122 1743 184 1784 Al.
210 1748 316 1786 Ηπει
344 1748 446 1794 ῶτις.

235 1761 340 1854 Peg?
372 1803 435 1845 15.
468 1806 534 1846 11.
593 1802 808 1856 Λαχνίτής]
841 1804 926 1841 Ser.
947 1802 1162 1854 Λυχνίτης.
1222 1799 1323 1840 Vide
1343 1798 1586 1853 Stephanum

123 1857 174 1898 de
195 1858 282 1900 urb.
306 1860 348 1897 in
369 1873 469 1898 voce
490 1861 702 1912 Λυχνίδος.
762 1859 962 1898 Cedrenus
982 1858 1103 1897 habet
1124 1861 1332 1910 Λυχνῖται.

237 1919 333 1967 Pag.
366 1915 431 1958 15.
466 1919 528 1958 13.
586 1913 813 1970 Κύθειραν]
842 1918 926 1954 Scr.
951 1912 1164 1967 Κύθηραν.

234 1970 338 2013 Ibid.
400 1972 625 2027 Κέρκυραν]
651 1974 734 2012 Ser.
757 1968 987 2027 Κόρκυραν.
1045 1971 1137 2012 Chr.
1158 1970 1220 2009 Al.
1238 1969 1360 2009 habet
1380 1965 1581 2023 Κόρουρα.

234 2031 330 2080 Pag-
361 2032 425 2072 16.
455 2033 493 2071 2.
551 2028 606 2077 ὥς
639 2025 776 2082 ἀγαθή
803 2044 843 2069 τε
863 2029 932 2069 καὶ
969 2025 1167 2083 εὔφορος]
1206 2027 1297 2079 Leg.
1336 2025 1390 2075 ὥς
1419 2022 1584 2081 οῗγαθήν

119 2100 162 2126 τε
183 2084 252 2126 καὶ
271 2083 472 2139 εὕφορονε
502 2092 541 2126 et
560 2086 702 2125 deinde
732 2083 1054 2127 διαλλάττουσαν.

234 2144 330 2195 Pag.
369 2146 433 2186 17.
466 2142 503 2185 5.
569 2139 703 2184 πάντα
740 2144 869 2196 δῆθεν
901 2139 1174 2197 σημαίνοντα]
1216 2141 1332 2180 Forte
1371 2138 1581 2192 legendum

119 2209 146 2239 σ
202 2199 339 2239 αίνων.

145 2213 198 2251 ml
234 2258 331 2308 Pag.
363 2258 426 2298 17.
467 2258 505 2299 6.
571 2253 744 2309 ’ἤρξαντο
773 2271 805 2296 τ.
851 2273 888 2311 y.
914 2270 952 2295 v.
987 2269 1020 2295 τ.
1052 2270 1086 2295 τ.
1123 2270 1159 2295 α.
1194 2265 1324 2305 κινησ.
1355 2251 1578 2306 διαφέρειν]

120 2310 297 2364 διαφέρω
315 2325 459 2350 novam
482 2313 640 2351 omnino
662 2312 740 2351 hoc
761 2313 850 2351 loco
869 2311 1192 2363 significationem
1210 2310 1341 2349 habet.

234 2370 329 2422 Pag.
365 2372 429 2411 17.
459 2373 498 2411 7.
556 2365 636 2410 ἀπὸ
659 2365 955 2423 Μαγουσᾶλων,
975 2366 1066 2421 ἤτοι
1085 2367 1269 2421 Περσῶν]
1299 2367 1391 2416 Leg.
1410 2367 1578 2418 Μαγου-

122 2423 265 2475 σαίων,
293 2425 355 2464 uti
372 2423 494 2466 habet
517 2426 718 2465 Cedrenus
743 2439 784 2477 p.
814 2429 881 2469 30.
939 2425 1185 2479 Αστρολογία
1217 2422 1314 2477 γάρ,
1342 2420 1410 2462 καὶ
1437 2421 1578 2474 μαγεία

121 2475 201 2520 oe'nd
225 2483 514 2534 Μαγουσαίων,
543 2481 635 2534 ἤτοι
655 2485 841 2536 Περσῶν,
875 2478 1037 2537 ἤρξατο.
1095 2481 1181 2520 Hos
1214 2479 1332 2519 eliam
1347 2478 1576 2529 Magusaeos

118 2542 239 2576 vocat
261 2538 406 2590 Glycas
429 2545 532 2591 part.
557 2543 597 2582 2.
620 2542 712 2583 179.

232 2592 335 2646 Pssg·
367 2599 431 2638 17.
472 2596 537 2638 15.
597 2592 782 2648 ἀνεφάνη
818 2594 887 2636 καὶ
928 2592 1046 2641 ἄλλος
1079 2600 1152 2632 etc.
1185 2587 1350 2644 ὀνόματι
1384 2587 1575 2645 Rethos-‚J

120 2650 362 2690 Nemrodum
384 2658 424 2690 et
443 2654 658 2691 Saturnum
679 2652 847 2692 eundem
867 2664 951 2690 esse
975 2651 1066 2689 vult
1087 2649 1299 2690 Cedrenus.

234 2709 328 2758 Pflg·
360 2711 425 2750 19·
458 2712 496 2751 3·
565 2713 725 2762 πρῶτον
752 2705 900 2761 στήλην
936 2702 1250 2758 ἀναστήσαντες]
1292 2705 1376 2743 Ser.
1396 2698 1572 2757 πρώτην.

119 2759 269 2816 στήλην
288 2775 384 2802 vero
406 2770 576 2806 statuam
599 2766 708 2820 apud
726 2764 969 2807 recentiores
991 2764 1218 2815 frequenter
1239 2760 1472 2814 significare,
1492 2773 1571 2799 non

118 2826 179 2860 est
199 2819 307 2873 quod
326 2833 562 2863 moneamus.
