1838 3230
284 167 380 215 126
670 163 964 208 IOANNIS
993 166 1333 211 MALALAE

226 290 260 326 E
283 281 421 339 ὀλίγας
456 281 701 337 ὅπλισαμένη
735 281 811 324 σὺν
849 286 907 340 τῷ
945 281 1095 338 πλήθει
1136 285 1334 341 ἐξέρχεται
1361 288 1426 329 ἐπὶ
1457 288 1504 331 τὸ
1541 285 1727 332 δάπεδον.

281 351 556 408 διαιρεθέντος
584 351 628 393 δὲ
658 354 731 392 τοῦ
761 354 940 406 στρατοῦ
975 350 1103 407 αὐτῆς
1129 354 1184 403 εἷς
1215 351 1288 396 δύο
1317 354 1445 411 μέρη,
1478 356 1666 399 ἵστανται
1690 356 1730 400 οἳ

279 419 352 474 μὲν
372 417 534 469 τοξόται
554 418 600 461 τὸ
625 417 751 468 δεξιὸν
770 417 962 472 λαβόντες
978 419 1114 476 μέρος,
1145 421 1184 463 οἶ
1203 422 1247 464 δὲ
1267 420 1428 465 ὃπλΐται
1450 425 1572 476 πεζοί,
1605 424 1730 468 πλείω

133 498 166 532 Ο
191 498 259 534 160
281 492 362 530 τῶν
387 488 536 530 ἱππέων
563 486 694 538 ὄντες,
731 486 803 528 τὸν
822 487 948 541 μέσον
972 487 1128 542 ἔχοντες
1150 486 1296 532 τόπον·
1331 488 1357 546 ἦ
1389 492 1434 534 δὲ
1460 495 1727 535 Πενθεσίλεια

280 556 405 611 μέσον
430 559 510 598 τῶν
531 554 679 596 ἱππέων
699 551 852 609 ὗπῆρχε
873 555 949 598 σὺν
969 561 1026 614 τῷ
1045 558 1179 615 olymp.
1231 560 1316 600 ’καὶ
1346 559 1486 602 λοιπὸν
1509 560 1548 602 οἱ
1565 562 1760 608 Δαναοὶ5
1792 570 1801 573 “

279 622 473 674 τάξαντες
504 621 675 671 ἓαυτοῦς
704 622 971 666 ἀνθίστανται
981 657 993 676 ,
1030 632 1115 674 τοῖς
1140 626 1214 679 μὲν
1245 625 1430 677 τοξόταις
1460 626 1481 670 ὃ
1515 628 1729 678 Μενέλαος

281 691 391 748 κάγὼ
422 695 600 748 Τεῦκρος
631 692 697 733 καὶ
727 690 942 747 Μηριόνης
966 694 1032 734 καὶ
1068 692 1307 749 Ὀδυσσεύς,
1354 701 1439 745 τοῖς
1469 697 1513 738 δὲ
1546 694 1729 747 ὁπλίταις

162 767 193 800 V
215 768 260 803 53
283 757 519 815 Διομήδης,
555 752 836 814 Ἀγαμέμνων,
877 758 1139 815 Τληπόλεμος
1169 763 1234 803 καὶ
1260 761 1462 817 Ἰάλμενος
1491 766 1556 806 καὶ
1580 762 1728 807 Ἀσκά-

280 833 437 885 λαφος,
473 834 558 876 τοῖς
585 828 630 869 δὲ
655 827 838 870 ἱππεῦσιν
869 826 890 870 ὃ
917 828 988 878 σὸς
1013 823 1170 884 γενέτης
1196 829 1397 884 Ἀχιλλεὺς
1414 833 1479 874 καὶ
1497 832 1535 875 οἶ
1551 832 1730 883 Αἴαντες

282 897 321 939 οἳ
349 894 446 948 δύο,
486 897 551 938 καὶ
583 893 604 937 ὃ
633 895 853 949 Ἰδομενεὺς
876 897 1001 939 δὲκαὶ
1021 894 1041 939 ὃ
1065 896 1318 953 Φιλοκτήτης
1337 900 1403 941 καὶ
1421 900 1459 942 οἱ
1482 902 1613 943 λοιποὶ
1634 898 1726 956 ἦγε·
1739 913 1785 947 1ο

280 962 399 1020 μόνες
424 962 510 1019 ἅμα
529 970 614 1013 τοῖς
636 963 771 1007 αὐτῶν
800 972 1003 1020 στρατοῖς.
1073 967 1140 1008 καὶ
1169 967 1307 1009 κτείνω
1328 967 1405 1023 ἐγὼ
1423 972 1603 1025 Τεῦκρος
1625 969 1729 1012 πολι)

280 1037 468 1088 πλῆθος,
505 1030 607 1075 ὥστε
627 1032 892 1086 ἔπαινεθῆναί
907 1050 979 1087 με,
1017 1031 1072 1083 ὡς
1092 1032 1399 1090 ἀριστεύσαντα,
1435 1035 1532 1086 τούς
1552 1037 1597 1079 δὲ
1614 1036 1732 1080 ὁπλί-

280 1118 356 1150 τας
377 1100 639 1157 ἀφανίζουσιν
659 1100 697 1142 οἳ
718 1101 918 1153 Αἴαντες,
955 1103 997 1144 ε’ν
1015 1102 1126 1160 μέσῳ
1148 1102 1282 1145 αὐτῶν
1301 1101 1562 1154 εἰσελθόντες.
1634 1102 1655 1148 ὁ
1686 1105 1731 1147 δὲ

280 1169 355 1218 σὸς
385 1169 518 1224 πατὴρ
536 1169 744 1222 -Ἀχιλλεῦς
775 1168 926 1222 μεταξὺ
958 1168 1093 1212 αὐτῶν
1125 1168 1343 1227 ὑπάρχων,
1380 1171 1625 1226 ἀπεβλέπετο
1655 1172 1730 1227 τὴν

279 1238 593 1288 Πενθεσίλειαν,
632 1238 760 1291 ζητῶν
780 1237 1009 1279 ἀποκτεῖναι
1029 1238 1156 1293 αὐτὴν
1174 1239 1407 1295 μαχομένην
1426 1244 1589 1297 πικρῶς.
1659 1242 1725 1283 καὶ
1739 1252 1783 1288 15

279 1306 450 1360 πλησίον
466 1306 592 1347 ἵππου
618 1305 745 1359 αὐτῆς
773 1302 966 1361 φθάσας,
1002 1304 1144 1362 δόρατι
1174 1305 1352 1363 κρούσας
1383 1307 1510 1363 αὐτὴν
1539 1308 1619 1352 ἀπὸ
1652 1313 1726 1352 τοῦ

275 1375 404 1416 ἵππου
434 1370 700 1426 καταβάλλει,
738 1375 804 1415 καὶ
831 1372 888 1415 ἔτι
916 1374 1047 1425 ζῶσαν
1077 1373 1204 1429 αὐτὴν
1236 1375 1336 1417 ἕλκει
1364 1380 1567 1419 πεσοῦσαν
1590 1377 1633 1419 ἔκ
1654 1381 1728 1433 τῆς

226 1452 256 1486 Β
279 1439 420 1496 κόμης.
490 1442 557 1483 καὶ
590 1439 811 1497 ἑωρακότες
844 1441 972 1497 αὐτὴν
1001 1446 1206 1485 πεσοῦσαν
1233 1443 1271 1485 οἱ
1297 1445 1427 1486 λοιποὶ
1449 1448 1522 1486 τοῦ
1547 1449 1727 1498 στρατοῦ

280 1509 407 1564 αὗτῆς
427 1510 482 1558 εἷς
501 1508 631 1565 φυγὴν
651 1507 902 1566 ἐτράπησαν·
939 1514 1020 1552 τῶν
1050 1511 1094 1552 δὲ
1119 1508 1274 1566 Τρώων
1301 1511 1375 1561 τὰς
1395 1509 1527 1561 πύλας
1545 1511 1728 1555 κλεισάν-

278 1594 360 1621 των
382 1577 448 1620 διὰ
471 1577 565 1627 τοὺς
584 1575 831 1634 φεύγοντας,
861 1578 899 1620 οἳ
917 1576 1105 1633 Ἓλληνες
1131 1576 1245 1633 ἡμεῖς
1271 1579 1367 1629 τοὺς
1397 1580 1783 1637 περιλειφθένταςρο

367 1707 401 1742 4.
433 1707 476 1743 τὰ
499 1706 610 1752 μέσον
634 1707 774 1753 ἔχοντες
795 1706 932 1753 τόπον]
967 1709 1074 1751 „Scr.
1107 1707 1173 1744 τόν
1195 1707 1306 1753 μέσον
1340 1708 1480 1754 ἔχοντες
1500 1707 1636 1746 τόπονε
1668 1712 1729 1747 sed

367 1754 478 1788 locum
500 1754 598 1788 istum
621 1754 721 1789 aliter
744 1755 936 1789 mendosum
958 1754 1130 1800 suspicor,
1163 1760 1198 1788 et
1221 1767 1304 1800 pro,
1335 1755 1465 1800 μεσὸν,
1498 1755 1604 1792 λαιὸν
1625 1767 1729 1802 repo-

369 1800 512 1833 nendum
544 1812 683 1842 censeo,
715 1801 766 1835 uti
798 1802 902 1835 habet
932 1800 1120 1835 cedrenus:
1156 1802 1239 1845 διχῆ
1266 1799 1305 1835 δὲ
1333 1801 1400 1837 τὸν
1422 1800 1536 1847 αὐτῆς
1559 1803 1729 1838 διελοῦσα

371 1844 545 1887 στρατὸν,
570 1846 631 1880 καὶ
654 1845 693 1881 ἐν
718 1847 821 1892 δεξιᾷ
843 1844 909 1889 μὲν
932 1844 1046 1891 αὐτῆς
1067 1844 1155 1888 τούς
1177 1843 1348 1891 τοξότας,
1379 1849 1430 1894 τῷ
1452 1848 1545 1895 λαιῷ
1566 1846 1606 1884 δὲ
1628 1846 1728 1893 μέρει

369 1890 457 1931 τούς
481 1887 630 1932 ὁπλίτας
650 1892 791 1934 πεζοῦς,
814 1893 959 1933 πλείους
981 1893 1055 1927 τῶν
1077 1892 1214 1928 ἱππέων
1238 1890 1357 1935 ὄντας,
1381 1892 1570 1938 ἐκτάξασα,
1592 1891 1727 1941 ἡΠεν-

369 1938 534 1972 &saitem
554 1936 665 1982 μέσον
688 1939 762 1974 τῶν
782 1937 920 1974 ἱππέων
942 1934 989 1985 ἦν
1010 1937 1048 1974 ἓν
1072 1940 1123 1987 τῷ
1146 1940 1299 1985 olymp-‘⁶
1345 1939 1409 1974 ch.

282 2060 426 2094 suosque
445 2060 571 2095 paucos
593 2062 655 2095 per
678 2050 748 2085 dies
769 2051 964 2094 refecisset3
995 2052 1102 2098 copiis
1124 2051 1259 2087 tandem
1280 2050 1345 2086 suis
1366 2051 1554 2094 instructa,
1576 2051 1613 2087 in
1635 2063 1727 2088 cam-

282 2107 362 2142 pum
385 2106 564 2140 progressa
588 2100 649 2130 est.
695 2096 811 2130 Diviso
846 2103 957 2132 autem
979 2098 1015 2131 in
1038 2102 1154 2143 partes
1174 2097 1258 2132 duas
1282 2098 1456 2140 exercitu,
1490 2098 1661 2143 sagittarii
1681 2099 1728 2133 ad

282 2142 438 2175 dextram
461 2145 649 2175 steterunt:
685 2141 817 2186 pedites
840 2148 951 2176 autem
974 2143 1088 2187 gravis
1111 2147 1318 2185 armaturae,
1341 2155 1425 2188 quos
1447 2143 1627 2188 Equitibus
1648 2144 1728 2188 plu-

280 2198 336 2221 res
358 2186 497 2228 habuit,
521 2186 563 2220 ad
587 2186 718 2221 laevum
743 2187 942 2228 collocavit3
978 2188 1146 2233 equitibus
1169 2189 1203 2222 in
1226 2188 1337 2223 medio
1361 2188 1498 2234 positis:
1532 2189 1622 2224 inter
1644 2200 1727 2234 quos

282 2232 378 2277 ipsa,
414 2243 487 2266 cum
509 2232 625 2276 signo,
661 2231 822 2267 constitit.
872 2232 967 2268 Acies
998 2246 1080 2269 vero
1104 2235 1312 2268 Graecorum
1333 2233 1383 2268 ita
1405 2233 1561 2269 ordinata
1583 2237 1653 2276 est,
1687 2236 1728 2268 ut

282 2277 467 2321 sagittariis
489 2277 632 2311 hostium
656 2277 732 2322 Ego
757 2277 921 2320 Teucrus,
944 2279 1132 2321 Menelaus,
1157 2279 1335 2320 Meriones,
1358 2279 1505 2321 Ulisses3
1530 2279 1644 2324 gravis
1666 2291 1728 2314 au-

280 2326 350 2357 tem
373 2327 564 2357 armaturae
586 2322 775 2368 peditibus,
798 2323 997 2363 Diomedes,
1022 2325 1266 2369 Agamemnon,
1290 2324 1525 2370 Tlepolemus,
1546 2325 1726 2366 Jalmenus,

280 2373 318 2403 et
348 2368 555 2412 Ascalaphus
586 2380 847 2413 opponeremur=
889 2369 1069 2413 Equitibus
1100 2382 1182 2405 vero
1207 2374 1308 2415 pater
1337 2374 1412 2405 tuus
1433 2369 1599 2411 Achilles,
1637 2370 1745 2413 AjaX.

279 2418 443 2458 uterque,
467 2413 681 2456 Idomeneus,
704 2413 929 2455 Philoctetes,
961 2415 1156 2460 caeterique
1178 2415 1288 2450 Duces
1310 2426 1384 2449 cum
1406 2415 1473 2449 suis
1494 2425 1641 2460 pugnam
1663 2414 1727 2448 de-

280 2459 413 2493 derunt.
469 2459 517 2493 Et
549 2459 681 2504 quidem
703 2459 780 2503 Ego
804 2460 959 2493 Teucrus
988 2460 1146 2504 plurimos
1167 2460 1343 2502 interfeci,
1379 2460 1465 2494 adeo
1497 2463 1536 2493 ut
1558 2464 1726 2494 strenuum

279 2515 333 2538 me
355 2505 463 2538 virum
497 2516 608 2539 omnes
640 2504 880 2550 perhibuerint.
930 2505 1057 2539 Gravis
1086 2510 1196 2539 autem
1226 2508 1416 2539 armaturae
1448 2504 1568 2538 milites
1591 2506 1726 2549 Ajaces,

280 2549 382 2583 medii
409 2550 445 2583 in
469 2561 525 2584 eos
547 2550 788 2595 irrumpentes,
817 2549 1050 2596 profligarunt.
1096 2550 1202 2584 Pater
1225 2554 1336 2584 autem
1358 2554 1456 2591 tuus,
1487 2550 1614 2584 medius
1635 2550 1726 2584 inter

280 2606 359 2636 eos,
383 2595 535 2639 Reginae
555 2595 619 2641 ipsi
641 2595 840 2640 invigilans,
864 2596 1071 2631 occasionem
1093 2595 1304 2636 venabatur,
1328 2595 1494 2639 quomodo
1519 2606 1611 2636 eam,
1635 2595 1726 2630 acri-

281 2643 336 2673 ter
359 2651 438 2674 sane
462 2641 696 2685 pugnantem,'
719 2653 739 2675 e
761 2641 870 2676 medio
891 2641 1037 2676 tolleret.
1083 2641 1207 2685 Itaque
1229 2640 1368 2685 propius
1392 2641 1424 2674 ei
1445 2641 1628 2684 accedens,
1662 2641 1726 2674 ha-

283 2688 336 2718 sta
360 2697 433 2719 eam
455 2686 660 2731 impetebat3
685 2690 720 2721 et
742 2699 786 2721 ex
809 2698 895 2732 equo
919 2686 1153 2727 deturbatam,
1177 2684 1253 2718 dum
1276 2685 1312 2718 in
1334 2696 1412 2719 casu
1435 2694 1528 2728 erat,
1552 2697 1646 2720 coma
1669 2696 1727 2719 ar-

282 2733 413 2773 reptam
444 2731 667 2766 distrahebat.
726 2732 910 2767 Cadentem
939 2744 1022 2767 vero
1053 2743 1126 2766 eam
1154 2730 1308 2764 videntes
1338 2731 1463 2775 reliqui
1501 2743 1543 2766 ex
1574 2731 1725 2765 exercitu

284 2775 376 2817 ejus,
411 2776 525 2820 fugam
549 2789 659 2812 omnes
681 2779 911 2823 capessebant.
957 2777 1110 2822 Cumque
1132 2776 1225 2810 urbis
1234 2781 1380 2856 ammo
1403 2788 1424 2810 a
1446 2776 1604 2821 Trojanis
1626 2776 1726 2811 obse—-

285 2823 386 2855 ratae
407 2821 564 2865 fuissent,
587 2823 640 2858 uti
662 2835 790 2860 omnem
813 2822 1007 2868 aufugiendi
1028 2834 1119 2869 spem
1140 2821 1208 2857 suis
1278 2820 1287 2829 ”
1322 2825 1439 2864 erent3
1474 2833 1554 2864 nm,
1584 2821 1725 2856 hostium
