<?xml version="1.0" encoding="UTF-8"?>
<!DOCTYPE html PUBLIC "-//W3C//DTD XHTML 1.0 Transitional//EN"
    "http://www.w3.org/TR/xhtml1/DTD/xhtml1-transitional.dtd">
<html xmlns="http://www.w3.org/1999/xhtml" xml:lang="en" lang="en">
 <head>
  <title>
</title>
<meta http-equiv="Content-Type" content="text/html;charset=utf-8" />
  <meta name='ocr-system' content='tesseract 3.04.00' />
  <meta name='ocr-capabilities' content='ocr_page ocr_carea ocr_par ocr_line ocrx_word'/>
</head>
<body>
  <div class='ocr_page' id='page_1' title='image "./corpusscriptorum28niebuoft_0416.png"; bbox 0 0 1838 3230; ppageno 0'>
   <div class='ocr_carea' id='block_1_1' title="bbox 277 136 1335 225">
    <p class='ocr_par' dir='ltr' id='par_1_1' title="bbox 277 136 1335 225">
     <span class='ocr_line' id='line_1_1' title="bbox 277 136 1335 225; baseline -0.001 -6"><span class='ocrx_word' id='word_1_1' title='bbox 277 177 377 225; x_wconf 83' lang='lat'><strong>334</strong></span> <span class='ocrx_word' id='word_1_2' title='bbox 675 165 964 217; x_wconf 84' lang='lat' dir='ltr'><strong>IOANNIS</strong></span> <span class='ocrx_word' id='word_1_3' title='bbox 992 136 1335 219; x_wconf 81' lang='lat' dir='ltr'><strong>MALALAE</strong></span> 
     </span>
    </p>
   </div>
   <div class='ocr_carea' id='block_1_2' title="bbox 151 286 1793 1102">
    <p class='ocr_par' dir='ltr' id='par_1_2' title="bbox 151 286 1793 1102">
     <span class='ocr_line' id='line_1_2' title="bbox 151 286 1737 353; baseline 0.005 -21"><span class='ocrx_word' id='word_1_4' title='bbox 151 297 184 332; x_wconf 92' lang='grc'>0</span> <span class='ocrx_word' id='word_1_5' title='bbox 208 295 254 334; x_wconf 77' lang='grc'><strong>24</strong></span> <span class='ocrx_word' id='word_1_6' title='bbox 277 286 345 336; x_wconf 85' lang='grc' dir='ltr'><strong>καὶ</strong></span> <span class='ocrx_word' id='word_1_7' title='bbox 384 288 564 342; x_wconf 71' lang='grc' dir='ltr'><strong><em>ἀκούσας</em></strong></span> <span class='ocrx_word' id='word_1_8' title='bbox 597 291 672 347; x_wconf 87' lang='grc' dir='ltr'><strong><em>τὴν</em></strong></span> <span class='ocrx_word' id='word_1_9' title='bbox 704 291 880 335; x_wconf 73' lang='grc' dir='ltr'><strong><em>κέλευσιν</em></strong></span> <span class='ocrx_word' id='word_1_10' title='bbox 910 291 1072 350; x_wconf 78' lang='grc' dir='ltr'><strong><em>ἀφανὴς</em></strong></span> <span class='ocrx_word' id='word_1_11' title='bbox 1104 292 1269 349; x_wconf 71' lang='grc' dir='ltr'><strong><em>ἐγένετο.</em></strong></span> <span class='ocrx_word' id='word_1_12' title='bbox 1339 294 1407 337; x_wconf 75' lang='grc' dir='ltr'><strong>καὶ</strong></span> <span class='ocrx_word' id='word_1_13' title='bbox 1435 291 1556 338; x_wconf 82' lang='grc' dir='ltr'><strong><em>πάλιν</em></strong></span> <span class='ocrx_word' id='word_1_14' title='bbox 1585 292 1737 353; x_wconf 60' lang='grc' dir='ltr'><strong><em>εὗρέθη</em></strong></span> 
     </span>
     <span class='ocr_line' id='line_1_3' title="bbox 277 359 1738 418; baseline 0.001 -14"><span class='ocrx_word' id='word_1_15' title='bbox 277 359 404 411; x_wconf 73' lang='grc' dir='ltr'><strong><em>ἑστὼς</em></strong></span> <span class='ocrx_word' id='word_1_16' title='bbox 437 361 670 416; x_wconf 62' lang='grc' dir='ltr'><strong><em>ἒζιιπροσθεν</em></strong></span> <span class='ocrx_word' id='word_1_17' title='bbox 698 365 772 403; x_wconf 82' lang='grc' dir='ltr'><strong><em>τοῦ</em></strong></span> <span class='ocrx_word' id='word_1_18' title='bbox 802 361 941 417; x_wconf 78' lang='grc' dir='ltr'><strong><em>κυρίου</em></strong></span> <span class='ocrx_word' id='word_1_19' title='bbox 962 363 1028 404; x_wconf 83' lang='grc' dir='ltr'><strong>καὶ</strong></span> <span class='ocrx_word' id='word_1_20' title='bbox 1047 361 1230 418; x_wconf 69' lang='grc' dir='ltr'><strong><em>ἔκραξεν,</em></strong></span> <span class='ocrx_word' id='word_1_21' title='bbox 1265 361 1484 413; x_wconf 84' lang='grc' dir='ltr'><strong><em>Ἰουλιανὸς</em></strong></span> <span class='ocrx_word' id='word_1_22' title='bbox 1505 361 1526 406; x_wconf 83' lang='grc' dir='ltr'>ὅ</span> <span class='ocrx_word' id='word_1_23' title='bbox 1543 363 1738 417; x_wconf 71' lang='grc' dir='ltr'><strong><em>βασιλεὺς</em></strong></span> 
     </span>
     <span class='ocr_line' id='line_1_4' title="bbox 276 427 1738 489; baseline 0.001 -16"><span class='ocrx_word' id='word_1_24' title='bbox 276 431 444 486; x_wconf 77' lang='grc' dir='ltr'><strong><em>σφαγεὶς</em></strong></span> <span class='ocrx_word' id='word_1_25' title='bbox 457 429 672 481; x_wconf 71' lang='grc' dir='ltr'><strong><em>ἀπέθανεν,</em></strong></span> <span class='ocrx_word' id='word_1_26' title='bbox 695 427 748 478; x_wconf 82' lang='grc' dir='ltr'><strong>ὥς</strong></span> <span class='ocrx_word' id='word_1_27' title='bbox 761 429 981 481; x_wconf 72' lang='grc' dir='ltr'><strong><em>ἐκέλευσας,</em></strong></span> <span class='ocrx_word' id='word_1_28' title='bbox 1003 428 1124 486; x_wconf 76' lang='grc' dir='ltr'><strong><em>κύριε.</em></strong></span> <span class='ocrx_word' id='word_1_29' title='bbox 1162 432 1228 473; x_wconf 80' lang='grc' dir='ltr'><strong>καὶ</strong></span> <span class='ocrx_word' id='word_1_30' title='bbox 1249 433 1445 485; x_wconf 52' lang='lat' dir='ltr'><strong>monaci,-</strong></span> <span class='ocrx_word' id='word_1_31' title='bbox 1461 432 1505 474; x_wconf 75' lang='grc' dir='ltr'><strong><em>ἐκ</em></strong></span> <span class='ocrx_word' id='word_1_32' title='bbox 1521 435 1594 486; x_wconf 83' lang='grc' dir='ltr'><strong><em>τῆς</em></strong></span> <span class='ocrx_word' id='word_1_33' title='bbox 1609 448 1738 489; x_wconf 88' lang='grc' dir='ltr'><strong><em>κραυ-</em></strong></span> 
     </span>
     <span class='ocr_line' id='line_1_5' title="bbox 277 496 1736 558; baseline 0.002 -18"><span class='ocrx_word' id='word_1_34' title='bbox 277 503 350 555; x_wconf 85' lang='grc' dir='ltr'><strong>γῆς</strong></span> <span class='ocrx_word' id='word_1_35' title='bbox 372 496 393 540; x_wconf 83' lang='grc' dir='ltr'>ὅ</span> <span class='ocrx_word' id='word_1_36' title='bbox 417 499 631 546; x_wconf 69' lang='grc' dir='ltr'><strong><em>ἐπίσκοπος</em></strong></span> <span class='ocrx_word' id='word_1_37' title='bbox 658 499 874 547; x_wconf 82' lang='grc' dir='ltr'><strong><em>Βασίλειος</em></strong></span> <span class='ocrx_word' id='word_1_38' title='bbox 898 499 1118 553; x_wconf 74' lang='grc' dir='ltr'><strong><em>διυπνίσθη</em></strong></span> <span class='ocrx_word' id='word_1_39' title='bbox 1147 499 1454 555; x_wconf 76' lang='grc' dir='ltr'><em>τεταραγμένος.</em></span> <span class='ocrx_word' id='word_1_40' title='bbox 1525 500 1643 554; x_wconf 72' lang='grc' dir='ltr'><strong><em>ἐτίμα</em></strong></span> <span class='ocrx_word' id='word_1_41' title='bbox 1658 500 1736 558; x_wconf 82' lang='grc' dir='ltr'><strong>γὰρ</strong></span> 
     </span>
     <span class='ocr_line' id='line_1_6' title="bbox 279 563 1770 624; baseline 0.002 -15"><span class='ocrx_word' id='word_1_42' title='bbox 279 566 405 609; x_wconf 80' lang='grc' dir='ltr'><strong><em>αὐτὸν</em></strong></span> <span class='ocrx_word' id='word_1_43' title='bbox 421 564 640 614; x_wconf 82' lang='grc' dir='ltr'><strong><em>Ἰουλιανὸς</em></strong></span> <span class='ocrx_word' id='word_1_44' title='bbox 658 563 678 607; x_wconf 85' lang='grc' dir='ltr'><em>ὃ</em></span> <span class='ocrx_word' id='word_1_45' title='bbox 701 565 893 618; x_wconf 74' lang='grc' dir='ltr'><strong><em>βασιλεὺς</em></strong></span> <span class='ocrx_word' id='word_1_46' title='bbox 914 567 980 608; x_wconf 83' lang='grc' dir='ltr'><strong>καὶ</strong></span> <span class='ocrx_word' id='word_1_47' title='bbox 1002 564 1056 616; x_wconf 79' lang='grc' dir='ltr'><strong>ὥς</strong></span> <span class='ocrx_word' id='word_1_48' title='bbox 1077 565 1286 623; x_wconf 74' lang='grc' dir='ltr'><em>ἐλλόγιμον</em></span> <span class='ocrx_word' id='word_1_49' title='bbox 1307 569 1373 610; x_wconf 82' lang='grc' dir='ltr'><strong>καὶ</strong></span> <span class='ocrx_word' id='word_1_50' title='bbox 1395 565 1450 618; x_wconf 81' lang='grc' dir='ltr'><strong>ὥς</strong></span> <span class='ocrx_word' id='word_1_51' title='bbox 1470 565 1732 624; x_wconf 82' lang='grc' dir='ltr'><strong><em>συμπράκτο-</em></strong></span> <span class='ocrx_word' id='word_1_52' title='bbox 1745 575 1770 611; x_wconf 85' lang='grc'><strong><em>5</em></strong></span> 
     </span>
     <span class='ocr_line' id='line_1_7' title="bbox 280 632 1738 692; baseline 0.002 -16"><span class='ocrx_word' id='word_1_53' title='bbox 280 652 333 691; x_wconf 88' lang='grc' dir='ltr'><strong><em>ρα</em></strong></span> <span class='ocrx_word' id='word_1_54' title='bbox 365 634 513 686; x_wconf 70' lang='grc' dir='ltr'><strong><em>αὐτοῦ,</em></strong></span> <span class='ocrx_word' id='word_1_55' title='bbox 560 634 626 675; x_wconf 82' lang='grc' dir='ltr'><strong>καὶ</strong></span> <span class='ocrx_word' id='word_1_56' title='bbox 654 632 826 690; x_wconf 65' lang='grc' dir='ltr'><strong><em>ἔγραφεν</em></strong></span> <span class='ocrx_word' id='word_1_57' title='bbox 853 634 964 692; x_wconf 77' lang='grc' dir='ltr'><strong><em>αὐτῷ</em></strong></span> <span class='ocrx_word' id='word_1_58' title='bbox 992 639 1161 689; x_wconf 84' lang='grc' dir='ltr'><strong><em>συχνῶς.</em></strong></span> <span class='ocrx_word' id='word_1_59' title='bbox 1232 637 1298 678; x_wconf 87' lang='grc' dir='ltr'><strong>καὶ</strong></span> <span class='ocrx_word' id='word_1_60' title='bbox 1327 636 1541 679; x_wconf 74' lang='grc' dir='ltr'><strong><em>κατελθὼν</em></strong></span> <span class='ocrx_word' id='word_1_61' title='bbox 1571 633 1593 679; x_wconf 80' lang='grc' dir='ltr'><strong>ὅ</strong></span> <span class='ocrx_word' id='word_1_62' title='bbox 1624 634 1738 692; x_wconf 77' lang='grc' dir='ltr'><strong><em>ἅγιος</em></strong></span> 
     </span>
     <span class='ocr_line' id='line_1_8' title="bbox 277 700 1738 758; baseline 0.002 -14"><span class='ocrx_word' id='word_1_63' title='bbox 277 703 491 751; x_wconf 85' lang='grc' dir='ltr'><strong><em>Βασίλειος</em></strong></span> <span class='ocrx_word' id='word_1_64' title='bbox 518 701 586 743; x_wconf 76' lang='grc' dir='ltr'><strong>διὰ</strong></span> <span class='ocrx_word' id='word_1_65' title='bbox 617 701 668 744; x_wconf 80' lang='grc' dir='ltr'><strong><em>τὰ</em></strong></span> <span class='ocrx_word' id='word_1_66' title='bbox 696 700 849 745; x_wconf 56' lang='lat' dir='ltr'><strong>{costen}</strong></span> <span class='ocrx_word' id='word_1_67' title='bbox 876 705 931 752; x_wconf 80' lang='grc' dir='ltr'><strong>εἷς</strong></span> <span class='ocrx_word' id='word_1_68' title='bbox 957 702 1029 757; x_wconf 86' lang='grc' dir='ltr'><strong><em>τὴν</em></strong></span> <span class='ocrx_word' id='word_1_69' title='bbox 1047 704 1279 758; x_wconf 75' lang='grc' dir='ltr'><strong><em>ἐκκλησίαν,</em></strong></span> <span class='ocrx_word' id='word_1_70' title='bbox 1319 704 1492 754; x_wconf 77' lang='grc' dir='ltr'><strong>καλέσας</strong></span> <span class='ocrx_word' id='word_1_71' title='bbox 1509 701 1643 747; x_wconf 76' lang='grc' dir='ltr'><strong><em>πάντα</em></strong></span> <span class='ocrx_word' id='word_1_72' title='bbox 1665 704 1738 747; x_wconf 79' lang='grc' dir='ltr'><strong><em>τὸν</em></strong></span> 
     </span>
     <span class='ocr_line' id='line_1_9' title="bbox 279 768 1739 829; baseline 0.001 -16"><span class='ocrx_word' id='word_1_73' title='bbox 279 775 430 826; x_wconf 78' lang='grc' dir='ltr'><strong><em>κλῆρον</em></strong></span> <span class='ocrx_word' id='word_1_74' title='bbox 462 768 589 812; x_wconf 75' lang='grc' dir='ltr'><strong><em>αὐτοῦ</em></strong></span> <span class='ocrx_word' id='word_1_75' title='bbox 622 768 727 813; x_wconf 77' lang='grc' dir='ltr'><strong><em>εἶπεν</em></strong></span> <span class='ocrx_word' id='word_1_76' title='bbox 758 770 896 820; x_wconf 77' lang='grc' dir='ltr'><strong><em>αὐτοῖς</em></strong></span> <span class='ocrx_word' id='word_1_77' title='bbox 916 770 962 813; x_wconf 87' lang='grc' dir='ltr'><strong><em>τὸ</em></strong></span> <span class='ocrx_word' id='word_1_78' title='bbox 983 775 1056 813; x_wconf 81' lang='grc' dir='ltr'><strong><em>τοῦ</em></strong></span> <span class='ocrx_word' id='word_1_79' title='bbox 1079 769 1287 827; x_wconf 78' lang='grc' dir='ltr'><strong><em>δράματος</em></strong></span> <span class='ocrx_word' id='word_1_80' title='bbox 1301 770 1549 829; x_wconf 81' lang='grc' dir='ltr'><strong><em>μυστήριον,</em></strong></span> <span class='ocrx_word' id='word_1_81' title='bbox 1587 773 1655 815; x_wconf 82' lang='grc' dir='ltr'><strong>καὶ</strong></span> <span class='ocrx_word' id='word_1_82' title='bbox 1674 771 1739 815; x_wconf 82' lang='grc' dir='ltr'><strong><em>ὅτι</em></strong></span> 
     </span>
     <span class='ocr_line' id='line_1_10' title="bbox 280 836 1738 899; baseline 0 -18"><span class='ocrx_word' id='word_1_83' title='bbox 280 836 436 894; x_wconf 76' lang='grc' dir='ltr'><strong><em>ἐσφάγη</em></strong></span> <span class='ocrx_word' id='word_1_84' title='bbox 451 837 669 888; x_wconf 83' lang='grc' dir='ltr'><strong><em>Ἰουλιανὸς</em></strong></span> <span class='ocrx_word' id='word_1_85' title='bbox 691 838 711 882; x_wconf 84' lang='grc' dir='ltr'><strong><em>ὃ</em></strong></span> <span class='ocrx_word' id='word_1_86' title='bbox 728 839 919 893; x_wconf 74' lang='grc' dir='ltr'><strong><em>βασιλεῦς</em></strong></span> <span class='ocrx_word' id='word_1_87' title='bbox 938 840 1005 881; x_wconf 83' lang='grc' dir='ltr'><strong>καὶ</strong></span> <span class='ocrx_word' id='word_1_88' title='bbox 1027 843 1191 899; x_wconf 76' lang='grc' dir='ltr'><strong><em>τελευτᾷ</em></strong></span> <span class='ocrx_word' id='word_1_89' title='bbox 1213 841 1255 883; x_wconf 76' lang='grc' dir='ltr'><strong>ἐν</strong></span> <span class='ocrx_word' id='word_1_90' title='bbox 1271 845 1322 896; x_wconf 86' lang='grc' dir='ltr'><strong><em>τῇ</em></strong></span> <span class='ocrx_word' id='word_1_91' title='bbox 1340 842 1453 883; x_wconf 83' lang='grc' dir='ltr'><strong><em>νυκτὶ</em></strong></span> <span class='ocrx_word' id='word_1_92' title='bbox 1472 838 1616 897; x_wconf 80' lang='grc' dir='ltr'><strong><em>ταύτῃ.</em></strong></span> <span class='ocrx_word' id='word_1_93' title='bbox 1669 843 1738 883; x_wconf 78' lang='grc' dir='ltr'><strong>καὶ</strong></span> 
     </span>
     <span class='ocr_line' id='line_1_11' title="bbox 278 905 1793 964; baseline -0.001 -14"><span class='ocrx_word' id='word_1_94' title='bbox 278 905 426 957; x_wconf 80' lang='grc' dir='ltr'><strong><em>πάντες</em></strong></span> <span class='ocrx_word' id='word_1_95' title='bbox 444 905 698 962; x_wconf 80' lang='grc' dir='ltr'><strong><em>παρεκάλουν</em></strong></span> <span class='ocrx_word' id='word_1_96' title='bbox 718 907 842 950; x_wconf 81' lang='grc' dir='ltr'><strong><em>αὐτὸν</em></strong></span> <span class='ocrx_word' id='word_1_97' title='bbox 864 911 980 962; x_wconf 79' lang='grc' dir='ltr'><strong><em>σιγᾶν</em></strong></span> <span class='ocrx_word' id='word_1_98' title='bbox 1001 909 1067 950; x_wconf 79' lang='grc' dir='ltr'><strong>καὶ</strong></span> <span class='ocrx_word' id='word_1_99' title='bbox 1084 910 1227 963; x_wconf 78' lang='grc' dir='ltr'><strong><em>μηδενὶ</em></strong></span> <span class='ocrx_word' id='word_1_100' title='bbox 1244 908 1366 964; x_wconf 82' lang='grc' dir='ltr'><strong><em>λε’γειν</em></strong></span> <span class='ocrx_word' id='word_1_101' title='bbox 1385 925 1423 951; x_wconf 88' lang='grc' dir='ltr'><strong><em>τι</em></strong></span> <span class='ocrx_word' id='word_1_102' title='bbox 1441 912 1640 952; x_wconf 83' lang='grc' dir='ltr'><strong><em>τοιοῦτον.</em></strong></span> <span class='ocrx_word' id='word_1_103' title='bbox 1713 905 1793 950; x_wconf 83' lang='grc' dir='ltr'><strong>ὅ10</strong></span> 
     </span>
     <span class='ocr_line' id='line_1_12' title="bbox 279 969 1737 1034; baseline 0.001 -16"><span class='ocrx_word' id='word_1_104' title='bbox 279 977 324 1018; x_wconf 76' lang='grc' dir='ltr'><strong>δὲ</strong></span> <span class='ocrx_word' id='word_1_105' title='bbox 346 973 587 1032; x_wconf 85' lang='grc' dir='ltr'><strong><em>σοφώτατος</em></strong></span> <span class='ocrx_word' id='word_1_106' title='bbox 607 974 835 1031; x_wconf 81' lang='grc' dir='ltr'><strong><em>Εὗτρόπιος</em></strong></span> <span class='ocrx_word' id='word_1_107' title='bbox 854 973 874 1018; x_wconf 84' lang='grc' dir='ltr'><em>ὃ</em></span> <span class='ocrx_word' id='word_1_108' title='bbox 892 974 1176 1034; x_wconf 81' lang='grc' dir='ltr'><strong><em>χρονογράφος</em></strong></span> <span class='ocrx_word' id='word_1_109' title='bbox 1191 975 1232 1019; x_wconf 69' lang='grc' dir='ltr'><strong>ἕν</strong></span> <span class='ocrx_word' id='word_1_110' title='bbox 1252 992 1332 1020; x_wconf 88' lang='grc' dir='ltr'><strong><em>τισι</em></strong></span> <span class='ocrx_word' id='word_1_111' title='bbox 1352 969 1508 1020; x_wconf 80' lang='grc' dir='ltr'><strong><em>τούτων</em></strong></span> <span class='ocrx_word' id='word_1_112' title='bbox 1529 975 1605 1032; x_wconf 76' lang='grc' dir='ltr'><strong>οὐχ</strong></span> <span class='ocrx_word' id='word_1_113' title='bbox 1623 973 1737 1032; x_wconf 82' lang='grc' dir='ltr'><em>ὦμο-</em></span> 
     </span>
     <span class='ocr_line' id='line_1_13' title="bbox 279 1042 997 1102; baseline 0 -15"><span class='ocrx_word' id='word_1_114' title='bbox 279 1042 465 1102; x_wconf 80' lang='grc' dir='ltr'><strong><em>φώνησεν</em></strong></span> <span class='ocrx_word' id='word_1_115' title='bbox 487 1044 527 1085; x_wconf 77' lang='grc' dir='ltr'><strong>ἕν</strong></span> <span class='ocrx_word' id='word_1_116' title='bbox 547 1048 598 1101; x_wconf 83' lang='grc' dir='ltr'><strong><em>τῇ</em></strong></span> <span class='ocrx_word' id='word_1_117' title='bbox 622 1044 748 1087; x_wconf 77' lang='grc' dir='ltr'><strong><em>αὐτοῦ</em></strong></span> <span class='ocrx_word' id='word_1_118' title='bbox 770 1049 997 1101; x_wconf 78' lang='grc' dir='ltr'><strong><em>συγγραφῇ.</em></strong></span> 
     </span>
    </p>
   </div>
   <div class='ocr_carea' id='block_1_3' title="bbox 152 1116 1738 1197">
    <p class='ocr_par' dir='ltr' id='par_1_3' title="bbox 152 1116 1738 1197">
     <span class='ocr_line' id='line_1_14' title="bbox 152 1116 1738 1197; baseline -0.001 -19"><span class='ocrx_word' id='word_1_119' title='bbox 152 1116 185 1151; x_wconf 80' lang='lat'>0</span> <span class='ocrx_word' id='word_1_120' title='bbox 208 1118 256 1197; x_wconf 53' lang='grc' dir='ltr'><strong>ἓξ</strong></span> <span class='ocrx_word' id='word_1_121' title='bbox 379 1134 505 1178; x_wconf 77' lang='grc' dir='ltr'><strong><em>Μετὰ</em></strong></span> <span class='ocrx_word' id='word_1_122' title='bbox 529 1135 573 1176; x_wconf 78' lang='grc' dir='ltr'><strong>δὲ</strong></span> <span class='ocrx_word' id='word_1_123' title='bbox 600 1134 675 1189; x_wconf 81' lang='grc' dir='ltr'><strong><em>τὴν</em></strong></span> <span class='ocrx_word' id='word_1_124' title='bbox 693 1136 902 1189; x_wconf 78' lang='grc' dir='ltr'><strong><em>βασιλείαν</em></strong></span> <span class='ocrx_word' id='word_1_125' title='bbox 924 1135 1146 1178; x_wconf 82' lang='grc' dir='ltr'><strong><em>Ἰουλιανοῦ</em></strong></span> <span class='ocrx_word' id='word_1_126' title='bbox 1167 1139 1242 1178; x_wconf 84' lang='grc' dir='ltr'><strong><em>τοῦ</em></strong></span> <span class='ocrx_word' id='word_1_127' title='bbox 1262 1131 1506 1191; x_wconf 81' lang='grc' dir='ltr'><strong><em>παραβάτου</em></strong></span> <span class='ocrx_word' id='word_1_128' title='bbox 1526 1133 1738 1188; x_wconf 70' lang='grc' dir='ltr'><strong><em>ἐβασίλευ-</em></strong></span> 
     </span>
    </p>
   </div>
   <div class='ocr_carea' id='block_1_4' title="bbox 275 1201 1791 1395">
    <p class='ocr_par' dir='ltr' id='par_1_4' title="bbox 275 1201 1791 1395">
     <span class='ocr_line' id='line_1_15' title="bbox 280 1201 1742 1260; baseline -0.003 -12"><span class='ocrx_word' id='word_1_129' title='bbox 280 1221 348 1248; x_wconf 86' lang='grc' dir='ltr'><strong>σεν</strong></span> <span class='ocrx_word' id='word_1_130' title='bbox 362 1202 586 1257; x_wconf 80' lang='grc' dir='ltr'><strong><em>Ἰουβιανός</em></strong></span> <span class='ocrx_word' id='word_1_131' title='bbox 607 1201 627 1245; x_wconf 84' lang='grc' dir='ltr'><em>ὃ</em></span> <span class='ocrx_word' id='word_1_132' title='bbox 650 1202 737 1252; x_wconf 80' lang='grc' dir='ltr'><strong><em>υἱὸς</em></strong></span> <span class='ocrx_word' id='word_1_133' title='bbox 762 1202 1033 1259; x_wconf 79' lang='grc' dir='ltr'><strong><em>Οὐρανιανοῦ,</em></strong></span> <span class='ocrx_word' id='word_1_134' title='bbox 1058 1206 1252 1260; x_wconf 46' lang='lat' dir='ltr'><strong>crapas&amp;</strong></span> <span class='ocrx_word' id='word_1_135' title='bbox 1270 1202 1349 1246; x_wconf 81' lang='grc' dir='ltr'><strong>ὖπό</strong></span> <span class='ocrx_word' id='word_1_136' title='bbox 1369 1207 1442 1246; x_wconf 80' lang='grc' dir='ltr'><strong><em>τοῦ</em></strong></span> <span class='ocrx_word' id='word_1_137' title='bbox 1462 1206 1642 1259; x_wconf 82' lang='grc' dir='ltr'><strong><em>στρατοῦ</em></strong></span> <span class='ocrx_word' id='word_1_138' title='bbox 1659 1202 1742 1244; x_wconf 72' lang='grc' dir='ltr'><strong><em>ἐκεῖ</em></strong></span> 
     </span>
     <span class='ocr_line' id='line_1_16' title="bbox 275 1266 1791 1328; baseline -0.003 -13"><span class='ocrx_word' id='word_1_139' title='bbox 275 1271 357 1315; x_wconf 73' lang='grc' dir='ltr'><strong>ὑπὸ</strong></span> <span class='ocrx_word' id='word_1_140' title='bbox 387 1271 440 1314; x_wconf 77' lang='grc' dir='ltr'><strong><em>τὰ</em></strong></span> <span class='ocrx_word' id='word_1_141' title='bbox 470 1271 654 1327; x_wconf 85' lang='grc' dir='ltr'><strong><em>Περσικὰ</em></strong></span> <span class='ocrx_word' id='word_1_142' title='bbox 684 1271 787 1326; x_wconf 84' lang='grc' dir='ltr'><strong><em>με’ρη</em></strong></span> <span class='ocrx_word' id='word_1_143' title='bbox 810 1272 874 1313; x_wconf 75' lang='grc' dir='ltr'><strong>ἐπὶ</strong></span> <span class='ocrx_word' id='word_1_144' title='bbox 894 1276 968 1327; x_wconf 82' lang='grc' dir='ltr'><strong><em>τῆς</em></strong></span> <span class='ocrx_word' id='word_1_145' title='bbox 985 1270 1179 1322; x_wconf 72' lang='grc' dir='ltr'><strong><em>ὑπατείας</em></strong></span> <span class='ocrx_word' id='word_1_146' title='bbox 1198 1272 1475 1315; x_wconf 81' lang='grc' dir='ltr'><strong><em>Σαλουστίου·</em></strong></span> <span class='ocrx_word' id='word_1_147' title='bbox 1510 1266 1561 1326; x_wconf 78' lang='grc' dir='ltr'><strong>ἦν</strong></span> <span class='ocrx_word' id='word_1_148' title='bbox 1584 1271 1630 1313; x_wconf 78' lang='grc' dir='ltr'><strong>δὲ</strong></span> <span class='ocrx_word' id='word_1_149' title='bbox 1643 1287 1736 1328; x_wconf 73' lang='grc' dir='ltr'><strong><em>χρι-</em></strong></span> <span class='ocrx_word' id='word_1_150' title='bbox 1748 1275 1791 1311; x_wconf 85' lang='grc'><strong>15</strong></span> 
     </span>
     <span class='ocr_line' id='line_1_17' title="bbox 278 1337 1133 1395; baseline -0.004 -10"><span class='ocrx_word' id='word_1_151' title='bbox 278 1339 442 1390; x_wconf 85' lang='grc' dir='ltr'><strong><em>στιανός</em></strong></span> <span class='ocrx_word' id='word_1_152' title='bbox 459 1337 564 1382; x_wconf 79' lang='grc' dir='ltr'><strong><em>πάνυ</em></strong></span> <span class='ocrx_word' id='word_1_153' title='bbox 578 1353 587 1362; x_wconf 90' lang='grc'>·</span> <span class='ocrx_word' id='word_1_154' title='bbox 625 1340 857 1392; x_wconf 72' lang='grc' dir='ltr'><strong><em>ἐβασίλευσε</em></strong></span> <span class='ocrx_word' id='word_1_155' title='bbox 877 1341 920 1382; x_wconf 78' lang='grc' dir='ltr'><strong>δὲ</strong></span> <span class='ocrx_word' id='word_1_156' title='bbox 937 1345 1070 1395; x_wconf 83' lang='grc' dir='ltr'><strong><em>μῆνας</em></strong></span> <span class='ocrx_word' id='word_1_157' title='bbox 1088 1338 1133 1392; x_wconf 70' lang='grc' dir='ltr'><strong>ζ.</strong></span> 
     </span>
    </p>
   </div>
   <div class='ocr_carea' id='block_1_5' title="bbox 279 1426 1738 1624">
    <p class='ocr_par' dir='ltr' id='par_1_5' title="bbox 279 1426 1738 1624">
     <span class='ocr_line' id='line_1_18' title="bbox 370 1426 1738 1487; baseline -0.003 -14"><span class='ocrx_word' id='word_1_158' title='bbox 370 1429 431 1473; x_wconf 89' lang='grc' dir='ltr'><strong>Ἢ</strong></span> <span class='ocrx_word' id='word_1_159' title='bbox 448 1428 575 1484; x_wconf 85' lang='grc' dir='ltr'><strong><em>μόνον</em></strong></span> <span class='ocrx_word' id='word_1_160' title='bbox 595 1430 638 1472; x_wconf 74' lang='grc' dir='ltr'><strong>δὲ</strong></span> <span class='ocrx_word' id='word_1_161' title='bbox 660 1430 914 1483; x_wconf 77' lang='grc' dir='ltr'><strong><em>ἐβασίλευσε,</em></strong></span> <span class='ocrx_word' id='word_1_162' title='bbox 949 1426 1239 1487; x_wconf 81' lang='grc' dir='ltr'><strong><em>προσεφώνησε</em></strong></span> <span class='ocrx_word' id='word_1_163' title='bbox 1266 1430 1386 1472; x_wconf 83' lang='grc' dir='ltr'><strong><em>παντὶ</em></strong></span> <span class='ocrx_word' id='word_1_164' title='bbox 1405 1431 1464 1487; x_wconf 78' lang='grc' dir='ltr'><strong><em>τῷ</em></strong></span> <span class='ocrx_word' id='word_1_165' title='bbox 1484 1431 1648 1486; x_wconf 78' lang='grc' dir='ltr'><strong><em>στρατῷ</em></strong></span> <span class='ocrx_word' id='word_1_166' title='bbox 1669 1428 1738 1470; x_wconf 83' lang='grc' dir='ltr'><strong>καὶ</strong></span> 
     </span>
     <span class='ocr_line' id='line_1_19' title="bbox 280 1495 1736 1555; baseline -0.003 -13"><span class='ocrx_word' id='word_1_167' title='bbox 280 1506 365 1549; x_wconf 82' lang='grc' dir='ltr'><strong><em>τοῖς</em></strong></span> <span class='ocrx_word' id='word_1_168' title='bbox 393 1498 477 1553; x_wconf 80' lang='grc' dir='ltr'><strong><em>μετ’</em></strong></span> <span class='ocrx_word' id='word_1_169' title='bbox 511 1498 637 1540; x_wconf 82' lang='grc' dir='ltr'><strong><em>αὐτοῦ</em></strong></span> <span class='ocrx_word' id='word_1_170' title='bbox 666 1502 942 1554; x_wconf 78' lang='grc' dir='ltr'><strong><em>συγκλητικοῖς</em></strong></span> <span class='ocrx_word' id='word_1_171' title='bbox 964 1499 1021 1541; x_wconf 77' lang='grc' dir='ltr'><strong>δι’</strong></span> <span class='ocrx_word' id='word_1_172' title='bbox 1051 1496 1198 1541; x_wconf 72' lang='grc' dir='ltr'><strong><em>ἑαυτοῦ</em></strong></span> <span class='ocrx_word' id='word_1_173' title='bbox 1230 1496 1404 1555; x_wconf 79' lang='grc' dir='ltr'><strong><em>κράξας,</em></strong></span> <span class='ocrx_word' id='word_1_174' title='bbox 1440 1497 1493 1538; x_wconf 78' lang='grc' dir='ltr'><strong>Εἴ</strong></span> <span class='ocrx_word' id='word_1_175' title='bbox 1518 1495 1662 1538; x_wconf 79' lang='grc' dir='ltr'><strong><em>θέλετέ</em></strong></span> <span class='ocrx_word' id='word_1_176' title='bbox 1685 1512 1736 1550; x_wconf 85' lang='grc' dir='ltr'><strong>με</strong></span> 
     </span>
     <span class='ocr_line' id='line_1_20' title="bbox 279 1561 1734 1624; baseline -0.003 -13"><span class='ocrx_word' id='word_1_177' title='bbox 279 1564 506 1623; x_wconf 78' lang='grc' dir='ltr'><strong><em>βασιλεύειν</em></strong></span> <span class='ocrx_word' id='word_1_178' title='bbox 525 1564 655 1620; x_wconf 72' lang='grc' dir='ltr'><strong><em>ὑμῶν,</em></strong></span> <span class='ocrx_word' id='word_1_179' title='bbox 677 1567 746 1608; x_wconf 70' lang='grc' dir='ltr'><strong><em>ἵνα</em></strong></span> <span class='ocrx_word' id='word_1_180' title='bbox 769 1564 915 1617; x_wconf 83' lang='grc' dir='ltr'><strong><em>πάντες</em></strong></span> <span class='ocrx_word' id='word_1_181' title='bbox 927 1568 1157 1624; x_wconf 81' lang='grc' dir='ltr'><strong><em>χριστιανοί</em></strong></span> <span class='ocrx_word' id='word_1_182' title='bbox 1176 1567 1277 1609; x_wconf 78' lang='grc' dir='ltr'><strong><em>ἔστε.</em></strong></span> <span class='ocrx_word' id='word_1_183' title='bbox 1314 1568 1381 1608; x_wconf 86' lang='grc' dir='ltr'><strong>καὶ</strong></span> <span class='ocrx_word' id='word_1_184' title='bbox 1403 1561 1643 1622; x_wconf 81' lang='grc' dir='ltr'><strong><em>εὐφήμησαν</em></strong></span> <span class='ocrx_word' id='word_1_185' title='bbox 1657 1563 1734 1606; x_wconf 78' lang='grc' dir='ltr'><strong><em>αὖ·</em></strong></span> 
     </span>
    </p>
   </div>
   <div class='ocr_carea' id='block_1_6' title="bbox 373 1683 1736 1779">
    <p class='ocr_par' dir='ltr' id='par_1_6' title="bbox 373 1683 1736 1779">
     <span class='ocr_line' id='line_1_21' title="bbox 375 1683 1736 1732; baseline -0.001 -9"><span class='ocrx_word' id='word_1_186' title='bbox 375 1689 429 1723; x_wconf 92' lang='grc'><strong>10.</strong></span> <span class='ocrx_word' id='word_1_187' title='bbox 453 1686 626 1723; x_wconf 78' lang='grc' dir='ltr'><strong><em>τοιοῦτον</em></strong></span> <span class='ocrx_word' id='word_1_188' title='bbox 643 1686 720 1728; x_wconf 87' lang='lat' dir='ltr'>Ch.‚</span> <span class='ocrx_word' id='word_1_189' title='bbox 744 1686 868 1720; x_wconf 86' lang='lat' dir='ltr'><strong>Chron.</strong></span> <span class='ocrx_word' id='word_1_190' title='bbox 887 1685 1010 1721; x_wconf 88' lang='lat' dir='ltr'><strong>Pasch.</strong></span> <span class='ocrx_word' id='word_1_191' title='bbox 1029 1698 1062 1732; x_wconf 93' lang='lat' dir='ltr'><strong>p.</strong></span> <span class='ocrx_word' id='word_1_192' title='bbox 1081 1688 1159 1723; x_wconf 77' lang='lat'><strong>299.</strong></span> <span class='ocrx_word' id='word_1_193' title='bbox 1179 1687 1220 1727; x_wconf 84' lang='grc' dir='ltr'><strong>Α,</strong></span> <span class='ocrx_word' id='word_1_194' title='bbox 1242 1686 1423 1722; x_wconf 75' lang='grc' dir='ltr'><strong><em>τοσοῦτον</em></strong></span> <span class='ocrx_word' id='word_1_195' title='bbox 1441 1686 1508 1721; x_wconf 77' lang='grc' dir='ltr'><strong>ΟΧ.</strong></span> <span class='ocrx_word' id='word_1_196' title='bbox 1578 1685 1633 1722; x_wconf 84' lang='lat'><strong>14.</strong></span> <span class='ocrx_word' id='word_1_197' title='bbox 1660 1683 1736 1722; x_wconf 64' lang='lat'><strong>023-</strong></span> 
     </span>
     <span class='ocr_line' id='line_1_22' title="bbox 373 1730 1654 1779; baseline -0.003 -9"><span class='ocrx_word' id='word_1_198' title='bbox 373 1734 578 1779; x_wconf 81' lang='grc' dir='ltr'><strong><em>ρανιανοῦ]</em></strong></span> <span class='ocrx_word' id='word_1_199' title='bbox 605 1730 874 1779; x_wconf 78' lang='grc' dir='ltr'><strong><em>Οὖαρωνιανοῦ</em></strong></span> <span class='ocrx_word' id='word_1_200' title='bbox 897 1731 961 1766; x_wconf 89' lang='lat' dir='ltr'><strong>Ch.</strong></span> <span class='ocrx_word' id='word_1_201' title='bbox 1055 1733 1108 1769; x_wconf 85' lang='lat'><strong>15.</strong></span> <span class='ocrx_word' id='word_1_202' title='bbox 1133 1730 1231 1777; x_wconf 77' lang='grc' dir='ltr'><strong><em>ὑπὸ]</em></strong></span> <span class='ocrx_word' id='word_1_203' title='bbox 1260 1730 1320 1769; x_wconf 76' lang='grc' dir='ltr'><strong>ἐπὶ</strong></span> <span class='ocrx_word' id='word_1_204' title='bbox 1342 1733 1428 1775; x_wconf 65' lang='lat' dir='ltr'><strong>ch„</strong></span> <span class='ocrx_word' id='word_1_205' title='bbox 1452 1734 1505 1775; x_wconf 81' lang='grc' dir='ltr'><strong>εἰς</strong></span> <span class='ocrx_word' id='word_1_206' title='bbox 1526 1732 1654 1767; x_wconf 86' lang='lat' dir='ltr'><strong>Chron.</strong></span> 
     </span>
    </p>
   </div>
   <div class='ocr_carea' id='block_1_7' title="bbox 282 1845 1736 2303">
    <p class='ocr_par' dir='ltr' id='par_1_7' title="bbox 282 1845 1736 2303">
     <span class='ocr_line' id='line_1_23' title="bbox 283 1845 1736 1892; baseline -0.003 -8"><span class='ocrx_word' id='word_1_207' title='bbox 283 1848 453 1889; x_wconf 85' lang='lat' dir='ltr'><strong>mandato,</strong></span> <span class='ocrx_word' id='word_1_208' title='bbox 480 1846 647 1892; x_wconf 77' lang='lat' dir='ltr'><strong>disparuit</strong></span> <span class='ocrx_word' id='word_1_209' title='bbox 668 1845 831 1891; x_wconf 88' lang='lat' dir='ltr'><strong>protinus.</strong></span> <span class='ocrx_word' id='word_1_210' title='bbox 877 1846 1004 1880; x_wconf 87' lang='lat' dir='ltr'>Rursus</span> <span class='ocrx_word' id='word_1_211' title='bbox 1026 1851 1139 1881; x_wconf 85' lang='lat' dir='ltr'><strong>autem</strong></span> <span class='ocrx_word' id='word_1_212' title='bbox 1163 1857 1276 1881; x_wconf 88' lang='lat' dir='ltr'><strong>coram</strong></span> <span class='ocrx_word' id='word_1_213' title='bbox 1296 1845 1440 1882; x_wconf 89' lang='lat' dir='ltr'><strong>Domino</strong></span> <span class='ocrx_word' id='word_1_214' title='bbox 1463 1856 1660 1892; x_wconf 82' lang='lat' dir='ltr'><strong>comparere</strong></span> <span class='ocrx_word' id='word_1_215' title='bbox 1682 1845 1736 1880; x_wconf 80' lang='lat' dir='ltr'><strong>vi-</strong></span> 
     </span>
     <span class='ocr_line' id='line_1_24' title="bbox 285 1892 1735 1937; baseline -0.001 -9"><span class='ocrx_word' id='word_1_216' title='bbox 285 1907 359 1935; x_wconf 87' lang='lat' dir='ltr'><strong>sus,</strong></span> <span class='ocrx_word' id='word_1_217' title='bbox 383 1893 600 1927; x_wconf 82' lang='lat' dir='ltr'><strong>exclamavit=</strong></span> <span class='ocrx_word' id='word_1_218' title='bbox 640 1893 774 1926; x_wconf 79' lang='lat' dir='ltr'><strong><em>Occisus</em></strong></span> <span class='ocrx_word' id='word_1_219' title='bbox 792 1897 843 1926; x_wconf 85' lang='lat' dir='ltr'><strong>est</strong></span> <span class='ocrx_word' id='word_1_220' title='bbox 860 1892 1050 1936; x_wconf 83' lang='lat' dir='ltr'><strong><em>Imperator</em></strong></span> <span class='ocrx_word' id='word_1_221' title='bbox 1064 1893 1242 1934; x_wconf 75' lang='lat' dir='ltr'><strong><em>Julianus,</em></strong></span> <span class='ocrx_word' id='word_1_222' title='bbox 1273 1893 1327 1926; x_wconf 75' lang='lat' dir='ltr'><strong>uti</strong></span> <span class='ocrx_word' id='word_1_223' title='bbox 1347 1893 1543 1937; x_wconf 75' lang='lat' dir='ltr'><strong><em>imperasti,</em></strong></span> <span class='ocrx_word' id='word_1_224' title='bbox 1579 1892 1735 1926; x_wconf 68' lang='lat' dir='ltr'><strong>Domine.</strong></span> 
     </span>
     <span class='ocr_line' id='line_1_25' title="bbox 285 1936 1735 1984; baseline -0.003 -10"><span class='ocrx_word' id='word_1_225' title='bbox 285 1940 442 1974; x_wconf 89' lang='lat' dir='ltr'><strong>Clamore</strong></span> <span class='ocrx_word' id='word_1_226' title='bbox 463 1943 560 1973; x_wconf 86' lang='lat' dir='ltr'><strong>tanto</strong></span> <span class='ocrx_word' id='word_1_227' title='bbox 583 1937 784 1984; x_wconf 87' lang='lat' dir='ltr'><strong>perterritus</strong></span> <span class='ocrx_word' id='word_1_228' title='bbox 802 1937 944 1972; x_wconf 79' lang='lat' dir='ltr'>Basilius</span> <span class='ocrx_word' id='word_1_229' title='bbox 968 1938 1168 1984; x_wconf 79' lang='lat' dir='ltr'><strong>Episcopus,</strong></span> <span class='ocrx_word' id='word_1_230' title='bbox 1193 1949 1212 1971; x_wconf 90' lang='lat' dir='ltr'><strong>e</strong></span> <span class='ocrx_word' id='word_1_231' title='bbox 1235 1949 1346 1973; x_wconf 89' lang='lat' dir='ltr'><strong>somno</strong></span> <span class='ocrx_word' id='word_1_232' title='bbox 1370 1937 1534 1972; x_wconf 84' lang='lat' dir='ltr'><strong>excitatus</strong></span> <span class='ocrx_word' id='word_1_233' title='bbox 1557 1940 1619 1971; x_wconf 82' lang='lat' dir='ltr'><strong>est·</strong></span> <span class='ocrx_word' id='word_1_234' title='bbox 1665 1936 1735 1971; x_wconf 87' lang='lat' dir='ltr'><strong>Co-</strong></span> 
     </span>
     <span class='ocr_line' id='line_1_26' title="bbox 284 1983 1735 2029; baseline -0.003 -9"><span class='ocrx_word' id='word_1_235' title='bbox 284 1986 378 2020; x_wconf 83' lang='lat' dir='ltr'><strong>lebat</strong></span> <span class='ocrx_word' id='word_1_236' title='bbox 400 1984 486 2018; x_wconf 83' lang='lat' dir='ltr'><strong>enim</strong></span> <span class='ocrx_word' id='word_1_237' title='bbox 510 1995 583 2018; x_wconf 89' lang='lat' dir='ltr'><strong>eum</strong></span> <span class='ocrx_word' id='word_1_238' title='bbox 604 1983 752 2018; x_wconf 83' lang='lat' dir='ltr'><strong>Julianus</strong></span> <span class='ocrx_word' id='word_1_239' title='bbox 767 1983 973 2029; x_wconf 81' lang='lat' dir='ltr'><strong>Imperator,</strong></span> <span class='ocrx_word' id='word_1_240' title='bbox 1006 1989 1046 2017; x_wconf 86' lang='lat' dir='ltr'><strong>ut</strong></span> <span class='ocrx_word' id='word_1_241' title='bbox 1068 1985 1234 2018; x_wconf 89' lang='lat' dir='ltr'><strong>eruditum</strong></span> <span class='ocrx_word' id='word_1_242' title='bbox 1258 1988 1293 2019; x_wconf 86' lang='lat' dir='ltr'><strong>et</strong></span> <span class='ocrx_word' id='word_1_243' title='bbox 1315 1983 1500 2018; x_wconf 84' lang='lat' dir='ltr'><strong>studiorum</strong></span> <span class='ocrx_word' id='word_1_244' title='bbox 1522 1993 1655 2016; x_wconf 85' lang='lat' dir='ltr'><strong>suorum</strong></span> <span class='ocrx_word' id='word_1_245' title='bbox 1678 1993 1735 2017; x_wconf 85' lang='lat' dir='ltr'><strong>so-</strong></span> 
     </span>
     <span class='ocr_line' id='line_1_27' title="bbox 286 2027 1734 2074; baseline -0.003 -10"><span class='ocrx_word' id='word_1_246' title='bbox 286 2030 389 2065; x_wconf 78' lang='lat' dir='ltr'><strong>cium=</strong></span> <span class='ocrx_word' id='word_1_247' title='bbox 417 2031 679 2074; x_wconf 83' lang='lat' dir='ltr'><strong>frequentesque</strong></span> <span class='ocrx_word' id='word_1_248' title='bbox 702 2029 746 2063; x_wconf 87' lang='lat' dir='ltr'><strong>ad</strong></span> <span class='ocrx_word' id='word_1_249' title='bbox 766 2029 857 2063; x_wconf 90' lang='lat' dir='ltr'><strong>illum</strong></span> <span class='ocrx_word' id='word_1_250' title='bbox 879 2028 1008 2063; x_wconf 80' lang='lat' dir='ltr'><strong>litteras</strong></span> <span class='ocrx_word' id='word_1_251' title='bbox 1032 2029 1197 2064; x_wconf 83' lang='lat' dir='ltr'><strong>mittebat.</strong></span> <span class='ocrx_word' id='word_1_252' title='bbox 1243 2030 1280 2063; x_wconf 91' lang='lat' dir='ltr'><strong>S.</strong></span> <span class='ocrx_word' id='word_1_253' title='bbox 1301 2029 1418 2073; x_wconf 85' lang='lat' dir='ltr'><strong>itaque</strong></span> <span class='ocrx_word' id='word_1_254' title='bbox 1435 2027 1576 2062; x_wconf 76' lang='lat' dir='ltr'><strong>Basilius</strong></span> <span class='ocrx_word' id='word_1_255' title='bbox 1593 2027 1629 2061; x_wconf 87' lang='lat' dir='ltr'><strong>in</strong></span> <span class='ocrx_word' id='word_1_256' title='bbox 1648 2031 1734 2061; x_wconf 90' lang='lat' dir='ltr'><strong>tem-</strong></span> 
     </span>
     <span class='ocr_line' id='line_1_28' title="bbox 284 2073 1734 2121; baseline -0.001 -12"><span class='ocrx_word' id='word_1_257' title='bbox 284 2076 394 2121; x_wconf 84' lang='lat' dir='ltr'><strong>plum,</strong></span> <span class='ocrx_word' id='word_1_258' title='bbox 432 2075 476 2109; x_wconf 87' lang='lat' dir='ltr'><strong>ad</strong></span> <span class='ocrx_word' id='word_1_259' title='bbox 499 2075 622 2108; x_wconf 86' lang='lat' dir='ltr'><strong>Preces</strong></span> <span class='ocrx_word' id='word_1_260' title='bbox 644 2075 822 2109; x_wconf 87' lang='lat' dir='ltr'><strong>matutinas</strong></span> <span class='ocrx_word' id='word_1_261' title='bbox 851 2074 1075 2116; x_wconf 83' lang='lat' dir='ltr'><strong>descendens,</strong></span> <span class='ocrx_word' id='word_1_262' title='bbox 1107 2075 1266 2120; x_wconf 87' lang='lat' dir='ltr'><strong>cleroque</strong></span> <span class='ocrx_word' id='word_1_263' title='bbox 1287 2075 1442 2108; x_wconf 84' lang='lat' dir='ltr'><strong>universo</strong></span> <span class='ocrx_word' id='word_1_264' title='bbox 1474 2073 1518 2107; x_wconf 82' lang='lat' dir='ltr'><strong>ad</strong></span> <span class='ocrx_word' id='word_1_265' title='bbox 1539 2084 1577 2106; x_wconf 88' lang='lat' dir='ltr'><strong>se</strong></span> <span class='ocrx_word' id='word_1_266' title='bbox 1598 2077 1734 2115; x_wconf 86' lang='lat' dir='ltr'><strong>vocato,</strong></span> 
     </span>
     <span class='ocr_line' id='line_1_29' title="bbox 284 2117 1735 2165; baseline -0.003 -10"><span class='ocrx_word' id='word_1_267' title='bbox 284 2120 429 2156; x_wconf 84' lang='lat' dir='ltr'><strong>Visionis</strong></span> <span class='ocrx_word' id='word_1_268' title='bbox 463 2131 620 2154; x_wconf 81' lang='lat' dir='ltr'><strong>arcanum</strong></span> <span class='ocrx_word' id='word_1_269' title='bbox 641 2120 707 2154; x_wconf 86' lang='lat' dir='ltr'><strong>illis</strong></span> <span class='ocrx_word' id='word_1_270' title='bbox 739 2120 894 2165; x_wconf 88' lang='lat' dir='ltr'><strong>aperuit,</strong></span> <span class='ocrx_word' id='word_1_271' title='bbox 930 2124 966 2154; x_wconf 88' lang='lat' dir='ltr'><strong>et</strong></span> <span class='ocrx_word' id='word_1_272' title='bbox 989 2120 1079 2165; x_wconf 92' lang='lat' dir='ltr'><strong>quod</strong></span> <span class='ocrx_word' id='word_1_273' title='bbox 1101 2120 1253 2154; x_wconf 87' lang='lat' dir='ltr'><strong>Julianus</strong></span> <span class='ocrx_word' id='word_1_274' title='bbox 1275 2120 1463 2165; x_wconf 79' lang='lat' dir='ltr'><strong>Imperator</strong></span> <span class='ocrx_word' id='word_1_275' title='bbox 1494 2117 1611 2152; x_wconf 84' lang='lat' dir='ltr'><strong>eadem</strong></span> <span class='ocrx_word' id='word_1_276' title='bbox 1633 2121 1735 2152; x_wconf 84' lang='lat' dir='ltr'><strong>nocte</strong></span> 
     </span>
     <span class='ocr_line' id='line_1_30' title="bbox 284 2163 1736 2211; baseline -0.003 -10"><span class='ocrx_word' id='word_1_277' title='bbox 284 2167 484 2201; x_wconf 80' lang='lat' dir='ltr'><strong>interfectus</strong></span> <span class='ocrx_word' id='word_1_278' title='bbox 507 2170 604 2199; x_wconf 90' lang='lat' dir='ltr'><strong>esset.</strong></span> <span class='ocrx_word' id='word_1_279' title='bbox 658 2165 711 2199; x_wconf 89' lang='lat' dir='ltr'><strong>Illi</strong></span> <span class='ocrx_word' id='word_1_280' title='bbox 733 2177 816 2200; x_wconf 83' lang='lat' dir='ltr'><strong>vero</strong></span> <span class='ocrx_word' id='word_1_281' title='bbox 839 2164 1066 2211; x_wconf 83' lang='lat' dir='ltr'><strong>Episcopum,</strong></span> <span class='ocrx_word' id='word_1_282' title='bbox 1100 2165 1151 2200; x_wconf 86' lang='lat' dir='ltr'><strong>uti</strong></span> <span class='ocrx_word' id='word_1_283' title='bbox 1173 2169 1323 2206; x_wconf 86' lang='lat' dir='ltr'><strong>taceret,</strong></span> <span class='ocrx_word' id='word_1_284' title='bbox 1353 2176 1416 2198; x_wconf 86' lang='lat' dir='ltr'><strong>nec</strong></span> <span class='ocrx_word' id='word_1_285' title='bbox 1439 2163 1521 2208; x_wconf 90' lang='lat' dir='ltr'><strong>quid</strong></span> <span class='ocrx_word' id='word_1_286' title='bbox 1544 2163 1614 2197; x_wconf 81' lang='lat' dir='ltr'><strong>tale</strong></span> <span class='ocrx_word' id='word_1_287' title='bbox 1637 2163 1736 2197; x_wconf 85' lang='lat' dir='ltr'><strong>evul-</strong></span> 
     </span>
     <span class='ocr_line' id='line_1_31' title="bbox 283 2208 1736 2258; baseline -0.001 -12"><span class='ocrx_word' id='word_1_288' title='bbox 283 2216 405 2257; x_wconf 84' lang='lat' dir='ltr'><strong>garet,</strong></span> <span class='ocrx_word' id='word_1_289' title='bbox 427 2214 589 2256; x_wconf 86' lang='lat' dir='ltr'><strong>rogarunt</strong></span> <span class='ocrx_word' id='word_1_290' title='bbox 612 2222 732 2244; x_wconf 89' lang='lat' dir='ltr'><strong>omnes.</strong></span> <span class='ocrx_word' id='word_1_291' title='bbox 779 2212 904 2246; x_wconf 86' lang='lat' dir='ltr'><strong>Verum</strong></span> <span class='ocrx_word' id='word_1_292' title='bbox 926 2212 1111 2258; x_wconf 81' lang='lat' dir='ltr'><strong>Eutropius</strong></span> <span class='ocrx_word' id='word_1_293' title='bbox 1134 2210 1417 2256; x_wconf 83' lang='lat' dir='ltr'><strong>Chronographus</strong></span> <span class='ocrx_word' id='word_1_294' title='bbox 1439 2219 1482 2244; x_wconf 85' lang='lat' dir='ltr'><strong>ex</strong></span> <span class='ocrx_word' id='word_1_295' title='bbox 1503 2208 1555 2244; x_wconf 87' lang='lat' dir='ltr'><strong>his</strong></span> <span class='ocrx_word' id='word_1_296' title='bbox 1577 2209 1736 2245; x_wconf 79' lang='lat' dir='ltr'><strong>nonnulla</strong></span> 
     </span>
     <span class='ocr_line' id='line_1_32' title="bbox 282 2255 876 2303; baseline -0.005 -10"><span class='ocrx_word' id='word_1_297' title='bbox 282 2258 319 2293; x_wconf 82' lang='lat' dir='ltr'><strong>in</strong></span> <span class='ocrx_word' id='word_1_298' title='bbox 343 2257 491 2303; x_wconf 81' lang='lat' dir='ltr'><strong>Scriptis</strong></span> <span class='ocrx_word' id='word_1_299' title='bbox 513 2255 577 2291; x_wconf 83' lang='lat' dir='ltr'><strong>suis</strong></span> <span class='ocrx_word' id='word_1_300' title='bbox 600 2256 699 2290; x_wconf 83' lang='lat' dir='ltr'><strong>aliter</strong></span> <span class='ocrx_word' id='word_1_301' title='bbox 721 2256 876 2290; x_wconf 80' lang='lat' dir='ltr'><strong>tradidit.</strong></span> 
     </span>
    </p>
   </div>
   <div class='ocr_carea' id='block_1_8' title="bbox 610 2377 1403 2514">
    <p class='ocr_par' dir='ltr' id='par_1_8' title="bbox 610 2377 1403 2514">
     <span class='ocr_line' id='line_1_33' title="bbox 610 2377 1403 2427; baseline -0.003 -1"><span class='ocrx_word' id='word_1_302' title='bbox 610 2377 1403 2427; x_wconf 85' lang='lat' dir='ltr'><strong>JOVIANUS</strong></span> 
     </span>
     <span class='ocr_line' id='line_1_34' title="bbox 779 2477 1252 2514; baseline -0.002 -2"><span class='ocrx_word' id='word_1_303' title='bbox 779 2477 1252 2514; x_wconf 58' lang='lat' dir='ltr'><strong>IMPERAToa</strong></span> 
     </span>
    </p>
   </div>
   <div class='ocr_carea' id='block_1_9' title="bbox 286 2566 1736 2716">
    <p class='ocr_par' dir='ltr' id='par_1_9' title="bbox 286 2566 1736 2716">
     <span class='ocr_line' id='line_1_35' title="bbox 376 2566 1736 2626; baseline -0.003 -10"><span class='ocrx_word' id='word_1_304' title='bbox 376 2580 517 2616; x_wconf 86' lang='lat' dir='ltr'><strong>Mortuo</strong></span> <span class='ocrx_word' id='word_1_305' title='bbox 541 2579 675 2615; x_wconf 80' lang='lat' dir='ltr'><strong>Juliano</strong></span> <span class='ocrx_word' id='word_1_306' title='bbox 697 2580 880 2626; x_wconf 81' lang='lat' dir='ltr'><strong>Apostata‚</strong></span> <span class='ocrx_word' id='word_1_307' title='bbox 916 2578 1089 2625; x_wconf 84' lang='lat' dir='ltr'><strong>imperium</strong></span> <span class='ocrx_word' id='word_1_308' title='bbox 1116 2579 1264 2625; x_wconf 82' lang='lat' dir='ltr'><strong>suscepit</strong></span> <span class='ocrx_word' id='word_1_309' title='bbox 1284 2577 1467 2620; x_wconf 81' lang='lat' dir='ltr'><strong>Jovianus‚</strong></span> <span class='ocrx_word' id='word_1_310' title='bbox 1503 2578 1669 2614; x_wconf 83' lang='lat' dir='ltr'><strong>Uraniani</strong></span> <span class='ocrx_word' id='word_1_311' title='bbox 1692 2566 1736 2612; x_wconf 52' lang='lat' dir='ltr'><strong>F}</strong></span> 
     </span>
     <span class='ocr_line' id='line_1_36' title="bbox 286 2623 1734 2672; baseline -0.001 -12"><span class='ocrx_word' id='word_1_312' title='bbox 286 2625 344 2672; x_wconf 82' lang='lat' dir='ltr'><strong>qui</strong></span> <span class='ocrx_word' id='word_1_313' title='bbox 366 2627 526 2671; x_wconf 85' lang='lat' dir='ltr'><strong>regnavit</strong></span> <span class='ocrx_word' id='word_1_314' title='bbox 553 2638 680 2660; x_wconf 87' lang='lat' dir='ltr'><strong>menses</strong></span> <span class='ocrx_word' id='word_1_315' title='bbox 703 2637 772 2660; x_wconf 77' lang='lat' dir='ltr'><strong>vn=</strong></span> <span class='ocrx_word' id='word_1_316' title='bbox 813 2624 977 2659; x_wconf 84' lang='lat' dir='ltr'><strong>Diadema</strong></span> <span class='ocrx_word' id='word_1_317' title='bbox 1001 2625 1109 2669; x_wconf 84' lang='lat' dir='ltr'><strong>capiti</strong></span> <span class='ocrx_word' id='word_1_318' title='bbox 1140 2626 1211 2669; x_wconf 77' lang='lat' dir='ltr'><strong>ejus</strong></span> <span class='ocrx_word' id='word_1_319' title='bbox 1232 2624 1423 2671; x_wconf 85' lang='lat' dir='ltr'><strong>imponente</strong></span> <span class='ocrx_word' id='word_1_320' title='bbox 1455 2624 1606 2660; x_wconf 85' lang='lat' dir='ltr'><strong>exercitu</strong></span> <span class='ocrx_word' id='word_1_321' title='bbox 1627 2624 1678 2659; x_wconf 88' lang='lat' dir='ltr'><strong>ibi</strong></span> <span class='ocrx_word' id='word_1_322' title='bbox 1698 2623 1734 2658; x_wconf 84' lang='lat' dir='ltr'><strong>in</strong></span> 
     </span>
     <span class='ocr_line' id='line_1_37' title="bbox 288 2669 1121 2716; baseline -0.002 -10"><span class='ocrx_word' id='word_1_323' title='bbox 288 2672 433 2707; x_wconf 86' lang='lat' dir='ltr'><strong>Persicis</strong></span> <span class='ocrx_word' id='word_1_324' title='bbox 455 2671 660 2716; x_wconf 76' lang='lat' dir='ltr'><strong>regionibus,</strong></span> <span class='ocrx_word' id='word_1_325' title='bbox 682 2671 742 2706; x_wconf 90' lang='lat' dir='ltr'><strong>sub</strong></span> <span class='ocrx_word' id='word_1_326' title='bbox 766 2670 949 2706; x_wconf 86' lang='lat' dir='ltr'><strong>Consulatu</strong></span> <span class='ocrx_word' id='word_1_327' title='bbox 971 2669 1121 2704; x_wconf 80' lang='lat' dir='ltr'><strong>Salustii.</strong></span> 
     </span>
    </p>
   </div>
   <div class='ocr_carea' id='block_1_10' title="bbox 290 2737 1736 2875">
    <p class='ocr_par' dir='ltr' id='par_1_10' title="bbox 290 2737 1736 2875">
     <span class='ocr_line' id='line_1_38' title="bbox 379 2737 1732 2784; baseline -0.003 -10"><span class='ocrx_word' id='word_1_328' title='bbox 379 2739 466 2782; x_wconf 90' lang='lat' dir='ltr'><strong>Hic,</strong></span> <span class='ocrx_word' id='word_1_329' title='bbox 491 2750 564 2774; x_wconf 88' lang='lat' dir='ltr'><strong>cum</strong></span> <span class='ocrx_word' id='word_1_330' title='bbox 587 2738 772 2773; x_wconf 85' lang='lat' dir='ltr'><strong>Christiani</strong></span> <span class='ocrx_word' id='word_1_331' title='bbox 793 2738 932 2774; x_wconf 85' lang='lat' dir='ltr'><strong>nominis</strong></span> <span class='ocrx_word' id='word_1_332' title='bbox 955 2738 1207 2774; x_wconf 83' lang='lat' dir='ltr'><strong>studiosissimus</strong></span> <span class='ocrx_word' id='word_1_333' title='bbox 1230 2742 1339 2782; x_wconf 83' lang='lat' dir='ltr'><strong>esset,</strong></span> <span class='ocrx_word' id='word_1_334' title='bbox 1363 2738 1603 2784; x_wconf 86' lang='lat' dir='ltr'><strong>quamprimum</strong></span> <span class='ocrx_word' id='word_1_335' title='bbox 1625 2737 1732 2782; x_wconf 86' lang='lat' dir='ltr'><strong>impe-</strong></span> 
     </span>
     <span class='ocr_line' id='line_1_39' title="bbox 290 2784 1736 2830; baseline -0.002 -11"><span class='ocrx_word' id='word_1_336' title='bbox 290 2796 368 2820; x_wconf 87' lang='lat' dir='ltr'><strong>rare</strong></span> <span class='ocrx_word' id='word_1_337' title='bbox 391 2785 516 2830; x_wconf 87' lang='lat' dir='ltr'><strong>coepit,</strong></span> <span class='ocrx_word' id='word_1_338' title='bbox 539 2784 723 2819; x_wconf 86' lang='lat' dir='ltr'><strong>exercitum</strong></span> <span class='ocrx_word' id='word_1_339' title='bbox 744 2796 884 2826; x_wconf 85' lang='lat' dir='ltr'><strong>omnem,</strong></span> <span class='ocrx_word' id='word_1_340' title='bbox 917 2784 1152 2830; x_wconf 85' lang='lat' dir='ltr'><strong>Primoresque</strong></span> <span class='ocrx_word' id='word_1_341' title='bbox 1175 2785 1349 2827; x_wconf 85' lang='lat' dir='ltr'><strong>allocutus,</strong></span> <span class='ocrx_word' id='word_1_342' title='bbox 1370 2785 1443 2830; x_wconf 84' lang='lat' dir='ltr'><strong>ipse</strong></span> <span class='ocrx_word' id='word_1_343' title='bbox 1465 2795 1550 2818; x_wconf 84' lang='lat' dir='ltr'><strong>voce</strong></span> <span class='ocrx_word' id='word_1_344' title='bbox 1570 2794 1632 2818; x_wconf 87' lang='lat' dir='ltr'><strong>sua</strong></span> <span class='ocrx_word' id='word_1_345' title='bbox 1653 2793 1736 2827; x_wconf 85' lang='lat' dir='ltr'><strong>pro·</strong></span> 
     </span>
     <span class='ocr_line' id='line_1_40' title="bbox 291 2827 1733 2875; baseline -0.001 -11"><span class='ocrx_word' id='word_1_346' title='bbox 291 2830 469 2873; x_wconf 80' lang='lat' dir='ltr'><strong>clamavit3</strong></span> <span class='ocrx_word' id='word_1_347' title='bbox 495 2832 534 2865; x_wconf 81' lang='lat' dir='ltr'><strong>Si</strong></span> <span class='ocrx_word' id='word_1_348' title='bbox 549 2842 601 2865; x_wconf 88' lang='lat' dir='ltr'><strong>mc</strong></span> <span class='ocrx_word' id='word_1_349' title='bbox 616 2836 761 2866; x_wconf 79' lang='lat' dir='ltr'><strong>vestrum</strong></span> <span class='ocrx_word' id='word_1_350' title='bbox 778 2831 881 2867; x_wconf 77' lang='lat' dir='ltr'><strong>vultis</strong></span> <span class='ocrx_word' id='word_1_351' title='bbox 895 2831 1156 2875; x_wconf 81' lang='lat' dir='ltr'><strong>Imperatorem,</strong></span> <span class='ocrx_word' id='word_1_352' title='bbox 1179 2832 1255 2867; x_wconf 78' lang='lat' dir='ltr'><strong>sitis</strong></span> <span class='ocrx_word' id='word_1_353' title='bbox 1275 2831 1463 2867; x_wconf 81' lang='lat' dir='ltr'><strong>Christiani</strong></span> <span class='ocrx_word' id='word_1_354' title='bbox 1477 2841 1599 2864; x_wconf 82' lang='lat' dir='ltr'><strong>omnes.</strong></span> <span class='ocrx_word' id='word_1_355' title='bbox 1643 2827 1733 2862; x_wconf 83' lang='lat' dir='ltr'><strong>Fau-</strong></span> 
     </span>
    </p>
   </div>
  </div>
 </body>
</html>
