1838 3230
265 187 394 214 nxxvt
754 166 1076 212 PROLEGOM
1083 168 1207 212 ENA.

260 284 301 322 in
323 281 424 334 Agro
448 279 742 334 Glocestriensi,
771 282 812 321 in
834 295 937 334 pago
963 281 1070 322 Stow
1099 299 1212 336 super
1243 282 1427 325 Woldam
1457 283 1590 335 dicto,
1619 290 1659 325 et
1685 284 1729 325 in

258 350 336 390 hac
364 349 575 390 Academia
605 357 741 389 nostra
767 350 809 388 in
832 348 1004 403 collegio
1024 349 1326 404 Magdalenensi
1353 351 1592 404 tyrocinium
1612 363 1728 392 suum

259 418 414 470 posuit;
449 423 539 470 post
567 416 698 456 Aedis
726 415 810 470 (sic
834 414 1047 470 Collegium
1076 421 1290 470 vocamus)
1333 416 1478 458 Christi
1503 418 1730 458 Sacellanue

260 486 407 535 evasit,
438 485 626 538 adjuncto
657 485 713 524 illi
749 485 882 524 Sodali
911 491 950 523 et
969 486 1192 537 Syinmysta
1219 485 1368 525 Joanne
1393 484 1602 539 Gregorio,
1628 485 1729 525 Viro

262 554 339 592 alio
387 553 534 606 pariter
573 551 776 603 omnigena
812 552 1050 591 eruditione
1088 551 1403 592 instructissimo.
1482 552 1578 592 Inde
1624 566 1731 592 anno

262 634 487 660 mmmmm.
514 626 680 672 propter
708 620 930 658 fidelitatem
954 634 1043 672 erga
1060 621 1217 671 Regiam
1245 620 1486 672 Majestatem
1508 617 1731 660 Par-limen-

263 689 367 727 turia
387 688 620 726 visitatione
644 687 814 740 ejectus,
844 687 894 726 ad
924 687 1011 726 illas
1043 688 1241 738 angustias
1277 694 1335 726 est
1363 687 1565 738 redactus,
1594 694 1640 727 ut
1660 701 1732 727 ne-

267 769 372 795 cesse
409 754 594 795 habuerit
629 769 677 793 ex
709 755 871 795 Musica
916 753 1040 808 (heu!
1082 768 1197 807 quam
1239 755 1478 794 infoeliciter
1520 754 1730 795 Musarum

268 821 518 874 Alumnusl)
549 823 624 860 sibi
653 829 809 861 tenuem
840 823 989 861 victum
1024 836 1274 874 comparare,
1317 836 1366 861 ex
1390 822 1492 873 stipe
1521 822 1600 862 viz.
1631 835 1732 860 con-

268 897 411 930 ventus
431 889 757 940 Hebdomadalis,
787 903 920 941 quem,
951 890 1111 928 adscitis
1133 889 1206 927 sibi
1225 889 1340 928 sociis
1361 888 1595 941 quibusdam
1615 889 1732 941 Sym-

268 958 495 1011 phoniaeis,
531 955 709 995 Londini
739 958 980 997 instituerat.
1047 958 1183 1009 Neque
1207 957 1242 996 ei
1267 964 1398 996 tamen
1429 956 1556 996 defuit
1571 955 1732 996 munifi·

272 1026 399 1070 centia
423 1025 627 1063 clarissimi
648 1024 746 1074 viri,
776 1022 956 1063 Eduardi
976 1024 1150 1074 Bissaei‚
1180 1026 1366 1076 Equestri
1381 1023 1532 1063 honore
1549 1030 1732 1076 postmo-

271 1093 363 1132 dum
390 1092 586 1142 insigniti,
618 1105 733 1143 quem
746 1092 863 1130 modo
883 1092 1151 1140 laudavimus3
1180 1105 1297 1143 quam
1317 1092 1470 1144 experti
1491 1098 1580 1131 sunt
1600 1092 1732 1139 etiam,

272 1168 310 1200 et
334 1161 400 1199 alii
417 1159 636 1199 calamitate
664 1167 886 1213 temporum
906 1160 1061 1209 afflicti,
1092 1165 1126 1198 et
1152 1157 1321 1199 Ioannes
1336 1159 1562 1212 praedictus
1587 1157 1734 1213 Grego-

270 1229 361 1267 rius.
439 1227 616 1266 Animam
657 1228 738 1266 Deo
773 1227 947 1267 reddidit
983 1240 1069 1266 xix.
1104 1226 1215 1268 Febr.
1243 1241 1346 1265 anno
1371 1240 1571 1267 Mncnvnt.
1597 1225 1734 1266 aetatis

271 1296 428 1334 circiter
449 1308 564 1334 xmv.
621 1295 728 1333 Haec
749 1295 796 1333 de
825 1308 870 1334 eo
897 1294 1109 1332 traduntur
1129 1294 1176 1332 ab
1193 1294 1330 1333 Amico
1348 1301 1505 1341 nostro,
1533 1293 1629 1333 Viro
1658 1294 1734 1332 An-

270 1363 498 1414 tiquitatum
519 1361 807 1415 Anglicarum‚
837 1368 874 1400 et
895 1362 1127 1412 praesertim
1155 1362 1205 1399 ad
1227 1352 1445 1414 Scriptores
1474 1361 1734 1408 attinentium,

271 1430 534 1483 peritissimo,
565 1429 692 1481 deque
715 1430 839 1468 Matre
862 1443 929 1468 sua
951 1428 1174 1469 Academia
1205 1430 1346 1469 eximie
1367 1430 1526 1479 merito,
1553 1427 1734 1468 Antonio

272 1513 296 1536 α
343 1495 519 1548 Woodo,
556 1496 597 1535 in
633 1495 817 1535 Historia
859 1506 894 1535 et
931 1495 1249 1551 Antiquitatibus
1287 1495 1534 1537 Academiae
1563 1503 1735 1536 nostrae.

272 1565 361 1604 Non
389 1579 488 1617 opus
517 1570 574 1603 est
604 1570 648 1602 ut
683 1564 833 1615 aliquid
866 1563 1035 1602 addatur
1069 1564 1117 1602 de
1148 1561 1454 1618 Chronographo
1491 1570 1652 1614 nostro,
1690 1571 1738 1603 ut

274 1632 433 1671 Lectori
458 1638 496 1669 et
516 1631 613 1669 Orbi
632 1632 822 1669 Literario
851 1632 1164 1670 commendatum
1186 1632 1391 1670 faciamus:
1420 1630 1498 1670 hoc
1526 1633 1654 1672 solnm
1677 1633 1738 1672 di-

274 1700 379 1738 xisse
411 1698 630 1748 suffecerit,
666 1699 706 1737 in
739 1699 943 1751 publicum
973 1699 1052 1750 jam
1084 1699 1195 1751 Opus
1226 1699 1412 1751 prodire,
1443 1701 1552 1752 quod
1588 1715 1610 1740 a
1638 1701 1738 1740 viris

277 1766 442 1806 cruditis
462 1781 483 1804 a
509 1766 672 1805 totidem
694 1767 804 1805 annis
824 1780 1057 1819 magnopere
1084 1767 1159 1806 fuit
1178 1767 1396 1819 expetitum
1417 1783 1461 1807 ac
1483 1775 1737 1822 exoptatum3

279 1835 390 1886 Opus
418 1834 623 1873 continens
657 1835 968 1887 quamplurima,
1009 1848 1130 1886 quae,
1169 1834 1245 1873 nisi
1282 1836 1322 1873 in
1357 1850 1494 1875 manus
1529 1850 1550 1876 e
1577 1837 1735 1876 latebris

279 1902 360 1940 suis
386 1901 579 1951 ederetur,
608 1903 673 1940 vel
695 1903 883 1941 Virorum
901 1904 1160 1942 maximorum
1182 1903 1382 1942 scientiam
1403 1904 1590 1955 fugissent
1613 1903 1736 1948 omni,

277 1983 353 2017 110,
383 1970 500 2020 inque
529 1969 700 2007 tenebris
732 1984 894 2021 prorsus
910 1971 1123 2010 latuissent.
1181 1971 1230 2009 Et
1246 1972 1354 2022 quis,
1386 1984 1552 2022 quaeso,
1582 1969 1737 2009 Litern-

279 2047 427 2086 torum‚
468 2035 625 2075 Saxum
657 2037 860 2088 antiquum
892 2038 999 2089 quod
1025 2039 1147 2076 multa
1176 2038 1309 2088 ignota
1337 2037 1545 2090 patefacit,
1584 2037 1736 2076 idcirco

280 2104 388 2156 quod
408 2102 502 2142 rude
522 2109 561 2142 et
583 2103 803 2143 scabrosum
827 2106 899 2154 sit,
931 2106 1037 2157 quod
1066 2120 1086 2143 a
1108 2106 1236 2143 minus
1267 2105 1397 2156 perito
1426 2106 1576 2158 artfice
1594 2105 1739 2144 Chara-

281 2178 409 2222 cteres
431 2171 651 2223 insculptos
673 2170 835 2221 habeat,
867 2173 1112 2224 contemptui
1137 2172 1326 2211 duceret?
1367 2172 1466 2220 Quis
1491 2172 1626 2224 potius
1657 2185 1738 2210 non

280 2239 470 2290 gauderet
491 2252 513 2277 e
539 2247 640 2276 terra
666 2239 746 2291 jam
776 2241 857 2278 erui
884 2239 992 2279 tale'?
1022 2241 1073 2278 Et
1093 2241 1180 2291 quis
1210 2240 1353 2278 cruenti
1371 2253 1449 2278 non
1474 2244 1585 2290 grate
1605 2252 1647 2279 se
1668 2239 1739 2278 ob-

281 2305 462 2344 strictum
485 2306 734 2357 agnosceret?

373 2507 555 2543 malebant.
601 2506 693 2541 Illius
715 2506 904 2541 honorifica
926 2506 966 2540 fit
988 2505 1112 2541 mentio
1138 2504 1227 2551 apud
1253 2506 1505 2549 Praefationem
1524 2505 1568 2540 ad
1587 2505 1631 2539 D.
1649 2506 1738 2540 Heu.

379 2564 565 2607 Holcrosti,
589 2564 736 2609 Equstis,
763 2563 956 2598 versionem
979 2564 1204 2608 Anglictmam
1226 2562 1453 2597 Historiarum
1479 2563 1634 2607 Procopii
1652 2565 1740 2598 Cae-

373 2621 550 2664 sariensis,
576 2621 634 2654 ubi
657 2621 781 2656 dicitur
802 2620 890 2654 illius
909 2621 1038 2665 judicio
1063 2625 1099 2654 et
1122 2631 1286 2654 censurae
1310 2620 1508 2654 Versionem
1531 2619 1630 2654 istam
1655 2619 1741 2653 fuis-

374 2689 412 2711 se
444 2677 662 2720 submissam,
705 2689 846 2723 cumque
879 2678 1027 2712 Graecis
1055 2678 1210 2712 collatam
1239 2682 1274 2711 et
1306 2682 1493 2711 correctam
1524 2677 1639 2710 fuisse.
1696 2676 1741 2710 Ei

376 2734 514 2767 multum
548 2739 728 2778 praeterea
750 2735 854 2768 debet
876 2735 1088 2770 Bibliotheca
1113 2739 1230 2769 nostra
1255 2735 1449 2768 Oxoniensis
1472 2734 1515 2768 ob
1538 2733 1740 2778 Catalogum

378 2801 475 2834 quem
500 2791 678 2826 adornavit
706 2791 880 2826 Librorum
905 2793 1113 2837 Graecorum
1136 2791 1239 2824 MSS.
1263 2791 1559 2824 Baroccianorum.
