1838 3230
578 142 1051 190 ANNOTATIONES.
1456 147 1558 197 559

215 267 311 318 Peg.
333 266 430 308 220.
457 265 525 307 19.
553 259 610 315 μή
627 261 924 314 συμφωνοῦντα
943 257 1037 311 etc.]
1070 257 1270 306 Quosnam
1289 258 1443 298 tandem
1464 260 1561 299 scri-

99 327 238 375 ptores
255 321 476 371 Romanos,
506 319 555 359 ab
576 317 853 357 Alexandrinis
885 316 935 355 de
964 317 1193 368 Cleopatrae
1209 316 1406 356 cadavere
1424 316 1500 356 hac
1518 317 1561 356 in

98 392 146 419 re
169 378 457 429 discrepantes,
495 375 563 415 hic
593 374 744 414 Auctor
773 380 905 412 noster
931 373 1150 423 intelligat,
1180 385 1259 411 nou
1284 371 1416 413 video.
1475 375 1560 413 Sta-
1624 396 1625 399 =

99 441 210 474 tuam
240 433 400 486 quidem
426 446 532 487 ejus,
563 430 699 484 aspide
728 430 891 469 brachio
920 429 1167 478 inhaerente,
1203 429 1308 468 lecto
1335 428 1560 470 traductam

99 491 221 530 fuisse
240 490 290 529 ab
311 490 490 542 Augusto
512 487 799 540 triumphante,
832 487 971 526 asserit
998 487 1195 525 Zonaras:
1226 485 1412 540 ἱστοριῶν
1441 487 1560 527 etiam

98 550 334 601 συναγωγῆς
359 552 523 595 auctor,
562 545 602 584 in
630 545 829 596 August03
868 538 916 584 οὗ
944 538 998 596 ἦν
1026 539 1317 596 εὐπρεπεστάτη
1345 542 1375 596 ἤ
1405 542 1560 598 πομπή,

100 603 144 646 ἐν
161 597 191 660 ᾗ
209 602 279 644 καὶ
301 602 333 657 η’
351 599 587 655 Κλεοπάτρα
605 601 669 642 ἐπὶ
701 602 861 653 κλίνης,
890 600 934 641 ἐν
965 602 1022 657 τῷ
1049 603 1123 640 τοῦ
1147 596 1329 640 θανάτου
1351 597 1558 653 μιμήματι,

99 660 404 715 παρεκομίσθη,
440 658 495 708 ὥς
522 663 730 710 πομπεῖον.
774 658 904 709 ipsam
933 663 1062 695 tamen
1102 655 1239 695 eodem
1266 669 1356 695 cum
1386 657 1559 696 Antonio

99 714 322 769 Sepulchra
340 716 536 756 conditam
557 716 697 763 fuisse,
726 720 865 753 testem
883 712 1073 752 habemus
1094 713 1347 762 Suetonium,
1375 713 1417 751 in
1441 714 1560 753 Octa-

99 773 189 818 vio,
227 786 312 825 cap.
339 776 403 816 17.
452 771 662 812 Ambobus
688 786 926 811 communem
957 768 1176 823 sepulturae
1201 768 1384 810 honorem
1409 770 1559 822 tribuit,

98 843 151 870 ao
170 827 359 868 tumulum
381 827 431 868 ab
451 829 547 882 ipsis
563 827 788 867 inchoatum
811 827 949 881 perfici
968 827 1095 879 jussit.

210 885 312 939 Pag.
338 889 436 928 220.
467 890 532 928 22.
562 883 630 924 καὶ
650 885 817 938 γαμβρῷ
844 880 972 924 αὐτοῦ
983 882 1002 934 ]
1035 884 1161 934 Supra
1190 881 1406 934 Agrippam
1439 883 1561 923 Octa—

97 941 209 982 viani
233 940 410 997 γαμβρὸν
440 938 498 982 ἐπ’
524 937 701 997 ἀδελφῇ,
738 940 883 979 sororis
916 939 1120 986 maritum,
1165 939 1343 978 vocavit:
1382 953 1561 980 sororem

99 998 204 1038 enim
234 999 318 1051 ejus
347 998 554 1037 Octaviam
583 1011 749 1036 uxorem
773 996 924 1035 habuit.
985 995 1089 1043 Quia
1117 1001 1246 1034 tamen
1271 995 1443 1047 Augusti
1460 1013 1561 1051 γαμ-

99 1052 200 1109 βρός
224 1054 303 1094 hoc
328 1056 420 1094 loco
446 1060 614 1094 vocatur
647 1053 880 1106 simpliciter
905 1052 1102 1104 Agrippa,
1134 1065 1233 1104 quae
1260 1065 1343 1092 vox
1375 1051 1562 1093 Generum

99 1117 148 1150 ut
165 1111 382 1164 plurimum
400 1118 535 1161 sonat,
564 1111 655 1150 ideo
681 1111 848 1165 γαμβρῷ
874 1105 1021 1158 αὐτοῦ,
1056 1107 1202 1147 Genero
1223 1123 1315 1159 suo,
1340 1109 1559 1150 reddimus.

54 1211 57 1213 ,
99 1167 276 1220 Agrippa
307 1169 434 1216 enim,
469 1168 611 1207 relicta
638 1167 798 1205 tandem
822 1179 949 1205 uxore
982 1164 1170 1214 Octavia,
1210 1165 1377 1216 Augusti
1407 1180 1559 1217 sorore,

99 1224 265 1275 Juliam,
289 1227 374 1279 ejus
398 1225 522 1264 filiam
551 1225 594 1264 in
620 1237 787 1263 uxorem
813 1222 975 1273 habuit,
1003 1222 1181 1273 Augusto
1202 1222 1288 1274 ipso
1315 1236 1405 1261 eum
1421 1223 1463 1263 in
1483 1223 1560 1262 hoc

101 1293 149 1320 co
177 1287 278 1321 ente.

151 1293 176 1334 g
210 1338 312 1392 Pag-
341 1340 441 1382 220.
468 1336 536 1380 25.
566 1331 647 1378 dud
663 1337 736 1390 τῆς
753 1331 892 1389 κώμης
918 1335 1125 1390 Ηπείρου]
1165 1335 1269 1375 forte
1295 1335 1452 1388 legend.
1476 1333 1559 1389 χιό-

125 1409 184 1443 ας.

90 1409 122 1478 ηρ
211 1453 308 1506 Pag.
340 1454 435 1494 221.
463 1450 506 1494 5.
534 1446 726 1504 ἐκράτησε
743 1446 786 1491 δὲ
806 1446 831 1490 o‘
849 1450 923 1502 τῆς
945 1444 1155 1501 Αἰγύπτου
1186 1445 1355 1501 πόλεμος
1378 1448 1442 1502 ἔτη
1466 1453 1559 1491 πολ-

52 1548 53 1551 ,
97 1503 171 1560 w]
200 1507 282 1547 Imo
305 1521 384 1547 uno
405 1507 555 1560 praelio
574 1508 762 1557 Actiaco,
792 1511 830 1544 et
851 1511 1038 1558 coeptum
1060 1510 1100 1543 et
1120 1504 1273 1544 finitum
1297 1512 1354 1545 est
1371 1505 1450 1545 hoc
1475 1507 1561 1546 bel-

98 1564 202 1604 lum:
229 1564 418 1616 deinceps
438 1565 542 1604 enim
567 1563 772 1616 Aegyptus
788 1562 998 1602 tributaria
1022 1563 1125 1600 sacta
1146 1568 1219 1601 est.

213 1624 307 1673 Pag.
336 1625 434 1664 221.
468 1625 532 1664 10.
569 1620 612 1661 ἐκ
643 1623 723 1660 τῶν
750 1620 866 1660 ἰδίων
893 1615 1019 1660 αὐτοῦ
1045 1614 1301 1671 ανθρώπων]
1332 1616 1559 1672 ἅνθρωποι,

98 1690 174 1730 pro
202 1676 427 1727 Militibus,
467 1676 576 1729 apud
605 1682 785 1715 nostrum
815 1677 1044 1727 frequenter
1067 1681 1296 1726 usurpatur.
1326 1676 1385 1714 Ita
1405 1677 1471 1718 lib.
1493 1681 1561 1719 16.

97 1733 166 1802 καὶ
186 1729 369 1788 ὥρμησεν
389 1734 446 1782 εἰς
460 1732 513 1786 τό,
525 1732 672 1787 πέραν,
701 1730 803 1773 κατοὶ
835 1734 1097 1781 Βιταλιανοῦ,
1122 1731 1190 1772 καὶ
1218 1734 1298 1773 τῶν
1325 1728 1559 1788 α’νθρεόπων

98 1805 240 1832 aurov-

213 1849 308 1899 Pag.
339 1847 436 1889 221.
468 1847 534 1888 18.
574 1841 790 1899 τετράρχην
806 1841 971 1898 αὐτῆς]
1001 1840 1214 1899 τετράρχην
1233 1844 1323 1896 hic,
1351 1860 1427 1899 pro
1446 1848 1557 1900 βασι.

97 1901 189 1954 λέα,
217 1903 352 1956 ponit3
381 1901 625 1954 Hesychius:
661 1897 894 1956 Τετράρχαι,
926 1903 969 1943 οἰ
992 1903 1186 1954 βασιλεῖς.·
1225 1903 1478 1943 scribendum
1498 1921 1555 1946 τε.

96 1957 273 2015 τροῖρχαι.
336 1957 549 2012 Τετράρχαι
582 1965 715 1998 tamen
745 1959 908 2011 proprie
945 1967 1055 2009 sunt,
1093 1959 1206 2011 regni
1238 1957 1447 2014 τετράδας,
1484 1975 1555 2002 seu

97 2023 248 2070 partem
268 2023 449 2069 quartam
466 2015 796 2056 administrantes.

208 2073 305 2127 Pag.
333 2076 428 2116 221.
461 2075 525 2115 19.
575 2069 718 2126 ἥντινα
753 2067 938 2114 ἐκάλεσεν
964 2075 1175 2127 Λγκυραν,
1218 2072 1463 2126 Stephanus,
1502 2088 1552 2114 ex

98 2130 312 2183 Apollonio
331 2130 373 2168 in
394 2130 563 2180 Caricis,
601 2130 795 2182 Ancyram
826 2144 848 2168 a
872 2128 1100 2169 Mithridate
1128 2136 1168 2168 et
1194 2130 1461 2169 Ariobarzane
1482 2144 1555 2169 ex-

98 2194 268 2227 tructam
289 2187 408 2226 fuisse
425 2186 560 2227 tradit.
618 2187 697 2225 Alii
720 2201 742 2225 a
770 2186 874 2225 Mida
895 2186 1096 2226 conditam
1114 2187 1273 2226 volunt:
1306 2200 1443 2226 verum
1464 2186 1552 2236 hoc,

100 2244 149 2284 de
170 2245 292 2284 altera
311 2245 380 2283 illa
406 2243 595 2295 Phrygiae
611 2243 792 2297 Ancyra,
821 2244 925 2283 forte
945 2243 1258 2294 intelligendum.
1314 2244 1371 2285 Jo.
1390 2244 1553 2282 Tzetzes

100 2300 199 2343 chit.
227 2305 265 2344 1.
293 2314 383 2341 cum
412 2307 573 2352 nostro,
601 2300 825 2353 Augustum
850 2301 1031 2354 Ancyrae
1059 2301 1220 2341 Galatae
1247 2301 1386 2340 statuit
1415 2300 1553 2339 condi-

98 2363 238 2398 torem.

321 2412 611 2470 ΤὴνΛγκνραν
632 2409 666 2455 δ’
684 2411 739 2467 ἣν
759 2412 929 2467 ἔφημεν,
958 2417 1031 2467 τῆς
1048 2413 1262 2464 Γαλατίας,
1294 2407 1413 2468 εὗρον

316 2473 461 2513 Κτίσαι
481 2470 548 2514 τὸν
575 2468 796 2512 Οκταούϊον
812 2472 996 2525 Καίσαρα
1010 2469 1078 2512 τὸν
1101 2474 1296 2522 Ρωμαῑον,

317 2530 539 2570 Κτείναντα
559 2524 808 2581 Δηϊόταυρον
824 2524 1038 2582 τετράρχην
1059 2528 1261 2575 Γαλατίας.

317 2581 412 2626 0156’
431 2585 471 2635 ἐξ
493 2582 667 2640 ἀγκύρας
682 2586 850 2640 σιδηρᾶς
868 2583 976 2640 ἅρμα
990 2587 1063 2625 τοῦ
1086 2584 1226 2624 Μίδου
1256 2579 1428 2636 σχούσης

317 2643 534 2694 Κληθῆναι
551 2638 702 2695 ταύτην
723 2646 933 2697 Λγκυραν·
962 2637 1042 2682 ἀλλ’
1063 2636 1122 2682 ‘o'u
1139 2639 1237 2694 μέση
1256 2643 1382 2681 κεῖται

314 2701 491 2751 Ασιανῆς
515 2699 583 2740 καὶ
603 2702 804 2752 Ποντικῆς
820 2702 900 2741 τῶν
919 2700 1136 2740 ’θαλασσοῖν
1153 2699 1232 2737 τῶν
1252 2693 1340 2739 δύο.

186 2751 345 2848 Arlicyra
373 2760 502 2796 tamen
526 2755 647 2810 haee,
683 2758 876 2798 alterutro
903 2755 1021 2806 mari,
1061 2755 1178 2806 longo
1216 2754 1310 2794 satis
1343 2753 1464 2795 distat
1487 2755 1548 2794 in-

99 2811 225 2849 terval
244 2825 280 2850 ο.
