1838 3230
648 151 947 200 EPISTOLA.
1427 153 1525 201 731

64 273 162 314 ditis
185 277 279 314 aunt
297 277 505 326 occupata.
559 270 702 312 Athen.
722 269 792 309 lib.
821 282 879 309 vx.
923 270 1006 311 Τοῦ
1034 267 1318 322 Χαιρεφῶντος
1342 263 1411 307 καὶ
1435 262 1530 320 σύγ-

12 325 18 331 ·
63 347 226 386 γραμμα
243 326 470 384 ἀναγράφει
500 329 752 382 Καλλίμαχος
779 326 824 367 ἐν
849 328 909 381 τῷ
931 328 1013 368 τῶν
1041 325 1311 367 παντοδαπῶν
1337 335 1533 377 συγγραμ-

65 384 204 442 μάτων
228 387 391 436 πίνακι,
418 382 591 441 γράφων
620 381 769 432 οὕτως·
810 386 967 424 Δεῖπνα
1004 378 1092 424 ὅσοι
1125 380 1322 435 ἔγραψαν.
1382 383 1532 433 Χαιρε-

66 447 160 498 φῶν
189 444 439 498 Κυρηβίωνι.
499 438 586 484 εἶθ’
615 441 707 494 ἑξῆς
740 435 971 504 τή-ν-οἷρχῆν
995 438 1222 491 ὑπέθηκεν·
1272 432 1430 488 Επειδή
1466 451 1533 489 μοι

65 510 259 563 πολλάκις
292 514 531 563 ἐπέστειλας.
596 512 751 564 Στίχων
777 521 880 552 τοε*
911 510 994 551 Καὶ
1022 508 1045 552 ὅ
1065 508 1284 562 Κυρηβίων
1313 505 1358 549 δὲ
1383 503 1445 547 ὅτι
1461 522 1536 547 πα-

13 615 18 623 ,
67 567 251 625 ρᾶσιτος,
288 572 533 626 προείρηται.
591 569 652 608 Ita
689 569 810 606 locus·
841 567 916 606 iste
945 566 1204 618 corrigendus
1233 570 1305 605 est.
1364 563 1536 602 Chaere-

66 627 180 682 phon
201 629 398 680 parasitus
420 628 474 667 ad
500 621 714 680 ὁμότεχνον
748 637 864 663 suum
891 623 1150 676 Cyrebionem
1187 621 1392 675 epistolam
1416 619 1536 671 misit,

66 685 108 724 in
129 698 207 737 qua
225 684 415 724 describit
442 698 604 723 coenam
629 682 828 735 quondam
850 681 934 720 sine
963 680 1087 718 dubio
1111 679 1272 731 opipare
1291 684 1536 731 apparatam.

69 744 288 795 Χαιρεφῶν
305 742 560 795 Κυρηβίωνι·
591 735 749 792 Επειδή
773 754 841 791 μοι
862 733 1053 786 πολλάκις
1069 735 1291 783 ἐπέστειλας
1305 741 1379 774 etc.
1417 733 1538 783 Quod

69 798 104 837 ai
127 798 329 848 vulgatam
352 798 559 836 lectionem
587 810 746 835 servare
765 795 885 845 veli83
920 795 1157 848 Χαιρεφῶν,
1186 792 1427 846 Κυρηβίων·
1455 790 1538 843 jam

67 868 150 894 non
184 853 498 908 Chaerephontis
530 853 652 892 verba
683 853 838 900 forent,
879 865 980 903 quae
1012 849 1204 890 Athenaei
1234 848 1428 887 sententia
1460 853 1539 894 est3

69 911 140 951 sed
161 911 409 963 Cyrebionis.
467 910 572 949 Illud
602 917 732 949 autem
754 908 970 947 Exordium
995 909 1199 960 Τριαγμοῦ
1225 906 1404 944 nondum
1431 919 1452 943 a
1472 903 1540 942 vi-

68 967 126 1007 ria
147 967 276 1007 doctis
298 967 548 1008 emendatum
568 980 652 1005 esse
670 965 865 1013 demiror3
895 964 976 1015 qui,
1006 964 1079 1002 etsi
1103 963 1354 1002 dissimulant
1377 968 1416 1001 et
1432 974 1540 999 mus.

69 1030 180 1074 sant,
207 1024 323 1078 Juxta
341 1024 385 1063 id
405 1024 650 1074 intelligunt,
681 1036 728 1062 ac
749 1022 781 1061 si
800 1023 840 1060 in
863 1021 998 1060 Ovidii
1023 1020 1163 1060 Getica
1180 1019 1423 1058 incidissent.
1474 1017 1539 1056 Me

69 1084 223 1121 Amore
257 1081 316 1119 sic
340 1082 447 1131 lege:
475 1077 591 1134 Αρχῆ
619 1078 663 1120 δέ
687 1095 754 1133 μοι
786 1081 861 1120 τοῦ
887 1074 1008 1133 λόγου
1040 1073 1185 1118 Πάντα
1213 1077 1322 1127 τρία,
1351 1074 1420 1116 καὶ
1447 1071 1540 1115 οὔτε

69 1136 194 1179 πλέον
228 1135 320 1179 οὕτε
357 1137 523 1178 ἔλασσον
557 1133 710 1177 τούτων
738 1138 862 1185 τριῶν
885 1132 995 1183 Ενός
1027 1131 1192 1175 ἑκάστου
1226 1127 1370 1186 ἀρετή,
1407 1127 1540 1184 τριάς·

71 1190 251 1244 σύνεσις,
281 1190 451 1246 κράτος,
479 1193 548 1234 καὶ
561 1190 672 1245 τύχη.
732 1192 806 1231 Ubi
825 1192 976 1243 singula
998 1190 1157 1243 quidem
1176 1189 1298 1228 verba
1320 1194 1413 1227 sunt
1432 1201 1542 1226 com-

70 1250 225 1290 munia:
257 1251 327 1303 qui
345 1257 474 1289 tamen
500 1263 552 1288 ex
569 1250 658 1302 ipso
678 1249 916 1288 charactere
947 1255 986 1287 et
1016 1248 1145 1286 forma
1168 1245 1326 1284 dicendi
1348 1259 1428 1284 non
1450 1258 1543 1282 sen-

70 1308 124 1346 tit
148 1301 390 1355 Jonismum,
429 1306 531 1346 nihil
555 1308 687 1345 sentit.
755 1307 809 1344 De
836 1303 1006 1358 Epigene
1031 1317 1152 1352 vero,
1193 1315 1274 1354 quo
1303 1316 1365 1340 me
1387 1308 1544 1341 vertam

71 1364 209 1403 nescio
223 1394 234 1413 ,
266 1364 322 1402 ita
340 1377 402 1403 rea
423 1370 462 1403 et
483 1363 580 1402 hinc
601 1369 638 1401 et
655 1363 746 1401 inde
771 1374 952 1412 magnam
975 1360 1094 1399 habet
1115 1359 1404 1397 difficultatem.
1443 1359 1544 1396 Nam

72 1415 165 1460 ecee
181 1420 256 1466 tibi
278 1421 443 1460 Suidaa:
474 1420 650 1472 quinon
671 1420 904 1472 Epigenem,
935 1417 1004 1456 sed
1037 1415 1244 1469 Orpheum
1275 1422 1452 1454 autorem
1484 1415 1544 1452 sa-

73 1477 152 1516 ciat
172 1480 395 1532 Τριαγμῶν.
457 1474 640 1530 Ορφεΰς,
676 1475 827 1527 inquit,
869 1474 1019 1527 ἔγραψε
1053 1470 1295 1526 Τριαγμοῦς,
1325 1471 1476 1525 λέγεται
1502 1468 1547 1511 δὲ

73 1531 179 1575 εἶναι
211 1536 336 1582 Ιωνος
364 1536 441 1574 τοῦ
467 1535 676 1587 Τραγικοῦ.
737 1534 914 1583 Cumque
936 1530 1149 1582 Epigenem
1174 1529 1292 1568 video
1324 1528 1546 1567 enarratio-

69 1601 165 1630 nem
193 1590 346 1644 Orphei
374 1589 534 1640 secisse,
571 1590 762 1628 Clementi
799 1594 1053 1627 memoratam
1087 1590 1243 1639 Στρωμ.
1278 1599 1309 1626 1.
1339 1583 1546 1638 Επιγὲνης
1572 1588 1606 1623 V
1628 1589 1675 1626 35

22 1664 25 1666 ·
74 1646 120 1689 ἐν
146 1650 231 1696 τοῖς
259 1645 352 1700 περὶ
379 1645 454 1699 τῆς
483 1647 539 1694 εἰς
573 1645 712 1698 Ορφέα
738 1641 938 1695 ποιήσεως
971 1643 1191 1697 Κέρκωπος
1221 1638 1324 1682 εἶναι
1351 1641 1454 1696 λέγει
1474 1644 1546 1683 τοῦ

75 1704 366 1757 Πυθαγορείου
383 1701 459 1754 τήν
481 1703 537 1750 εἰς
558 1703 671 1742 Αδου
690 1697 927 1754 Κατάβασιν
944 1699 1013 1740 καὶ
1032 1697 1103 1740 τόν
1124 1696 1237 1752 Ιερόν
1255 1695 1386 1752 λόγον.
1424 1699 1546 1752 (Pro-

76 1760 163 1799 clus
182 1767 314 1799 tamen
337 1759 380 1798 in
397 1760 599 1798 Timaeum
625 1758 693 1797 lib.
723 1759 762 1801 5.
792 1757 922 1808 ipsum
946 1756 1207 1808 Pythagoram
1228 1754 1348 1808 hujus
1367 1762 1546 1794 autorem

75 1816 226 1856 laudat.
282 1815 330 1856 A
348 1813 424 1871 γοῖρ
437 1848 449 1866 ,
478 1815 553 1865 ait,
586 1811 746 1866 Ορφεῦς
766 1811 822 1854 δι’
847 1810 1088 1867 οἷποῤῥήτων
1103 1808 1230 1866 λόγων
1250 1815 1449 1865 μυστικῶς
1468 1828 1544 1853 πα-

75 1872 292 1927 ραδέδωκε,
322 1875 448 1913 ταῦτα
469 1869 718 1924 Πυθαγόρας
738 1870 944 1923 ἐξέμαθεν,
974 1865 1207 1923 ὄργιασθεὶς
1225 1869 1269 1910 ἐν
1289 1865 1544 1923 Λειβήθροις

75 1934 161 1979 τοῖς
191 1929 379 1984 Θρακίοις
406 1927 668 1984 Αγλαοφάμω
696 1924 853 1968 τελεστοῖ
883 1923 1182 1979 μεταδιδόντος,
1223 1923 1279 1978 ἣν
1308 1925 1398 1979 περὶ
1429 1928 1544 1966 Θεῶν

79 1983 243 2038 Ορφεΰς
275 1986 427 2037 σοφίαν
462 1982 571 2038 παροέ
602 1980 815 2033 καλλιόπες
851 1987 922 2035 τῆς
945 1983 1112 2037 μητέρος
1141 1979 1360 2034 ἐπηνύσθη·
1410 1985 1543 2023 Ταῦτα

74 2042 152 2098 γάρ
177 2054 303 2095 φησιν
329 2042 351 2084 ὁ
382 2040 624 2095 Πυθαγόρας
650 2041 694 2082 ἐν
721 2044 778 2095 τῷ
800 2043 903 2094 Ιερῷ
922 2036 1038 2095 λόγῳ.
1099 2039 1213 2078 Unde
1234 2045 1389 2079 constat
1410 2037 1539 2092 Ιερόν,

75 2106 123 2139 ut
142 2098 216 2138 alia
244 2099 392 2152 scripta
413 2098 699 2151 Pythagorica,
731 2098 900 2137 dialecto
928 2097 1072 2135 Dorica
1097 2096 1219 2135 fuisse
1248 2096 1541 2149 compositum)

76 2162 116 2196 et
134 2169 173 2195 v.
204 2155 408 2210 Επιγένης
426 2156 469 2197 ἐν
484 2158 539 2211 τῷ
557 2154 649 2209 περὶ
670 2158 742 2206 τῆς
762 2153 928 2207 Ορφέως
943 2150 1144 2206 ποιήσεως
1159 2150 1207 2193 τοὶ
1231 2150 1432 2201 ἰδιάζοντα
1452 2148 1544 2206 παρ’

79 2215 214 2267 Ορφεῒ
232 2209 484 2264 ἐκτιθέμενὸς
512 2225 636 2263 φησι,
674 2212 842 2265 Κερκίσι
882 2206 1211 2263 καμπυλόχρωσι,
1248 2214 1331 2258 τοῖς
1359 2206 1545 2261 ᾰρότροις

76 2265 307 2322 μηνύεσθαι
327 2275 402 2308 etc.
434 2270 532 2308 Cum
551 2268 660 2317 haec,
690 2269 871 2320 inquam,
901 2267 1011 2319 lego,
1042 2266 1334 2320 propemodum
1364 2266 1544 2304 adducor

76 2328 120 2365 in
155 2338 240 2365 eam
281 2325 531 2379 opinionem,
578 2332 624 2364 ut
652 2323 945 2378 Harpocration
984 2323 1064 2362 hoc
1102 2323 1283 2374 exemplo
1317 2323 1543 2375 scripseritz

78 2379 177 2435 ὅπερ
208 2384 460 2435 Καλλίμαχος
489 2379 765 2436 οἷντιλὲγεσθαί
795 2394 939 2434 φησιν,
978 2379 1033 2429 οἷς
1063 2381 1132 2420 καὶ
1156 2378 1372 2432 Επιγένης.
1429 2379 1461 2417 Ε
1483 2379 1544 2417 di-
1569 2384 1603 2419 O
1629 2386 1673 2420 69

75 2452 196 2478 verso
228 2439 298 2478 ubi
325 2440 427 2478 illud
458 2441 566 2479 venit
594 2439 636 2477 in
663 2445 852 2488 mentem,
893 2437 1046 2490 Orphei
1075 2436 1202 2488 ipsius
1230 2442 1268 2474 et
1296 2435 1546 2487 Pythagorae

78 2508 238 2548 quoque
259 2497 495 2535 mentionem
526 2497 670 2535 factam
699 2509 782 2534 esse
811 2497 852 2534 in
879 2495 960 2533 illis
987 2497 1221 2547 Τριαγμοῖς,
1251 2493 1439 2531 continuo
1460 2506 1546 2531 sen-

77 2551 240 2591 tentiam
255 2566 338 2591 eam
358 2553 522 2606 abjicio,
552 2560 592 2592 et
612 2552 806 2592 manifesti
827 2551 970 2591 erroris
993 2550 1152 2588 Suidam
1172 2562 1306 2600 arguo.
1366 2549 1545 2587 Clemens

77 2611 173 2662 Στρ.
196 2621 226 2646 1.
246 2611 324 2649 Ιων
343 2607 386 2649 δὲ
407 2609 431 2650 o‘
449 2613 550 2658 Χῖος
567 2610 611 2651 ἔν
631 2613 714 2658 τοῖς
734 2613 935 2663 τριαγμοΐς
957 2607 1026 2647 καὶ
1049 2602 1301 2659 Πυθαγόραν
1324 2605 1380 2653 εἰς
1409 2604 1546 2659 Ορφέα

79 2661 306 2718 ἀνενεγκεῖν
332 2681 421 2706 τινα
443 2666 601 2719 ἱστορεῖ.
633 2674 671 2705 et
688 2666 879 2718 Diogenes
900 2666 1027 2702 Laert.
1060 2666 1138 2702 Ιων
1164 2660 1207 2703 δὲ
1234 2661 1260 2703 ὅ
1280 2665 1381 2710 Χῖος
1401 2661 1444 2703 ἔν
1463 2666 1546 2710 τοῖς

81 2721 302 2774 Τριαγμοῖς
327 2734 452 2774 φησιν
484 2720 608 2764 αὐτόν
647 2720 742 2775 (τὸν
773 2718 1053 2773 Πυθαγόραν)
1085 2718 1172 2759 ἔνια
1196 2715 1421 2770 ποιήσαντα
1452 2714 1545 2759 οῗνε-

79 2782 232 2831 νεγκεῖν
257 2778 314 2827 εἰς
335 2777 486 2833 Ορφέα.
544 2780 681 2833 ltaque
703 2785 858 2819 constat
878 2777 1038 2816 Suidam
1066 2775 1293 2815 alterutrius
1312 2775 1434 2815 verba
1451 2789 1544 2828 per-
