1838 3230
280 181 381 231 270
682 180 965 227 IOANNIS
994 185 1332 230 MALALAE

279 297 594 357 ἐπιστρατεύσας
611 299 765 355 ἀνῆλθε
785 305 971 357 πολεμῶν
990 304 1094 358 μετὰ
1115 301 1325 360 δυνάμεως
1343 311 1495 363 πολλῆς
1515 307 1620 352 κατὰ
1632 307 1733 354 Ῥω·

277 369 427 423 μανίας
444 369 487 410 ἐκ
504 369 640 424 γένους
659 367 850 426 Πάρθων
868 371 1057 425 βασιλεὺς
1072 376 1261 429 Περσῶν,
1285 373 1306 417 ὅ
1328 374 1505 433 ἀδελφὸς
1518 374 1732 434 Ὀσδρὸου,

277 437 476 491 βασιλέως
489 437 716 492 Ἀρμενίων.
788 439 854 480 καὶ
874 439 1078 496 παρέλαβε
1097 441 1231 492 πόλεις
1252 444 1317 485 καὶ
1337 444 1574 499 έπραίὸευσε
1591 443 1734 502 χώρας

277 502 444 557 πολλάς,
469 503 568 558 ἔχων
585 504 679 558 μεθ’
699 503 846 548 ἑαυτοῦ
868 509 933 549 καὶ
953 507 1022 551 τὸν
1044 509 1145 551 ἴδιον
1167 510 1293 553 αὐτοῦ
1313 511 1402 554 υἱὸν
1414 510 1729 570 Σανατροῦκιον.

277 574 344 616 καὶ
365 570 420 622 ὥς
441 570 644 628 πραιὸεύει
663 570 684 615 ὅ
704 572 942 631 Μεερδότης
959 578 1151 630 βασιλεὺς
1169 578 1241 633 τὴν
1264 579 1558 636 Εὖφρατησίαν
1571 578 1726 638 χώραν,
1741 588 1764 624 5

276 638 452 682 ἐλαύνων
472 640 702 696 κατηνέχθη
723 641 802 685 ἀπὸ
823 648 895 685 τοῦ
910 645 1036 687 ἰ’ππου
1054 647 1119 687 καὶ
1139 645 1321 702 ἐκλάσθη
1341 653 1474 698 κακῶς
1492 649 1558 690 καὶ
1578 647 1734 692 ἐτελεύ-

135 722 165 756 v
189 721 254 757 115
277 724 398 763 τησεν
431 709 520 766 ῗδίῳ
549 707 734 767 θανάτῳ.
806 711 848 762 ἐν
876 716 934 770 τῷ
967 713 1011 755 δὲ
1034 713 1190 767 μέλλειν
1216 715 1340 758 αὐτὸν
1363 720 1551 759 τελευτᾶν
1573 717 1734 772 ἐποίησε

275 776 348 819 τὸν
365 775 455 818 υἱὸν
479 776 605 819 αὐτοῦ
627 777 697 819 τὸν
717 778 1019 835 Σανατρούκιον
1038 780 1234 838 ἄρσάκην,
1269 782 1291 826 ὅ
1311 784 1394 827 ἐστι
1413 785 1606 839 βασιλέα,
1644 784 1730 828 ἄντ’

134 860 166 894 0
189 860 258 895 352
282 845 433 887 αὐτοῦ·
467 847 648 902 περσιστὶ
674 846 718 888 δὲ
745 849 890 903 τορκὶμ
907 849 1097 901 βασιλεὺς
1114 847 1382 906 ἑρμηνεύεται.
1451 854 1518 896 καὶ
1534 852 1734 908 ἐπέμεινεν

278 911 299 956 ὅ
321 912 446 963 αὐτὸς
460 911 762 970 Σανατροῦκιος
776 916 967 969 βασιλεῦς
982 921 1159 975 Περσῶν
1178 918 1467 975 λυμαινόμενος
1482 921 1556 976 τὴν
1570 919 1730 976 Ῥωμα·
1742 932 1788 966 10

277 982 380 1025 νίαν.
418 979 438 1024 ὅ
462 983 506 1024 δὲ
521 981 733 1039 Ὀσδρόης,
753 984 945 1038 βασιλεὺς
960 985 1189 1043 Ἀρμενίων,
1212 985 1233 1030 ὅ
1253 993 1325 1031 τοῦ
1346 987 1587 1045 Μεερδότου
1609 989 1732 1032 ἀδελ-

279 1047 371 1106 φός,
409 1048 586 1099 ἀκούσας
607 1050 679 1094 τὸν
703 1052 828 1095 αὐτοῦ
854 1052 1052 1105 θάνατον,
1085 1054 1240 1110 ἔπεμψε
1261 1058 1327 1098 καὶ
1347 1057 1471 1106 αὐτὸς
1487 1056 1640 1107 εὐθέως
1658 1058 1731 1101 τὸν

278 1118 382 1160 ἴδιον
404 1118 529 1162 αὐτοῦ
547 1118 635 1161 υἱὸν
655 1120 722 1163 ἀπ’
749 1120 877 1176 αὐτῆς
903 1126 977 1177 τῆς
999 1122 1209 1179 Ἀρμενίας
1240 1124 1342 1178 μετὰ
1368 1129 1521 1168 πολλοῦ
1552 1129 1731 1182 στρατοῦ

278 1186 351 1230 τὸν
377 1186 749 1244 Παρθεμασπάτην
782 1190 883 1244 πρὸς
911 1188 1112 1246 βοήθειαν
1134 1196 1206 1234 τοῦ
1231 1190 1378 1236 ἑαυτοῦ
1400 1194 1622 1250 ἔξαδέλφου
1643 1198 1732 1238 Σα-

278 1257 536 1312 νατρουκίου,
556 1257 754 1309 βασιλέως
773 1261 963 1314 Περσῶν,
984 1259 1088 1302 κατὰ
1103 1258 1324 1315 Ῥωμαίων,
1367 1263 1434 1304 καὶ
1455 1266 1585 1304 ταῦτα
1606 1259 1731 1305 ἀκοῦ-
1743 1269 1786 1305 15

276 1339 353 1373 σας
375 1321 396 1366 ὃ
417 1322 631 1373 θειότατος
656 1325 860 1382 Τραϊανὸς
880 1325 1084 1380 βασιλεύς,
1118 1327 1270 1378 εὐθέως
1291 1327 1577 1387 ἐπεστράτευσε
1599 1335 1657 1390 τῷ
1677 1328 1732 1384 ιβ’

277 1390 353 1435 ἔτει
372 1397 445 1448 τῆς
464 1394 672 1447 βασιλείας
699 1394 825 1436 αὐτοῦ
845 1395 1022 1445 ἐξελθὼν
1043 1395 1130 1438 κατ’
1153 1396 1286 1439 αὐτῶν
1310 1399 1406 1453 μηνὶ
1434 1397 1643 1457 ὄκτωβρίῳ
1672 1402 1731 1456 τῷ

222 1472 252 1507 Β
275 1462 343 1503 καὶ
369 1458 664 1520 ὗπερβερεταίῳ
698 1461 777 1505 ἀπὸ
813 1460 993 1518 Ῥώμης·
1042 1465 1107 1506 καὶ
1138 1462 1391 1520 φθασάντων
1424 1470 1586 1522 πρῶτον
1612 1466 1732 1509 κατέ-

273 1533 443 1572 πλευσεν
463 1530 527 1572 ἐπὶ
545 1529 618 1585 τὴν
639 1528 856 1585 ἀνατολήν,
876 1529 1061 1588 ὁρμήσας
1077 1532 1180 1585 μετὰ
1200 1531 1409 1587 δυνάμεως
1428 1538 1580 1589 πολλῆς
1602 1550 1731 1590 στρα-

274 1601 349 1640 τοῦ
371 1599 437 1640 καὶ
459 1602 749 1654 συγκλητικῶν·
786 1599 828 1641 ἓν
852 1597 912 1649 οἷς
933 1595 984 1655 ἦν
1003 1602 1069 1642 καὶ
1092 1600 1300 1657 Ἀδριανὸς
1334 1599 1355 1644 ὃ
1387 1602 1573 1658 γαμβρὸς
1601 1602 1728 1646 αὐτοῦ
1738 1610 1786 1644 20

276 1666 339 1708 ἐπὶ
377 1666 546 1724 ἀδελφῇ.
617 1668 684 1709 καὶ
724 1666 983 1723 κατέφθασεν
1021 1670 1062 1710 ἐν
1103 1669 1314 1729 Σελευκείᾳ
1349 1674 1422 1725 τῆς
1453 1671 1608 1726 Συρίας
1634 1672 1732 1726 μηνὶ

275 1734 478 1794 ἀπελλαίῳ
506 1739 563 1793 τῷ
585 1737 652 1778 καὶ
672 1737 893 1794 δεκεμβρίῳ
914 1738 969 1786 εἷς
988 1734 1179 1793 δρόμωνα
1200 1737 1279 1780 ἀπὸ
1304 1742 1377 1780 τοῦ
1405 1739 1620 1794 λεγομένου
1642 1741 1732 1781 Βυ-

127 1816 161 1849 o
184 1816 253 1852 353
277 1804 440 1846 τυλλίου
472 1801 745 1861 ὅρμητηρίου,
793 1803 1172 1862 ὄντοςμῦτοφυοῧς
1198 1805 1355 1860 λιμένος
1381 1807 1550 1862 πλησίον
1582 1811 1731 1851 Σελευ-

367 1899 401 1934 1.
415 1899 582 1944 πολεμῶν
593 1900 671 1943 Ch.,
688 1898 846 1945 πόλεμον
856 1901 923 1935 Ox.
970 1902 1004 1937 2.
1023 1902 1188 1945 Παρθῶν
1198 1902 1265 1936 ΟΧ.
1288 1901 1406 1937 Malim
1415 1901 1627 1949 Μεερδότης
1637 1902 1729 1938 addi.

367 1945 402 1980 5.
421 1943 587 1989 Εὗφρατ.
600 1946 667 1980 ΟΧ.
691 1946 852 1982 Correxit
863 1948 930 1982 Ch.
998 1946 1053 1983 14.
1071 1946 1436 1993 Παραθεμασπάτην]
1455 1946 1732 1994 Haemona&-

368 2003 436 2035 την
452 1992 542 2025 infra
552 2004 584 2037 p.
598 1995 672 2028 116.
686 1992 726 2034 C,
744 1993 835 2037 quod
849 1994 996 2038 reposui.
1052 1997 1106 2030 21.
1126 1994 1282 2041 ἀδελφῇ]
1301 1993 1479 2041 ἀδελφιδῆ
1496 1995 1559 2030 Ch.
1604 1997 1662 2031 22.
1679 1992 1729 2031 'A-

368 2039 522 2084 πελλαίῳ
541 2039 619 2081 Ch.,
637 2036 823 2086 Ἀπριλλέςο
842 2039 910 2074 ΟΧ.
978 2041 1061 2075 ibid.
1085 2040 1260 2086 δρόμωνα
1278 2041 1355 2083 Ch.,
1379 2039 1518 2087 δρόμον
1537 2042 1605 2076 Ox.

278 2127 333 2151 ma
355 2117 512 2150 movebat
531 2116 710 2151 Persarum
734 2129 796 2152 rex
817 2117 1023 2160 Meerdotes,
1046 2130 1172 2164 genere
1194 2119 1354 2161 Parthus,
1377 2119 1531 2161 Osdrois,
1553 2119 1728 2154 Armenio-

276 2173 353 2198 rum
374 2161 485 2206 regis,
508 2162 636 2195 frater:
676 2162 733 2206 qui
756 2163 905 2198 maximis
924 2165 1105 2200 instructus
1128 2165 1254 2211 copiis,
1276 2165 1380 2199 filium
1404 2177 1540 2210 quoque
1561 2165 1728 2199 Sanatru-

278 2208 366 2241 cium
388 2218 497 2242 secum
519 2206 645 2241 habens
668 2208 825 2252 plurimas
855 2214 925 2244 tum
947 2211 1067 2253 urbes,
1104 2214 1171 2245 tum
1194 2210 1350 2256 regiones
1383 2216 1518 2257 captam,
1554 2209 1725 2264 spoiiavit.

276 2253 430 2298 Dumque
470 2253 643 2297 regionem
675 2253 936 2298 Euphratesiam
968 2255 1218 2300 depraedatur,
1262 2267 1391 2291 cursum
1425 2255 1541 2301 praeci
1566 2259 1653 2289 1tans
1683 2266 1727 2289 ex

276 2310 365 2344 equo
390 2298 567 2341 deiicitur3
592 2309 737 2342 casuque
760 2300 916 2343 graviter
937 2301 1149 2344 contractus,
1172 2302 1259 2336 diem
1281 2313 1372 2336 suum
1395 2300 1490 2335 obiit.
1578 2299 1726 2335 oriturus

275 2350 401 2386 autem,
425 2343 661 2378 Sanatrucium
683 2343 805 2385 filium,
829 2347 1010 2388 Arsacem,
1033 2347 1069 2380 id
1093 2352 1155 2390 est,
1179 2348 1321 2392 Regem,
1344 2346 1394 2380 sui
1415 2346 1451 2380 in
1474 2346 1583 2380 locum
1605 2346 1726 2380 substi-

274 2389 366 2432 tuit3
389 2390 527 2424 Persice
550 2393 671 2429 autem,
699 2390 843 2431 'Ibi-cim,
867 2402 982 2435 regem
1006 2396 1114 2427 sonat.
1160 2391 1377 2427 Sanatrucius
1399 2395 1522 2433 autem,
1545 2391 1726 2426 Persarum

274 2446 337 2469 rex
360 2437 483 2476 factus,
509 2435 628 2469 bellum
650 2435 832 2469 Romanum
855 2437 1090 2481 persequitur:
1114 2438 1249 2473 interim
1271 2437 1431 2478 Osdroes‚
1452 2447 1514 2470 rex
1536 2436 1727 2479 Armeniae,

274 2481 393 2515 audita
416 2481 603 2516 Meerdotis
623 2480 740 2514 fratris
763 2483 893 2523 morte,
923 2482 1027 2517 filium
1050 2483 1142 2518 suum
1165 2482 1539 2527 Parathemasphatem,
1563 2481 1725 2528 patruelis

276 2526 326 2560 sui
348 2526 560 2567 Sanatrucii,
597 2526 770 2560 Persarum
806 2526 896 2570 regis
918 2526 953 2560 in
976 2529 1156 2570 auxilium,
1193 2539 1313 2572 magno
1338 2526 1490 2562 exercitu
1511 2527 1725 2570 instructum,

276 2576 394 2605 contra
417 2572 582 2606 Romanos
613 2573 765 2617 protinus
788 2571 907 2606 emisit.
952 2572 1143 2618 Imperator
1172 2579 1284 2608 autem
1311 2572 1530 2607 divinissimus
1555 2573 1725 2617 Trajanus

275 2617 320 2650 de
342 2617 391 2651 his
414 2617 540 2652 certior
564 2618 694 2659 factus,
718 2617 788 2651 sine
811 2628 904 2651 mora
925 2618 1050 2652 bellum
1073 2622 1191 2664 parat3
1215 2623 1250 2652 et
1272 2618 1402 2663 ingenti
1422 2618 1602 2653 instructus
1625 2629 1725 2652 exer-

276 2662 368 2703 citu,
391 2662 612 2697 Senatoribus
636 2663 735 2697 etiam
757 2662 914 2709 stipatus,
937 2663 1026 2697 inter
1049 2675 1130 2708 quos
1154 2675 1288 2709 quoque
1312 2667 1388 2698 erat
1410 2663 1590 2706 Adrianus,
1612 2663 1723 2709 neptis

275 2708 433 2749 maritus,
464 2719 549 2742 anno
573 2708 706 2754 imperii
729 2708 779 2742 sui
800 2719 871 2751 ΧΠ,
902 2720 1013 2743 mense
1035 2709 1338 2755 Hyperberetaeo,
1364 2710 1436 2744 sive
1459 2708 1625 2751 Octobri,
1649 2718 1723 2743 cum

275 2753 343 2786 suis
366 2753 473 2788 Roma
496 2753 619 2796 solvit,
657 2754 777 2788 Persas
800 2754 889 2789 bello
924 2765 1150 2799 aggressurus.
1211 2755 1262 2788 Ad
1287 2759 1402 2800 partes
1424 2766 1507 2789 vero
1532 2754 1722 2789 Orientales

278 2799 448 2850 appulsus,
473 2810 582 2833 mense
605 2800 803 2845 Appelhaeo,
826 2799 897 2834 sive
918 2799 1116 2843 Decembri,
1139 2800 1183 2835 ad
1206 2800 1394 2834 Seleuciam
1417 2799 1557 2844 Syriae,
1580 2811 1601 2834 a
1622 2797 1723 2834 stati·-

277 2854 329 2878 ws
350 2844 493 2890 Bytyllii
513 2844 632 2889 dictis,
665 2845 752 2892 (qui
773 2851 889 2892 portus
912 2848 964 2881 est
985 2845 1117 2882 nativus
1140 2857 1252 2892 prope
1273 2845 1510 2890 Seleuciam)
1542 2845 1634 2891 ipse,
1663 2854 1723 2878 ce·
