1838 3230
294 186 389 232 108
679 179 964 226 IOANNIS
994 177 1350 239 MALALAE

290 299 453 349 Χαλίας
478 300 521 342 ἐκ
543 301 719 357 Τρίκκης
738 299 813 342 σὺν
832 302 948 355 νηυσὶ
967 298 1026 355 μ’,
1060 302 1267 352 Λεοντεὺς
1293 301 1359 345 καὶ
1378 301 1730 360 Πολυπῆτηςισὺν

291 370 408 423 νηυσὶ
430 365 487 421 μ’,
527 368 798 425 Ἀμφιγενειάς
827 368 870 418 ἐξ
898 367 1017 412 Ἰλίου
1049 369 1123 412 σὺν
1152 372 1269 425 νηυσὶ
1296 369 1376 426 μγ’,
1421 371 1672 421 Μενεσθεὺς
1689 372 1731 422 ἐξ

284 435 471 490 Ἀθηνῶν
491 438 605 490 νηυσὶ
627 434 676 488 ν’,
709 435 929 488 Ἰδομενεὺς
958 439 1023 479 καὶ
1047 436 1256 493 Μηριόνης
1286 439 1327 480 ἐκ
1348 436 1515 494 Κρήτης
1539 439 1612 482 σὺν
1632 451 1732 494 νηυ-

144 492 177 526 0
203 492 271 572 ¹3ss
295 506 357 546 σὶν
378 502 433 556 π’,
464 503 683 553 Ὀδυσσεύς
701 505 744 545 ἐκ
767 506 1024 560 Κεφαληνίας
1049 504 1214 560 Ἰθάκης
1237 506 1311 548 σὺν
1341 508 1482 562 νηυσὶν
1508 505 1578 560 ιβ’,
1618 510 1733 562 Τλη-

294 570 468 626 πόλεμος
494 571 568 614 σὺν
598 573 737 626 νηυσὶν
768 570 828 624 θ’,
865 573 976 621 Αἴας
1004 571 1213 628 ὖΛοκρός
1243 574 1317 616 σὺν
1346 576 1485 629 νηυσὶν
1511 572 1572 627 θ’,
1600 573 1764 629 Ἀχιλ-5

291 639 382 688 λεὺς
415 640 458 681 ἐκ
490 643 562 681 τοῦ
586 638 755 695 Ἄργους
789 644 861 694 τῆς
884 638 1077 691 Ἑλλάδος
1106 641 1180 683 σὺν
1201 641 1431 700 Πατρόκλῳ
1451 642 1526 685 σύν
1544 644 1662 698 νηυσὶ
1679 641 1731 695 ν’,

291 709 581 764 Πρωτεσίλαος
603 709 668 749 καὶ
687 705 911 763 Ποδάρκης
931 708 1006 750 σὺν
1025 711 1141 764 νηυσὶ
1159 708 1217 763 μ’,
1253 708 1514 765 Παλαμήδης
1535 711 1609 753 σῦν
1633 727 1734 765 νηυ-

293 777 332 816 σὶ
353 773 422 828 ιβ’,
462 773 714 830 Φιλοκτήτης
731 776 773 816 ἐκ
793 773 1000 831 Μοθόνης
1030 777 1103 819 σὺν
1133 779 1270 831 νηυσὶν
1297 776 1375 831 κβ’,
1412 777 1614 834 Σώρθης,
1654 771 1740 822 Φίέ

292 846 459 896 λιππος,
485 842 676 900 Ἄντιφος
708 843 782 886 σὺν
805 845 944 898 νηυσὶν
971 842 1047 899 οη’.
1118 845 1160 887 αἱ
1188 849 1314 888 πᾶσαι
1331 850 1422 901 νῆες
1438 844 1733 900 τῶνἙλλήνων

294 909 409 969 Ιασν’.
465 912 509 953 οἳ
524 911 777 953 ἀπέπλευσαν
796 912 900 954 κατὰ
919 912 970 954 τὰ
992 913 1076 955 ἴδια
1094 915 1283 966 μανδᾶτα
1303 918 1463 969 πρῶτον
1482 916 1537 964 εἷς
1552 914 1624 968 τὴν
1639 913 1734 956 Ati-
1745 923 1788 956 10

173 987 205 1020 V
229 985 273 1022 45
298 981 389 1020 λίδα
414 977 576 1035 χώραν,
613 979 797 1022 κάκεῖθεν
823 979 1052 1030 ἐπιστάντες
1069 986 1118 1037 τῇ
1135 979 1250 1040 χώρα
1273 986 1354 1024 τῶν
1379 985 1551 1037 Φρυγῶν
1573 980 1736 1036 ἐξεπόρ-

293 1052 433 1101 θησαν
474 1047 527 1089 τὰ
569 1047 703 1090 αὐτῶν
742 1050 949 1101 βασίλεια,
989 1047 1044 1098 ὥς
1078 1049 1393 1105 προγέγραπται,
1429 1048 1736 1104 παραλαβόντες

293 1117 486 1170 Πρίαμον
514 1116 684 1167 βασιλέα
713 1118 777 1158 καὶ
810 1115 1074 1173 φονεύσαντες
1098 1117 1220 1159 αὐτὸν
1243 1119 1308 1159 καὶ
1332 1115 1507 1171 Ἑκάβην
1525 1119 1731 1171 βασιλίδα,

294 1183 390 1232 τούς
409 1184 451 1225 δὲ
473 1183 605 1225 αὐτῶν
631 1186 780 1232 παῖδας
803 1183 1085 1237 αῗχμαλώτους
1112 1183 1318 1241 εἰληφότες
1337 1187 1403 1227 καὶ
1425 1182 1556 1228 πάντα
1579 1185 1634 1228 τὰ
1654 1189 1735 1238 βα-

296 1252 421 1292 σίλεια
444 1249 759 1303 διαρπασάμενοι
779 1250 1037 1307 ὑπέστρεψαν
1059 1256 1113 1302 εἷς
1132 1253 1206 1302 τὰς
1229 1255 1334 1302 ἰδίας
1346 1251 1497 1308 χώρας.
1546 1253 1734 1307 κατέσχεν
1747 1259 1790 1295 15

297 1314 367 1360 οὖν
384 1317 407 1372 ἦ
430 1319 613 1372 βασιλεία
630 1318 797 1373 Ἐφέσου
819 1323 890 1373 τῆς
904 1319 1038 1370 Ἀσίας
1054 1319 1187 1375 πάσης
1205 1323 1271 1363 καὶ
1293 1322 1443 1378 Τροίης
1460 1325 1533 1376 τῆς
1555 1322 1736 1378 Φρυγίας
1764 1311 1768 1314 ’

295 1387 346 1428 τὰ
368 1385 500 1428 πάντα
522 1386 588 1440 ἔτη
615 1384 720 1430 wlff.

147 1464 179 1497 Ο
208 1465 272 1500 137
396 1454 520 1497 ,Μετὰ
542 1450 612 1496 οὖν
631 1454 703 1508 τὴν
725 1453 875 1497 ἅλωσιν
893 1460 964 1510 τῆς
987 1457 1137 1511 Τροίης
1156 1454 1301 1505 πάντες
1321 1456 1359 1498 οἳ
1388 1455 1538 1510 Ἀχαιοὶ
1567 1454 1737 1513 μερισά-

293 1539 406 1576 μενοι
437 1522 510 1576 τὴν
540 1524 715 1577 πραΐδαν
741 1524 806 1564 καὶ
832 1523 884 1565 τὰ
909 1520 1121 1578 χρήμῖιτα,
1160 1526 1378 1578 ἐξορμῆσαι
1407 1522 1646 1578 βουλόμενοι
1674 1525 1737 1566 ἐπὶ

294 1590 368 1639 τὰς
388 1591 494 1639 ἰδίας
514 1591 735 1646 πατρίδας,
771 1590 844 1639 τὰς
874 1596 971 1640 ναῦς
1005 1590 1158 1634 ἑαυτῶν
1191 1590 1491 1645 ἑτοιμάσαντες,
1533 1591 1627 1634 ἔνιοι
1661 1593 1791 1646 amo

242 1666 272 1700 Β
297 1657 570 1710 ἀπέπλευσαν,
608 1660 774 1714 φανεροὶ
794 1659 837 1700 δὲ
854 1659 1139 1716 προσέμειναν,
1174 1659 1357 1708 Αἴαντος
1381 1663 1453 1702 τοῦ
1474 1662 1735 1713 Τελαμωνίου

292 1727 360 1768 καὶ
388 1725 616 1774 Ὀδυσσέως
639 1727 702 1767 καὶ
725 1724 960 1780 Διομήδους
986 1729 1041 1777 εἷς
1066 1725 1200 1782 μάχην
1222 1725 1439 1770 ἐλθόντων.
1511 1725 1532 1770 ὅ
1555 1727 1633 1785 γὰρ
1658 1732 1734 1770 Τε-

386 1835 419 1869 8.
453 1832 530 1880 κβ’]
564 1834 722 1868 Omisisse
752 1835 907 1868 nonnulla
936 1834 1073 1869 videtur
1096 1835 1186 1870 Ox.:
1217 1834 1298 1869 vide
1319 1834 1634 1881 interpretationem
1655 1835 1736 1870 lati-

384 1890 471 1913 nam.
563 1881 620 1915 21.
651 1882 876 1924 Τελαμονίου
900 1881 968 1915 Ox.

298 1968 444 2010 Tricca,
468 1980 545 2003 cum·
565 1970 705 2005 navibus
730 1983 786 2005 xn.
818 1972 1004 2014 Leonteus,
1027 1976 1063 2006 et
1084 1972 1286 2017 Polypetes‚
1311 1982 1384 2005 cum
1406 1970 1547 2004 navibus
1570 1981 1626 2004 η.
1657 1971 1738 2005 Am-

297 2014 492 2060 phigenias,
529 2027 570 2048 ex
594 2016 674 2055 Ilio,
699 2029 771 2051 cum
791 2017 932 2051 navibus
955 2028 1054 2051 xmn.
1101 2017 1313 2051 Menestheus
1337 2028 1379 2050 ex
1396 2015 1555 2057 Athenis,
1579 2027 1653 2050 cum
1675 2028 1737 2050 na-

296 2059 395 2093 vibus
417 2070 450 2092 L.
498 2060 714 2103 Idomeneus,
750 2067 786 2095 et
808 2063 999 2104 Meriones,
1037 2074 1077 2097 ex
1101 2063 1226 2105 Creta,
1257 2073 1332 2096 cum
1353 2062 1494 2096 navibus
1515 2072 1598 2096 xxc.
1643 2061 1738 2095 Ulis-

298 2116 370 2146 ses,
394 2116 436 2138 ex
459 2104 577 2138 Ithaca
600 2106 843 2150 Cephaleffiae,
876 2120 949 2142 cum
973 2108 1110 2142 navibus
1133 2119 1194 2142 ΧΠ.
1242 2107 1474 2152 Tlepolemus,
1499 2118 1572 2141 cum
1594 2107 1737 2142 navibus

299 2161 346 2183 1x.
394 2150 480 2193 Ajax
502 2150 694 2192 Locrensis,
728 2164 801 2186 cum
829 2154 968 2187 navibus
991 2164 1038 2187 1x.
1083 2154 1250 2194 Achilles,
1283 2158 1319 2186 et
1341 2153 1537 2193 Patroclus,
1571 2163 1615 2186 ex
1638 2152 1738 2196 Argis

298 2195 471 2236 Helladis,
513 2207 585 2229 cum
614 2196 754 2230 navibus
777 2209 810 2231 L.
857 2199 1081 2239 Protesilaus,
1116 2202 1153 2232 et
1185 2198 1372 2239 Podarces,
1407 2209 1481 2231 cum
1513 2197 1652 2232 navibus
1679 2208 1736 2231 η.

298 2240 515 2282 Palamedes,
539 2252 610 2275 cum
634 2242 774 2276 navibus
798 2254 857 2276 ΧΠ.
903 2243 1129 2285 Philoctetes,
1154 2255 1195 2277 ex
1213 2243 1398 2285 Mothone,
1422 2254 1497 2276 cum
1519 2243 1658 2277 navibus
1674 2253 1737 2276 x11.

298 2285 450 2326 Nereus,
486 2296 527 2319 ex
557 2286 757 2328 Perrhebis,
793 2300 867 2321 cum
899 2289 1038 2322 navibus
1070 2300 1155 2322 xxn.
1209 2288 1371 2331 Sorthes,
1406 2287 1599 2333 Philippus,
1635 2294 1737 2331 atque

299 2331 484 2375 Antiphus,
527 2343 599 2365 cum
629 2331 771 2366 navibus
800 2344 944 2366 Lxxvm.
993 2335 1083 2368 Sunt
1113 2338 1224 2368 autem
1258 2345 1370 2368 omnes
1393 2334 1602 2367 Graecorum
1634 2343 1736 2366 naves

298 2388 437 2410 numero
460 2387 563 2410 Mccn.
610 2377 737 2411 Graeci
760 2389 860 2418 vero,
892 2379 992 2421 juxta
1015 2390 1057 2412 ac
1078 2379 1168 2413 inter
1189 2391 1224 2413 se
1247 2378 1418 2413 decretum
1441 2379 1572 2418 fuerat,
1595 2377 1737 2411 navibus

296 2421 500 2463 conscensis,
525 2422 558 2455 in
577 2422 724 2456 Aulidem
748 2423 918 2467 regionem
942 2423 1082 2468 primum
1103 2424 1208 2458 delati
1230 2429 1326 2458 sunt:
1350 2423 1430 2458 inde
1451 2433 1534 2464 vero
1551 2422 1737 2467 Phrygiam

297 2467 471 2512 aggressi,
494 2467 701 2512 vastatisque
723 2468 895 2512 Phrygum
919 2469 1132 2512 regionibus,
1156 2470 1205 2502 nti
1228 2469 1379 2513 superius
1402 2468 1546 2508 dictum,
1566 2468 1736 2502 Priamum

296 2524 432 2556 regem,
465 2512 706 2558 Hecubamqne
726 2515 877 2556 reginam
907 2514 980 2547 neci
1004 2513 1188 2547 dederunt:
1227 2513 1407 2557 liberisque
1429 2524 1543 2547 eorum
1567 2512 1735 2553 abductis,

297 2559 483 2602 opibusque
514 2558 686 2603 Phrygum
714 2558 854 2603 direptis
885 2559 1031 2592 omnibus
1059 2558 1188 2592 reversi
1219 2563 1294 2592 sunt
1326 2557 1467 2602 quisque
1497 2558 1532 2591 in
1563 2559 1736 2603 regionem

298 2615 399 2636 suam.
447 2603 593 2637 Duravit
614 2606 731 2649 itaque
752 2615 891 2648 regnum
915 2604 1137 2648 Ephesinum‚
1161 2603 1251 2645 quod
1273 2603 1403 2646 Trojae
1421 2603 1635 2648 Phrygianae
1657 2603 1735 2644 fuit,

297 2654 401 2692 atque
424 2649 524 2682 Asiae
547 2649 668 2692 totius,
691 2650 727 2683 in
749 2652 933 2683 universum
957 2660 1060 2682 annos
1082 2658 1224 2682 ccmxrx.

387 2693 497 2737 Troja
520 2699 640 2738 capta,
675 2694 796 2739 Argivi
827 2694 952 2739 praeda
986 2693 1073 2727 omni
1109 2692 1323 2738 pecuniisque
1345 2691 1436 2727 inter
1458 2705 1493 2728 se
1515 2692 1628 2727 divisis
1649 2692 1734 2726 clas·

296 2749 363 2771 sem
388 2739 617 2781 adornabant,
654 2739 689 2773 in
721 2739 863 2785 patriam
887 2739 1026 2783 quisque
1050 2750 1140 2772 suam
1171 2738 1348 2771 reversuri.
1395 2739 1610 2772 solventibus
1629 2737 1735 2781 igitur

297 2783 484 2825 nonnullis,
506 2790 737 2819 remanserunt
760 2790 877 2827 tamen,
894 2783 1043 2828 plurimi,
1067 2784 1110 2816 ob
1135 2782 1380 2817 contentionem
1401 2783 1491 2818 inter
1512 2785 1648 2827 Ajacem
1663 2782 1735 2816 Te-

298 2827 496 2871 lamonium,
520 2830 683 2873 Ulissem,
707 2841 747 2865 ac
763 2829 975 2873 Diomedem,
1000 2829 1161 2864 obortam.
1207 2828 1293 2873 Ajax
1318 2828 1403 2863 enim
1421 2828 1634 2864 Telamonius
1654 2827 1735 2862 Pal-
