1838 3230
272 205 340 255 50
673 198 968 247 IOANNIS
998 201 1335 247 MALALAE

273 319 463 376 βασιλεὺς
492 321 667 376 Θηβῶν,
705 318 817 375 ἴσχεν
842 319 931 362 υἱὸν
952 316 1145 374 Ἰὥκκαν,
1179 319 1580 376 μετακληθέντατόν
1600 317 1725 365 αὐτὸν

273 388 560 447 προειρημένον
584 389 798 432 Οἷδίποδα.
861 388 926 430 καὶ
945 390 1299 445 χρησμοδοτηθεὶς
1327 388 1389 432 ὅτι
1413 393 1465 446 τῇ
1489 389 1574 449 ἰδίᾳ
1597 387 1725 432 αὐτοῦ

272 449 396 513 μητρὶ
419 455 606 514 Ἰοκάστῃ
635 453 950 512 συμμιγήσεται,
988 456 1164 500 ἐκέλευσε
1192 464 1276 507 τοῖς
1294 457 1594 513 παραμένουσιν
1612 454 1725 516 αὐτῷ’

274 523 544 582 στρατιώταις
572 529 711 577 λαβεῖν
730 524 802 569 τὸν
831 523 954 567 αὐτὸν
981 526 1181 568 Οἶδίποδα
1203 527 1258 576 εἷς
1276 525 1352 576 τὰς
1369 525 1492 578 ὕλας,
1529 524 1598 567 καὶ
1620 527 1725 580 βλη-

275 598 402 648 θῆναι
430 593 526 642 τοὺς
553 591 685 642 πόδας
712 591 839 635 αὐτοῦ
867 592 907 635 ἓν
935 589 1040 650 ξύλῳ
1064 592 1252 650 γλυφέντι
1281 596 1347 636 καὶ
1379 593 1508 649 ἔχοντι
1530 591 1634 643 ὀπὰς
1656 593 1723 635 καὶ
1733 607 1758 642 5

275 660 488 716 ἧλωθῆναι
516 660 562 703 τὸ
593 658 733 711 ξύλον·
769 661 811 711 ἐξ
833 659 959 703 αὐτοῦ
980 656 1052 704 οὗν
1076 659 1321 717 ἐπινενόηται
1345 660 1365 704 ὅ
1387 659 1597 718 λεγόμενος
1613 660 1727 718 παρὰ

276 736 362 778 τοῖς
390 726 658 785 στρατιώταις
686 728 759 779 ’ἕως
790 732 862 783 τῆς
884 733 956 772 νῦν
977 733 1174 779 κοῦσπος·
1211 731 1277 773 καὶ
1306 728 1544 786 ποιήσαντες
1563 726 1620 778 ὦς
1642 729 1725 771 ἐκε-

276 796 510 852 λεύσθησαν
531 797 570 839 οἳ
588 801 834 854 στρατιῶται
853 797 990 840 εἴασαν
1009 797 1080 840 τὸν
1095 798 1294 841 Οἰδίποδα
1315 800 1370 848 εἲς
1386 798 1459 849 τὰς
1479 796 1595 851 ῧλας,
1617 794 1728 847 ὅπως

224 880 256 914 1)
280 863 566 921 θηριόβρωτος
595 865 767 920 γένηται.
838 867 904 907 καὶ
935 863 1069 908 ἐλθών
1094 882 1155 915 τις
1184 865 1369 922 ἄγροικος
1403 863 1571 921 ὀνόματι
1591 865 1727 909 Μελί-

274 939 388 988 βοιος
411 934 474 975 ἐπὶ
500 933 572 988 τὴν
602 932 705 989 ὕλην
732 930 861 987 κόψαι
885 931 1007 986 ξύλα,
1047 928 1159 990 εὗρεν
1183 934 1306 977 αὐτὸν
1326 931 1547 990 συρόμενον
1567 933 1631 977 ἐπὶ
1652 932 1725 988 ’τὴν
1739 948 1783 984 10

275 1006 350 1057 γῆν
369 1003 436 1044 καὶ
454 1001 548 1051 τοὺς
567 999 698 1052 πόδας
720 1001 845 1044 αὐτοῦ
864 1002 1130 1058 ὀγκωθέντας.
1201 1003 1267 1045 καὶ
1285 1002 1423 1055 λαβὼν
1441 1003 1482 1045 ἓν
1501 996 1527 1059 ᾗ
1547 999 1727 1056 ἐβάστα-

276 1071 337 1122 ζεν
363 1069 478 1126 ἀξίνῃ
507 1068 648 1112 {mame
673 1069 720 1112 τὸ
751 1067 869 1120 ξύλον
897 1069 998 1113 ὅπου
1027 1068 1254 1127 ἓσφάληντο
1279 1071 1318 1114 οἳ
1338 1070 1463 1114 αὐτοῦ
1489 1068 1631 1122 πόδες,
1659 1071 1727 1112 καὶ

149 1147 181 1180 Ο
206 1147 252 1182 60
275 1137 413 1192 λαβὼν
433 1137 557 1179 αὐτὸν
573 1138 834 1194 ἀνεθρέψατο
846 1171 859 1191 ,
893 1138 1065 1189 καλέσας
1085 1139 1208 1182 αὐτὸν
1235 1140 1435 1182 Οἰδίποδα
1458 1138 1526 1181 διὰ
1543 1137 1592 1180 τὸ
1611 1135 1727 1180 οἶδά-

275 1223 353 1249 νειν
374 1205 469 1255 τοὺς
489 1203 619 1255 πόδας
638 1206 764 1249 αὐτοῦ
778 1220 787 1229 ·
822 1208 888 1249 καὶ
911 1206 1058 1263 ἐγένετο
1077 1213 1255 1263 γενναΐος
1272 1207 1476 1263 αὐξηθείς.
1548 1207 1590 1249 ἓν
1613 1206 1657 1249 δὲ
1675 1209 1727 1263 τῇ

272 1272 390 1332 χώρα
420 1275 545 1330 ἐκείνῃ
572 1272 750 1331 ἀνεφάνη
775 1272 874 1330 γυνή
902 1292 963 1325 τις
989 1273 1098 1332 χήρα
1133 1273 1300 1331 ὀνόματι
1333 1275 1487 1332 Σφίγξ,
1525 1271 1724 1329 δυσειδής,
1741 1290 1782 1325 15

274 1340 567 1396 κατάμασθος,
601 1340 775 1398 χωρική”
812 1341 900 1397 ἥτις
925 1343 1028 1397 μετὰ
1058 1343 1130 1398 τὴν
1157 1343 1366 1399 ἀποβολὴν
1387 1347 1460 1386 τοῦ
1479 1344 1582 1385 ἴδιόυ
1602 1341 1728 1396 αὐτῆς

275 1411 424 1466 ἀνδρὸς
454 1415 739 1466 συναγαγοῦσα
767 1415 928 1465 πλῆθος
957 1411 1154 1468 ἀγροίκων
1183 1416 1342 1469 λῃστῶν
1363 1408 1604 1469 ὅμοφρόνων
1623 1409 1726 1467 αὐτῇ

274 1479 316 1521 ἓν
338 1482 388 1535 τῇ
411 1480 494 1537 ἰδίᾳ
515 1478 642 1533 αὐτῆς
663 1476 778 1536 κώμῃ
800 1483 851 1536 τῇ
873 1480 1063 1536 λεγομένῃ
1082 1477 1275 1537 Μωάβῃ,
1312 1480 1468 1537 κειμένῃ
1504 1479 1548 1522 δὲ
1575 1478 1726 1534 μεταξὺ

274 1543 347 1588 δύο
381 1546 529 1602 ὀρέων,
568 1544 740 1601 ἐχόντων
762 1548 802 1589 ἐν
823 1547 934 1606 μέσῳ
965 1548 1106 1603 στενὴν
1130 1547 1225 1591 ὁδὸν
1246 1548 1344 1602 μιάν
1363 1546 1518 1604 μόνην,
1554 1548 1621 1589 καὶ
1652 1564 1727 1589 κα-

222 1626 255 1660 Ε
278 1613 436 1669 θημένη
458 1614 499 1656 ἒν
520 1618 571 1670 τῇ
597 1618 673 1674 μιᾷ
695 1619 854 1672 κορυφῇ
879 1619 951 1658 τοῦ
973 1615 1116 1673 ὅρους,
1153 1616 1301 1671 ἔχουσα
1322 1616 1396 1671 τὴν
1421 1614 1507 1671 ἅμα
1528 1614 1631 1672 αὐτῇ
1651 1618 1783 1672 λῃ-ρο

275 1682 441 1739 στρικὴν
469 1688 584 1738 χεῖρα
595 1713 609 1734 ,
647 1685 714 1724 καὶ
741 1681 898 1732 πάντας
917 1684 1013 1733 τοὺς
1031 1682 1249 1741 παριόντας
1270 1682 1512 1741 ὁδοιπόρους
1532 1684 1599 1726 καὶ
1619 1700 1727 1739 πρα-

273 1750 500 1806 γματευτὰς
529 1748 716 1806 ἐφόνευσε
745 1753 810 1793 καὶ
839 1751 890 1793 τὰ
920 1751 1055 1794 αὐτῶν
1080 1750 1213 1794 πάντα
1231 1753 1443 1806 ἐκομίζετο.
1501 1749 1596 1811 ᾈῆτις
1616 1768 1726 1808 περι-

274 1815 592 1874 βόητοςέἒγένετο
613 1820 668 1868 εἷς
686 1818 761 1868 τὰς
775 1817 931 1874 Θήβας,
970 1822 1036 1862 καὶ
1053 1824 1214 1864 πολλῶν
1234 1818 1482 1871 ἐξελθόντων
1500 1824 1583 1863 τῶν
1599 1834 1727 1877 στρα-

368 1937 398 1971 1.
428 1933 597 2017 Ἰώκκανλ
627 1934 746 1973 ’Ῑοκᾶν
775 1938 965 1980 cedrenus,
992 1937 1174 1977 Ἰόκαστον
1206 1939 1445 1975 Valckenarius
1477 1939 1522 1975 ad
1554 1938 1727 1974 Phoeniss-

366 1993 401 2017 v.
424 1984 482 2017 27.
598 2008 607 2016 .
631 1984 774 2030 λαβεῖν]
802 1985 896 2019 Fort.
921 1986 1057 2031 βαλεῖν.

275 2085 330 2116 tre
351 2093 422 2116 rem
445 2082 638 2118 habiturum
661 2097 744 2127 esse,
767 2085 927 2120 militibus
951 2085 1160 2122 adstantibus
1182 2088 1345 2133 imperat,
1369 2086 1421 2121 uti
1438 2086 1606 2132 Oedipum
1622 2086 1725 2123 filium

274 2128 310 2161 in
332 2127 444 2171 sylvas
475 2128 721 2174 deportarent3
760 2131 929 2176 pedesque
953 2134 1024 2176 ejus
1055 2134 1089 2166 in
1112 2134 1278 2168 foramina
1299 2132 1384 2177 ligni
1414 2132 1582 2179 perforati
1604 2132 1726 2167 immit-

276 2178 407 2214 tentes,
441 2172 544 2209 clavis
566 2175 727 2209 munitum
758 2177 950 2210 redderent.
998 2178 1086 2213 Hinc
1110 2184 1220 2213 autem
1253 2179 1411 2213 habemus
1442 2177 1605 2213 tormenti
1638 2178 1726 2212 illius

275 2218 466 2260 inventum,
502 2219 594 2264 quod
625 2232 645 2254 a
676 2221 833 2255 militibus
864 2233 968 2267 usque
999 2224 1111 2257 adhuc
1147 2225 1276 2269 Cuspus
1307 2228 1458 2259 vocatur.
1504 2223 1634 2258 Milites
1664 2234 1726 2257 au·-

275 2267 343 2298 tem
366 2264 455 2308 regis
479 2264 570 2299 dicto
595 2266 788 2308 audientes,
817 2267 984 2311 Oedipum
1007 2269 1043 2302 in
1065 2269 1166 2313 sylvis
1190 2274 1439 2314 exposuerunt,
1470 2280 1490 2303 a
1513 2269 1596 2304 feris
1620 2269 1725 2303 devo-

276 2308 428 2344 randum.
473 2310 513 2344 In
543 2310 670 2355 sylvam
701 2317 813 2346 autem
845 2314 979 2347 veniens
1010 2314 1164 2349 Rusticus
1190 2315 1328 2360 quidam
1360 2315 1492 2350 nomine
1522 2314 1724 2355 Meliboeus,

276 2358 316 2388 ut
337 2355 430 2398 ligna
452 2356 631 2398 caederet3
669 2357 815 2402 puellum
841 2357 972 2392 invenit
1002 2359 1037 2392 in
1068 2364 1163 2394 terra
1195 2360 1399 2396 volutantem
1429 2359 1639 2405 pedibusque
1667 2364 1725 2393 tu-

277 2401 466 2435 mefactum.
512 2401 574 2436 Ille
598 2413 676 2436 vero
700 2404 827 2444 securi,
868 2415 967 2447 quam
990 2403 1024 2437 in
1047 2417 1145 2439 manu
1168 2406 1337 2448 habebat,
1371 2406 1497 2459 lignum
1518 2404 1623 2446 illud,
1658 2415 1724 2449 quo

278 2445 379 2489 pueri
399 2446 503 2491 pedes
525 2447 678 2493 impediti
706 2453 823 2490 erant,
859 2449 1093 2494 confringens,
1129 2463 1269 2496 puerum
1292 2451 1451 2492 dedum,
1488 2449 1646 2495 domique
1668 2461 1724 2484 se-

279 2502 353 2524 cum
376 2491 555 2535 enutrivit;
580 2492 784 2539 'Oedipum‚
818 2505 838 2526 a
860 2494 982 2539 pedum
1005 2499 1138 2529 tumore
1162 2496 1352 2540 appellans:
1385 2496 1445 2540 qui
1467 2499 1586 2540 postea
1607 2495 1725 2530 adole-

279 2536 426 2570 scentior
448 2538 579 2579 factus,
601 2538 773 2583 egregiam
796 2550 879 2584 prae
900 2551 936 2573 se
958 2541 1093 2574 ferebat
1113 2541 1267 2575 indolem.
1313 2542 1401 2575 Erat
1417 2546 1529 2575 autem
1550 2540 1586 2575 in
1608 2540 1724 2585 regio-

278 2592 322 2614 ne
344 2582 402 2616 ina
423 2582 541 2617 mulier
571 2584 735 2628 quaedam
758 2584 921 2629 agrestis,
954 2585 1085 2619 nomine
1109 2586 1262 2630 Sphinx3
1303 2586 1462 2621 deformis
1491 2586 1551 2620 illa
1574 2586 1722 2631 quidem,

278 2630 315 2659 et
337 2638 512 2662 mammosa
534 2629 655 2664 vidua:
689 2640 795 2675 quae,
819 2636 896 2675 post
917 2630 1030 2664 mariti
1053 2631 1199 2673 obitum,
1223 2631 1468 2666 multitudinem
1491 2635 1651 2677 coegerat
1671 2631 1724 2665 la-

279 2674 412 2705 tronum
443 2674 624 2717 agrestium
654 2676 771 2719 suique
794 2674 965 2716 similium,
1002 2687 1044 2709 ex
1066 2676 1142 2710 vico
1166 2688 1246 2718 suo,
1278 2677 1403 2711 Moabe
1427 2678 1540 2718 dicto3
1571 2676 1630 2722 qui
1653 2688 1723 2711 me-

280 2715 353 2749 dius
382 2718 522 2761 jacebat
542 2720 632 2754 inter
665 2721 748 2755 duos
769 2724 914 2762 montes,
955 2721 1045 2755 inter
1067 2733 1150 2767 quos
1172 2722 1288 2757 unicus
1322 2727 1399 2756 erat
1421 2727 1579 2767 angustus
1600 2721 1720 2757 aditus.

279 2760 343 2794 Illa
365 2773 446 2796 vero
469 2769 636 2810 occupato
660 2767 767 2801 altero
790 2766 910 2802 montis
931 2766 1080 2809 vertice,
1113 2778 1186 2801 cum
1211 2768 1435 2813 praedonibus
1458 2768 1545 2810 suis,
1568 2767 1722 2811 negotia—

277 2808 369 2840 tores
408 2812 444 2842 et
477 2809 624 2846 viatores
667 2823 881 2857 quoscunque
919 2811 998 2846 illac
1035 2817 1291 2866 praetereuntes
1332 2814 1529 2856 interfecit,
1568 2823 1722 2858 quaeque

278 2850 467 2894 habuerunt
489 2856 597 2891 onmia
620 2856 777 2904 diripuit:
818 2857 906 2893 unde
928 2858 1016 2893 fama
1035 2858 1125 2893 1llius
1147 2869 1210 2904 pet
1234 2859 1371 2903 Thebas
1404 2863 1492 2896 totas
1515 2857 1721 2906 percrebuit.
