1838 3230
413 166 1046 227 cn'RoNoGRAPHIA.
1105 179 1152 222 L.
1181 177 1236 222 x.
1453 182 1555 231 237

93 306 162 349 καὶ
189 300 442 357 λυπούμενος
471 302 540 346 διὰ
574 301 645 346 τὸν
672 299 863 357 Ἰωάννην
893 299 914 346 ὃ
946 300 1070 351 αὐτὸς
1097 297 1288 356 βασιλεὺς
1312 295 1503 356 Ἡρώδης
1533 296 1556 341 ὅ

94 371 282 431 δεύτερος
316 371 338 416 ὅ
371 373 576 416 Φιλίππου
608 371 784 426 ἀνῆλθεν
802 371 882 414 ἀπὸ
903 375 976 427 τῆς
996 368 1150 419 πόλεως
1166 373 1381 424 Σεβαστῆς
1400 369 1442 411 ἐν
1459 371 1558 411 Πα-

93 440 207 501 νεάδι
229 439 343 486 πόλει
364 445 438 496 τῆς
457 440 671 490 Ἰουδαίας.
743 442 810 483 καὶ
833 444 1068 496 προσῆλθεν
1093 438 1204 495 αὐτῷ
1225 436 1326 494 γυνή
1349 454 1411 487 τις
1435 437 1559 479 εὐπο-

97 508 284 568 ρωτάτη,
315 512 482 553 οἰκοῦσα
508 508 582 564 τὴν
607 508 734 564 αὐτὴν
753 507 951 551 Πανεάδα
976 506 1115 560 πόλιν,
1154 504 1322 562 ὀνόματι
1342 506 1555 563 Βερονίκη,

61 586 84 622 5
93 579 324 636 βουλομένη
354 576 409 628 ῶς
436 580 602 621 ῗαθεΐσα
631 575 712 620 ὖπό
740 582 814 620 τοῦ
836 577 971 633 Ἰησοῦ
1004 574 1157 632 στήλην
1181 575 1292 635 αὐτῷ
1316 575 1556 630 ἀναστῆσαι.
1583 582 1618 619 Ο
1641 585 1711 622 306

94 650 163 691 καὶ
190 647 250 704 μὴ
277 650 470 702 τολμῶσα
497 647 592 702 δίχα
621 650 834 701 βασιλικῆς
858 644 1072 695 κελεύσεως
1089 650 1210 688 τοῦτο
1232 649 1400 700 ποιῆσαι
1422 643 1559 699 δέησιν

95 717 268 760 ἐπέδωκε
299 721 357 775 τῷ
390 715 502 773 αὗτῷ
529 713 696 772 Ἡρώδῃ
725 719 907 769 βασιλεῖ,
946 717 1118 757 αἰτοῦσα
1150 714 1380 768 ἀναστῆσαι
1405 710 1559 768 στήλην

94 789 155 844 τῷ
168 788 327 841 σωτῆρι
346 787 519 842 Χριστῷ
539 785 581 826 ἐν
599 788 650 841 τῇ
674 783 778 841 αὐτῇ
798 782 924 827 πόλει.
994 783 1083 837 ῆτις
1105 783 1240 838 δέησις
1262 782 1340 837 ἔχει
1361 780 1504 831 οὕτως.

196 857 394 911 Σεβαστῷ
423 849 591 909 Ἡρώδῃ
622 851 807 909 τοπάρχῃ
837 853 904 895 καὶ
936 850 1171 909 θεσμοδότῃ
1195 851 1405 894 Ἰουδαίων
1428 867 1471 893 τε
1491 851 1558 892 καὶ
1582 856 1614 890 C

39 919 307 977 1οἙλλήνων,
335 925 502 977 βασιλεῖ
512 925 586 976 τῆς
608 922 912 978 Τραχωνίτιδος
930 918 1083 976 χώρας,
1108 921 1257 970 ἱκεσίας
1273 917 1427 974 δεήσεις
1446 918 1561 976 παρὰ

93 991 315 1048 Βερονίκης
325 1023 338 1043 ,
375 990 650 1045 ἀξιωματικῆς
670 989 825 1039 πόλεως
843 987 1072 1037 Πανεάδος.
1143 985 1378 1043 δικαιοσύνη
1401 989 1468 1030 καὶ
1488 1004 1559 1044 φι-

92 1060 338 1116 λανθρωπία
371 1061 438 1101 καὶ
469 1059 512 1101 αἶ
537 1060 675 1101 λοιπαὶ
701 1063 784 1102 τῶν
814 1058 969 1115 ἀρετῶν
999 1062 1141 1100 πασῶν
1169 1056 1454 1114 περιστὲφουσι
1484 1055 1559 1111 τὴν

91 1126 292 1185 ὑμετέραν
323 1128 444 1170 θείαν
473 1125 670 1184 κορυφήν.
742 1126 842 1170 ὅθεν
883 1126 992 1182 κάγὼ
1018 1130 1150 1169 ταῦτα
1191 1127 1320 1169 εῗδυΐα
1347 1119 1448 1181 ἧκον
1481 1124 1557 1167 σὺν

88 1196 274 1253 ἀγαθαῖς
300 1203 391 1245 ταῖς
419 1197 548 1238 ἐλπίσι
572 1195 734 1246 πάντως
753 1199 837 1238 τῶν
860 1195 1107 1248 αῗτουμένων
1129 1194 1359 1249 τευξομένη,
1428 1194 1490 1243 τίς
1513 1193 1559 1236 δὲ

39 1263 120 1322 1ὅῆ
151 1269 226 1308 τοῦ
254 1263 460 1321 παρόντος
487 1266 702 1321 προοιμίου
742 1265 887 1321 κρηπὶς
920 1263 1073 1320 προΐῶν
1109 1261 1130 1306 ὃ
1169 1261 1288 1319 λόγος
1317 1279 1361 1305 σε
1389 1260 1555 1312 διδάξει.

94 1335 139 1376 ἐκ
156 1331 356 1376 παιδόθεν
383 1337 593 1391 ληφθεῖσα
614 1332 741 1376 πάθει
771 1332 1014 1390 αἶμοῤῥοίας
1041 1332 1190 1386 ὀχετῶν
1221 1333 1275 1382 εἰς
1297 1331 1464 1388 ἰατροὺς
1484 1348 1560 1373 κα·-

91 1399 312 1446 τανάλωσά
331 1419 413 1457 μου
446 1401 517 1444 τὸν
544 1403 636 1457 βίον
672 1404 739 1445 καὶ
767 1401 840 1445 τὸν
858 1405 1037 1444 πλοῦτον
1046 1434 1059 1454 ,
1096 1402 1163 1443 καὶ
1183 1400 1291 1444 ἴασιν
1323 1399 1398 1455 οὐχ
1417 1394 1557 1457 ηὗρον.

185 1502 219 1536 1.
249 1498 313 1535 καὶ
343 1496 571 1544 λυπούμενος
600 1499 691 1545 etc.]
728 1498 790 1535 διοῖ
828 1500 941 1536 τοῦτο
968 1497 1197 1543 λυπούμενος
1220 1495 1239 1535 ὃ
1259 1494 1425 1543 “Ηριόδης
1448 1495 1467 1533 ὁ
1492 1498 1560 1544 βα-

184 1545 306 1588 σιλεῦς
329 1543 349 1582 ὃ
377 1548 419 1582 Φ.
442 1546 593 1580 Ioannes.
710 1548 743 1582 2.
776 1543 915 1587 πόλεως
946 1567 992 1572 -
1019 1544 1224 1590 Ἰουδαίας]
1256 1542 1435 1584 Ἰουδαίας
1456 1543 1560 1577 Ioan-

183 1604 255 1627 nes.
364 1594 403 1628 ·3.
439 1589 698 1638 εὐπορωτάτη]
725 1589 882 1637 εὔπορος
903 1593 1059 1628 Ioannes.
1175 1592 1208 1627 4.
1247 1589 1444 1636 Βερονίκη]
1471 1593 1561 1633 Βερ-

185 1640 268 1684 νίκη
290 1638 434 1674 Ioannes
457 1651 600 1685 semper.
714 1639 748 1673 7.
783 1638 943 1676 ἐπέδωκε
973 1640 1024 1685 τῷ
1056 1635 1179 1684 αὐτῷ]
1213 1637 1346 1673 δέδωκε
1379 1638 1428 1682 τῷ
1459 1636 1561 1670 Ioan-

185 1695 255 1719 nes.
356 1686 438 1719 ibid.
473 1685 631 1723 αἰτοῦσα
655 1683 788 1730 στήλην
812 1687 950 1732 χρυσῆν
972 1687 1024 1731 τῷ
1049 1696 1081 1720 o.
1103 1687 1148 1720 Χ.
1173 1682 1213 1719 ἐν
1236 1686 1280 1729 τῇ
1305 1683 1436 1728 ἑαυτῆς
1456 1681 1562 1717 πόλει

185 1731 316 1774 στῆσαι
338 1730 491 1766 Ioannes.
562 1731 595 1765 8.
620 1729 712 1775 ἔχει]
739 1730 831 1776 εἶχεν
855 1734 1007 1767 Ioannes.
1076 1733 1110 1766 9.
1134 1730 1195 1765 καὶ
1218 1728 1446 1775 θεσμοδότῃ]
1471 1731 1561 1763 θεσ-

184 1776 328 1823 μοθέτῃ
350 1777 504 1812 Ioannes.
602 1777 657 1811 10.
688 1778 754 1821 τῆς
777 1782 813 1812 et
835 1775 955 1823 χώρας
977 1789 1041 1811 om.
1067 1777 1220 1811 Ioannes.
1313 1777 1394 1812 ibid.
1425 1774 1562 1816 ἱκεσίας

186 1821 342 1869 δεήσεις]
361 1821 482 1868 δέησις
499 1821 561 1858 καὶ
578 1821 695 1858 ἱκεσία
706 1824 860 1866 Ioannes,
877 1828 916 1858 ut
931 1823 1143 1858 scribendum
1158 1823 1203 1857 sit
1219 1822 1335 1858 ἱκεσία
1348 1821 1408 1857 καὶ
1427 1820 1557 1866 δέησις.

183 1872 240 1906 12.
263 1870 302 1905 αἱ
319 1869 460 1914 λοιπαὶ]
484 1867 532 1904 τοὶ
548 1868 659 1906 λοιπὰ
677 1870 831 1913 Ioannes,
855 1870 973 1905 omisso
993 1869 1132 1905 πασῶν.
1206 1870 1260 1905 13.
1283 1865 1460 1914 ὑμετέραν
1476 1867 1556 1912 Ch„

179 1916 342 1958 Ioannes,
368 1913 544 1960 ἡμετέραν
567 1916 634 1950 Ox.
727 1917 809 1950 ibid.
841 1917 982 1961 ταῦτα]
1003 1917 1115 1952 τοῦτο
1139 1915 1291 1951 Ioannes.
1384 1914 1438 1951 14.
1462 1912 1557 1949 πάν-

179 1975 251 2004 τως
273 1963 347 1997 τῶν
371 1960 623 2006 αἰτουμένων]
656 1959 808 1998 πάντων
831 1963 974 1998 Ioannes
997 1966 1054 2005 et,
1076 1962 1194 1997 omisso
1217 1957 1330 2007 ἧκον,
1360 1958 1557 2006 τευξομένη

181 2009 241 2045 σοὶ
263 2007 407 2054 γράφω.
476 2010 558 2043 ibid.
583 2010 638 2049 τίς
663 2008 717 2054 δὲ]
743 2006 824 2054 ἥτις
849 2013 885 2043 et
907 2021 985 2045 mox
1007 2009 1146 2054 προϊών
1169 2011 1208 2044 σε
1233 2007 1252 2044 ὁ
1275 2006 1381 2053 λόγος
1404 2008 1556 2042 Ioannes.

181 2057 238 2092 16.
261 2055 300 2092 ἐκ
322 2052 530 2114 παιδόθεν]
557 2054 594 2112 ἐκ
617 2056 764 2092 παίδων
787 2056 930 2091 Ioannes
955 2060 991 2091 et
1011 2067 1090 2092 mox
1114 2056 1167 2097 εἰς
1190 2053 1343 2100 ἰατρούς
1366 2052 1557 2090 ἀναλώσα-

156 2148 160 2154 Ᾰ
180 2112 230 2137 σα
253 2122 295 2128 -
322 2103 422 2138 ιάσιν
446 2101 515 2148 οὐχ
538 2114 656 2147 ενρον.

89 2179 216 2216 Literis
239 2185 454 2217 enarrantur.
503 2181 660 2216 Herodes
683 2185 798 2217 autem
821 2193 903 2223 rex,
940 2182 1011 2226 ejus
1034 2181 1175 2217 nominis
1198 2180 1380 2223 secundus,
1404 2177 1558 2224 Philippi

89 2227 219 2270 frater,
243 2228 288 2262 ob
310 2228 473 2263 Joannem
498 2228 735 2270 contristatus,
761 2229 906 2262 Sebaste
928 2228 1071 2271 relicta,
1095 2229 1301 2269 Paneadem‚
1325 2226 1477 2261 Judaeae
1499 2235 1558 2258 ur-

91 2273 186 2315 bem,
221 2285 258 2308 se
280 2275 425 2320 recepit.
470 2275 622 2310 Accessit
646 2278 758 2310 autem
783 2275 827 2309 ad
852 2286 948 2317 eum,
984 2275 1133 2318 ejusdem
1157 2275 1251 2309 urbis
1273 2274 1406 2314 incola,
1440 2270 1558 2305 mulier

90 2319 256 2364 quaedam
279 2320 463 2374 opulenta,
497 2321 629 2355 nomine
655 2320 839 2355 Veronica.
885 2320 976 2354 Huic
998 2321 1033 2355 in
1058 2321 1167 2355 animo
1193 2323 1288 2362 erat,
1321 2322 1464 2354 statuam
1489 2316 1558 2350 eri-

90 2375 174 2409 gere
195 2365 275 2400 Jesu
297 2377 333 2400 ιιι
356 2367 537 2409 honorem,
573 2366 632 2412 qui
656 2379 730 2401 eam
763 2378 783 2401 a
806 2367 922 2402 morbo
957 2366 1176 2401 liberaverat.
1222 2368 1268 2401 At
1290 2367 1355 2399 hoc
1387 2375 1454 2398 non
1478 2372 1559 2396 ausa

89 2410 226 2453 facere,
252 2411 315 2447 nisi
338 2411 432 2458 prius
454 2412 640 2458 impetrata
664 2413 753 2458 regis
776 2412 895 2454 venia,
919 2412 1069 2447 libellum
1092 2412 1275 2458 supplicem
1300 2408 1433 2445 Herodi
1456 2408 1560 2443 obtu-

89 2455 153 2497 lit,
186 2456 324 2492 Christo
347 2458 523 2494 salvatori
546 2463 692 2494 statuam
714 2459 750 2493 in
773 2470 815 2494 ea
837 2459 922 2493 urbe
945 2459 1102 2504 erigendi
1125 2458 1297 2493 licentiam
1322 2460 1450 2503 petens.
1497 2453 1561 2488 Li-

89 2501 194 2536 bellus
219 2508 333 2538 eutem
355 2503 421 2539 iste
445 2505 493 2539 sic
517 2517 553 2539 se
577 2506 693 2540 habet.

181 2548 454 2593 Angustissimum
484 2551 677 2593 Herodem,
719 2551 958 2597 Toparcham,
994 2550 1134 2586 Judaeis
1163 2550 1296 2596 pariter
1329 2550 1366 2581 et
1389 2544 1558 2580 Gentibus

89 2592 353 2638 Legislatorem,
386 2597 642 2632 Trachonitidis
666 2598 818 2642 Regem,
853 2597 1042 2640 Veronica,
1076 2596 1284 2632 honorabilis
1307 2592 1401 2628 urbis
1423 2592 1558 2626 Panea-

89 2638 142 2673 dis
164 2638 295 2682 incola,
318 2641 499 2677 humillime
523 2649 695 2689 precatur.

166 2685 369 2738 ·‚‚Justitia‚
405 2692 440 2722 et
463 2700 548 2734 erga
580 2689 730 2723 homines
755 2689 966 2735 benignitas,
1002 2692 1038 2724 et
1062 2687 1290 2734 quodcunque
1321 2687 1372 2719 est
1394 2683 1558 2719 virtutum

87 2741 252 2785 omnium,
286 2731 433 2767 divinum
457 2739 562 2780 caput
585 2741 752 2778 vestrum,
792 2747 854 2770 ceu
878 2747 1002 2770 corona
1027 2735 1179 2779 cingunt.
1227 2731 1329 2774 Quod
1356 2743 1421 2778 ego
1445 2728 1557 2766 neuti-

88 2787 188 2821 quam
212 2787 393 2820 1gnoraus,
417 2779 462 2813 ad
483 2785 521 2814 te
544 2782 690 2822 acced03
729 2793 822 2828 spem
845 2781 1005 2827 optimam
1029 2779 1221 2824 concipiens
1244 2782 1327 2814 vota
1350 2789 1424 2813 mee
1447 2776 1556 2812 omni-

87 2832 132 2856 no
152 2821 341 2876 pbtinendi.
391 2823 483 2864 Quid
515 2837 599 2860 vero
624 2828 690 2862 sibi
712 2830 787 2862 vult
819 2828 905 2862 haec
927 2825 1230 2867 Praefatiuncula‚
1270 2829 1470 2871 sequens-te
1493 2826 1556 2860 do-

87 2868 179 2902 cebit
202 2869 336 2904 oratio:
370 2869 450 2914 Ego
474 2870 608 2916 quidem
632 2873 677 2907 ab
701 2877 816 2909 aetate
838 2873 963 2919 puerili
986 2871 1080 2906 fluxu
1103 2870 1275 2917 sanguinis
1297 2871 1473 2916 laborans,
1501 2873 1555 2907 fa-
