1838 3230
420 165 1049 213 CHRONOGRAPHIA.
1107 165 1161 208 L.·
1186 165 1279 210 VH.
1484 169 1580 216 189

114 293 459 347 τεμψυχωθεΐσαν
488 290 544 339 εἲς
569 287 718 346 ι’ίρκον,
767 287 843 343 τὴν
872 288 917 330 δὲ
942 285 1207 342 Ἱππομένην,
1261 283 1474 342 θυγατέρα
1503 289 1578 328 τοῦ

115 359 364 416 Μεγαρέως,
402 360 459 409 εἰς
486 358 655 409 λέοντα,
692 356 767 412 τὴν
789 357 834 400 δὲ
856 354 945 409 Ἰώ,
981 356 1192 412 θυγατέρα
1211 359 1284 397 τοῦ
1303 352 1487 409 Ἰνάχου,
1523 355 1580 404 εἷς

115 426 306 483 δάμαλιν,
334 427 400 470 καὶ
421 426 495 481 τὴν
508 423 772 481 Ἀταλάντην,
810 425 1022 482 θυγατέρα
1044 429 1118 467 τοῦ
1141 423 1352 479 Σχοινέως,
1391 425 1447 473 εἷς
1467 427 1579 466 ταῶ-

113 514 181 550 να,
219 498 285 539 καὶ
305 495 379 551 τὴν
405 493 659 550 Φιλομήλαν,
682 493 895 550 θυγατέρα
915 494 1162 545 Πανδίονος,
1198 493 1253 542 εἷς
1269 489 1471 547 χελιδόνα,
1509 493 1576 534 καὶ
1600 505 1633 540 0
1656 503 1722 542 241

80 564 189 621 5τὴν
206 562 415 620 Πρόκνην,
452 563 527 618 τὴν
548 561 728 620 ἀδελφὴν
746 561 888 617 αὐτῆς,
927 564 982 612 εἷς
1009 559 1181 618 ἀηδόνα,
1219 563 1286 603 καὶ
1307 561 1380 617 τὴν
1400 558 1577 616 Νιόβην,

113 633 325 689 θυγατέρα
346 636 420 675 τοῦ
445 629 677 684 Ταντάλου,
715 633 771 681 εἲς
789 632 911 673 λίθον
934 634 1324 686 μετεμψυχωθῆναι.
1384 631 1451 673 καὶ
1473 629 1577 673 ἄλλα

113 699 284 745 τοιαῦτά
307 718 397 744 τινα
417 698 733 756 ἐμυθολόγησαν
759 699 874 742 αὐτοὶ
894 702 961 742 καὶ
985 700 1022 742 οἳ
1044 698 1129 755 μετ’
1158 697 1321 749 αὐτούς.

213 792 338 836 Μετὰ
366 792 412 835 δὲ
436 791 484 834 τὸ
514 791 586 833 τὸν
617 791 825 846 εῗρημένον
853 791 1142 848 Ἀρταξέρξην,
1178 790 1351 845 βασιλέα
1384 794 1574 848 Περσῶν,
1598 801 1628 836 Β

111 861 336 904 ἀποθανεῖν
371 861 629 914 ἐβασίλευσεν
662 856 810 914 3ῼχος,
855 860 942 910 υἱὸς
983 860 1134 903 αὐτοῦ·
1185 857 1298 909 ὅστις
1333 860 1576 915 ἐπολέμησεν

57 945 102 981 10
113 931 354 986 Αἲγυπτίοις
372 931 438 972 καὶ
460 929 665 984 παρέλαβε
686 934 822 971 πᾶσαν
841 929 915 984 τὴν
933 933 1008 985 γῆν
1025 926 1242 985 Αἰγύπτου
1275 930 1341 970 καὶ
1371 927 1575 971 ἀπώλεσεν

112 997 254 1054 αὐτήν,
295 995 584 1053 βασιλεύοντος
608 1001 665 1040 τιῖ
670 1016 690 1039 ν
707 999 948 1053 Αἰγυπτίων
968 995 1060 1041 τότε
1085 1001 1159 1040 τοῦ
1186 995 1462 1050 Νεκταναβώ,
1498 1001 1573 1040 τοῦ

110 1065 358 1123 ποιήσαντος
378 1066 716 1120 λεκανομαντείαν
744 1067 810 1108 καὶ
828 1064 991 1122 γνόντος
1011 1065 1073 1109 ὅτι
1095 1068 1162 1109 δεῖ
1177 1065 1248 1107 τὸν
1267 1060 1416 1120 Ὦχον,
1450 1070 1575 1120 βασι-

110 1135 182 1179 λέα
203 1139 394 1192 Περσῶν,
432 1139 684 1191 παραλαβεῖν
709 1134 784 1194 τὴν
802 1135 1029 1190 Αἴγυπτον.
1101 1134 1147 1184 ὃς
1165 1135 1231 1176 καὶ
1256 1132 1576 1190 κουρευσάμενος

110 1205 183 1261 τὴν
203 1206 311 1248 ἰδίαν
339 1202 467 1260 κόμην
500 1207 572 1259 τῆς
602 1207 780 1260 κεφαλῆς
808 1203 935 1246 αὐτοῦ
971 1205 1038 1246 καὶ
1066 1201 1246 1253 ἀλλάξας
1273 1203 1400 1246 αὐτοῦ
1418 1203 1471 1246 τὰ
1493 1208 1575 1258 βα-

55 1288 98 1323 15
111 1273 243 1317 σιλικὰ
272 1271 414 1328 ἱμάτια
424 1305 438 1326 ,
477 1271 595 1328 ἔφυγε
623 1272 691 1314 διὰ
720 1275 795 1314 τοῦ
825 1273 1066 1327 Πηλουσίου
1100 1270 1120 1315 ὅ
1151 1272 1275 1322 αὐτὸς
1301 1270 1570 1328 Νεκταναβῶ,

108 1344 175 1386 καὶ
196 1344 252 1392 εἷς
270 1341 458 1397 Πέλλην,
495 1338 612 1383 πόλιν
632 1344 705 1395 τῆς
723 1342 1012 1394 Μακεδονίας,
1049 1341 1259 1398 διέτριβεν.

203 1433 273 1476 Ἔν
307 1436 365 1491 τῷ
389 1429 526 1490 χρόνῳ
556 1426 644 1474 οὖν·
667 1435 725 1489 τῷ
755 1431 867 1491 αὐτῷ
902 1427 954 1488 ἦν
980 1432 1034 1475 τοὶ
1063 1433 1169 1476 κατὰ
1201 1432 1275 1488 τὴν
1311 1432 1572 1488 Ὀλυμπιάδα
1597 1445 1630 1479 Ο
1653 1443 1723 1482 242

103 1503 171 1546 καὶ
199 1502 272 1545 τὸν
305 1501 431 1544 αὐτὸν
465 1500 720 1554 Νεκταναβώ
751 1499 1065 1556 θρυλλοῦμενα,
1105 1500 1160 1552 ὥς
1198 1502 1266 1544 διὰ
1295 1500 1443 1558 χλεύης
1462 1503 1571 1553 τινὸς
1594 1514 1624 1549 c

103 1568 333 1628 ἕπορνεῦθη
362 1568 428 1612 ὕπ’
454 1569 582 1612 αὐτοῦ
617 1570 684 1611 καὶ
711 1569 906 1624 συνέλαβε
933 1570 1006 1614 τὸν
1033 1570 1324 1627 Ἀλέξανδρον,
1364 1570 1410 1614 ὃν
1429 1572 1570 1627 λέγου-

49 1653 172 1688 2οσιν
199 1637 277 1682 ὑπὸ
295 1638 398 1689 Διὸς
416 1637 632 1693 Ἄμμωνος
650 1641 954 1695 συλληφθῆναι.
1025 1639 1214 1694 κατέσχεν
1236 1635 1308 1682 οὖν
1333 1637 1360 1695 ἡ
1380 1642 1568 1694 βασιλεία

197 1772 230 1807 1.
262 1769 332 1816 τήν
354 1767 395 1806 δὲ
412 1766 652 1814 Ἱππομένην]
682 1767 979 1815 ‚,Hippomenem,
1002 1770 1180 1812 Macarei,
1203 1782 1269 1805 non
1291 1769 1415 1814 filiam,
1440 1771 1499 1806 sed
1523 1772 1567 1806 fi-

195 1817 298 1859 lium,
330 1828 403 1851 cum
425 1815 585 1850 Atalanta
606 1815 643 1848 in
665 1814 782 1849 matris
805 1816 952 1850 Deorum
976 1817 1100 1862 templo
1123 1828 1194 1851 rem
1219 1817 1346 1851 habere
1371 1829 1507 1860 ausum,
1531 1818 1566 1853 in

195 1863 367 1905 Leonem,
391 1861 546 1896 amasiam
569 1873 651 1895 vero
674 1861 867 1895 Atalantam
890 1861 925 1895 in
947 1862 1116 1905 leaenam,
1141 1867 1360 1897 commutatos
1384 1864 1567 1909 perhibent

196 1908 396 1954 Mythologi
418 1907 571 1944 Latini.“
595 1907 659 1943 Ch.
727 1906 761 1941 4.
785 1909 1005 1950 Πανδίωνος
1027 1909 1095 1943 Ox.
1165 1910 1198 1945 5.
1224 1907 1375 1966 Νιόβην
1395 1929 1442 1935 —
1469 1913 1566 1945 Ταυ-

192 1956 307 1991 τὰλου
329 1955 407 1997 Ch„
431 1950 484 1988 Ἰώ
511 1967 556 1999 ην
578 1973 624 1978 -
652 1951 842 1989 Ταλάντου
866 1954 935 1988 Ox·
1006 1957 1060 1992 11.
1085 1957 1333 2003 Νεκταναβω]
1358 1956 1439 1991 vid.
1462 1957 1565 1992 Wes-

194 2002 312 2047 seling.
338 2001 381 2035 ad
403 2000 469 2034 Dio
496 2012 544 2035 or.
568 1999 635 2035 vol.
656 1999 702 2033 11.
726 2010 759 2044 p.
787 2002 864 2038 121.
892 2002 946 2037 11.
1039 2002 1095 2038 12.
1129 1997 1236 2048 Ὦχον
1258 2003 1345 2045 Ch„
1369 2000 1471 2040 Χόον
1494 2003 1562 2039 Ox.

192 2050 251 2085 20.
273 2048 532 2094 συλληφθῆναι
553 2045 637 2090 Ch„
660 2047 901 2092 συληφθῆναι
923 2047 991 2082 Ox.

100 2161 270 2207 Lycaonis
291 2161 405 2204 filiae,
438 2161 582 2196 animam
604 2159 641 2195 in
663 2172 794 2203 ursam;
833 2160 1072 2207 Hippomenis,
1096 2161 1252 2207 Megarei
1276 2161 1390 2205 filiae,
1412 2161 1447 2196 in
1470 2162 1559 2198 Leo-

100 2219 195 2250 nem3
218 2208 297 2248 Jus,
322 2207 442 2242 Inachi
465 2208 570 2249 filiae,
593 2207 628 2241 in
651 2207 855 2249 Juvencam3
879 2207 1075 2249 Atalantae,
1100 2208 1267 2243 Schoenei
1290 2209 1411 2250 filiam,
1435 2208 1470 2242 in
1492 2209 1561 2243 Pa-

100 2265 241 2296 vonem3
270 2253 491 2295 Philomelae,
515 2252 699 2287 Pandionis
722 2252 825 2294 filiae,
849 2253 885 2287 in
908 2253 1138 2296 hirundinem;
1170 2255 1323 2300 Prognes
1346 2265 1441 2297 vero,
1463 2266 1559 2289 soro·

100 2299 148 2335 ris
169 2300 260 2344 ejus,
293 2299 330 2334 in
350 2299 560 2341 Lusciniam3
604 2299 752 2340 Niobes,
789 2298 932 2334 Tantali
954 2299 1064 2342 filiae,
1099 2300 1135 2334 in
1157 2311 1272 2335 saxum
1294 2300 1557 2346 transmigrasse.

101 2345 297 2391 Cujusmodi
319 2345 387 2381 alia
409 2345 552 2392 plurima
575 2344 723 2380 fabulati
745 2348 821 2379 sunt
843 2345 921 2388 isti,
946 2348 982 2380 et
1005 2345 1064 2391 qui
1087 2358 1145 2382 eos
1169 2347 1277 2381 secuti
1300 2350 1387 2381 sunt.

188 2415 272 2449 Post
294 2414 501 2449 antedictum
531 2425 615 2448 vero
639 2414 861 2448 Artaxerxem
883 2413 1061 2448 Persarum
1098 2426 1212 2459 regem
1235 2414 1463 2455 demortuum,
1502 2424 1558 2448 re-

99 2471 201 2504 gnum
222 2460 370 2507 suscepit
387 2461 520 2502 Ochus,
543 2459 631 2494 filius
654 2460 736 2504 ejus.
782 2459 961 2505 Aegyptiis
982 2460 1038 2494 hic
1062 2460 1184 2495 bellum
1204 2460 1338 2502 intulit3
1366 2459 1559 2504 regionem-

101 2517 170 2550 que
191 2517 304 2541 eorum
326 2510 434 2541 totam
456 2507 648 2546 subactam,
677 2505 879 2540 devastavit,
926 2505 1106 2551 Aegyptiis
1129 2518 1169 2540 eo
1194 2511 1345 2552 tempore
1367 2506 1559 2551 imperabat

100 2551 341 2586 Nectanabusz
368 2553 438 2598 qui,
462 2564 535 2587 cum
558 2564 600 2586 ex
623 2551 843 2586 Divinatione
866 2563 930 2597 per
952 2551 1083 2586 Pelvim
1106 2551 1339 2592 intellexisset,
1362 2553 1558 2596 Aegyptum

100 2597 145 2631 ab
170 2597 280 2639 Ocho,
302 2597 481 2633 Persarum
503 2610 607 2643 rege,
631 2602 832 2643 occupatum
855 2597 919 2639 iri3
955 2601 1053 2632 tonsa
1077 2609 1190 2639 coma,
1212 2601 1409 2641 mutatoque
1431 2596 1558 2631 vestitu

99 2642 225 2722 {legim
248 2654 311 2688 per
326 2644 505 2687 Pelusium,
530 2644 574 2679 ad
592 2644 733 2686 Pellam,
756 2643 983 2679 Macedoniae
1000 2645 1130 2685 urbem,
1152 2641 1355 2687 transfugit3
1378 2641 1435 2676 ubi
1459 2641 1556 2677 dein-

125 2700 144 2722 e
165 2688 262 2723 vixit.

190 2755 322 2791 Eodem
342 2759 497 2802 tempore
518 2757 687 2793 increbuit
708 2759 800 2794 fama
822 2758 1060 2794 Nectanabum
1084 2768 1157 2792 cum
1181 2755 1398 2802 Olympiade,
1426 2755 1553 2791 illusio-

98 2802 149 2837 nis
173 2802 344 2847 cujusdam
368 2813 451 2846 ope,
475 2804 708 2846 concubuisse,
731 2810 767 2839 et
790 2816 832 2838 ex
856 2816 897 2839 ea
921 2803 1076 2848 genuisse
1098 2803 1343 2844 Alexandrum3
1378 2813 1476 2847 quem
1498 2803 1553 2837 fe-

98 2852 197 2891 runt,
231 2848 324 2884 Jovis
348 2847 510 2882 Ammonis
535 2860 604 2884 esse
626 2849 743 2886 filium.
788 2849 936 2887 Duravit
957 2853 1069 2885 autem
1091 2847 1199 2895 prima
1222 2848 1461 2884 Thebanorum
1484 2849 1554 2884 Ae-
