1838 3230
219 159 320 206 230
609 150 906 198 IOANle
935 152 1277 198 MALALAE

221 289 287 323 τες
311 271 437 330 αὐτῷ,
473 271 529 323 ὥς
546 276 707 327 βασιλεῖ
730 267 891 329 μεγάλῳ
925 272 992 313 καὶ
1019 275 1172 328 νικητῇ.
1245 271 1386 323 οἵτινες
1405 272 1461 322 εἲς
1477 271 1553 330 τὴν
1573 271 1677 324 ἀναφ-

223 341 344 395 τολὴν
373 339 560 390 ἐλθόντες
595 337 834 396 ἐπηρώτων,
882 339 975 381 Ποῦ
1006 339 1113 382 ἐστιν
1145 338 1166 382 ὁ
1192 342 1350 395 τεχθεὶς
1375 339 1566 394 βασιλεὺς
1594 344 1678 384 τῶν

219 408 427 453 Ἰουδαίων
438 429 451 464 ,-
491 411 557 452 καὶ
576 404 895 464 ἐθρυλλήθησαν
914 413 997 456 τοῖς
1009 407 1232 458 Ἰουδαίοις.
1270 409 1410 458 οἵτινες
1429 406 1553 464 μάγοι
1572 424 1678 464 γνω-

228 477 396 527 σθέντες
435 476 737 531 συνεσχέθησαν
777 475 844 518 καὶ
878 474 1171 531 εἰσηνέχθησαν
1205 480 1262 534 τῷ
1290 474 1458 532 ιΗρώδῃ
1505 479 1675 530 βασιλεῖ.

229 548 295 587 καὶ
326 542 583 600 ἐπηρώτησεν
613 540 786 596 αὐτούς,
821 542 906 586 Διὰ
929 544 971 586 τί
988 544 1050 586 ἐπὶ
1079 545 1151 599 τὴν
1170 544 1374 586 Ἰουδαίαν
1393 542 1532 599 χώραν
1552 544 1712 599 &ssve-5

230 617 309 655 σθε
338 611 629 668 κατάσκοποις·
651 613 717 655 καὶ
745 608 945 666 ἀνήγαγον
977 612 1087 670 αὐτῷ
1114 613 1153 655 οἳ
1174 611 1296 668 μάγοι
1327 612 1372 655 τὸ
1399 615 1473 654 τοῦ
1510 611 1680 665 ἀστέρος

230 684 393 734 θαῦμα,
424 683 491 723 καὶ
513 679 574 723 ὅτι
596 680 719 735 μέγας
736 679 925 732 βασιλεὺς
946 679 1141 735 ἐγεννήθη
1159 685 1216 738 τῷ
1237 678 1390 738 κόσμῳ,
1427 681 1492 721 καὶ
1514 677 1575 721 ὅτι
1597 681 1681 722 δῶ,

233 764 286 803 ρα
306 749 416 806 αὐτῷ
436 746 657 804 ἐνεγκόντες
679 744 998 804 παρεγενόμεθα,
1023 746 1078 803 ὥς
1093 752 1256 802 βασιλεῖ
1267 745 1443 805 μεγάλῳ,
1466 746 1681 803 προσενέγ-

183 823 214 858 C
236 833 302 859 και
336 816 447 874 αὐτῷ
483 815 510 858 ἃ
541 815 818 873 ἐπιφερόμεθα
845 817 985 871 δῶρα,
1022 813 1077 865 ὥς
1101 820 1201 874 θεῷ.
1271 816 1430 869 εἴδομεν
1460 814 1537 871 γὰρ
1555 814 1682 858 αὐτοῦ

233 884 306 926 τὸν
325 884 476 942 ἀστέρα
501 885 541 927 ἐν
562 889 612 941 τῇ
633 885 837 941 ἀνατολῇ,
874 885 942 926 καὶ
969 882 1151 938 ἤλθομεν
1171 887 1446 941 προσκυνῆσαι
1463 882 1588 941 αὐτῷ.
1656 880 1678 925 ὅ
1693 896 1738 931 10

238 953 282 993 δὲ
314 951 501 1009 Ἡρώδης
535 950 712 1002 ἀκούσας
740 956 871 995 ταῦτα
905 950 1116 1006 ἴκθαμβος
1151 951 1298 1005 ἔμεινε,
1338 948 1588 1006 λογιζόμενος
1621 948 1685 993 ὅτι

92 1025 126 1060 0
147 1025 216 1061 297
236 1020 340 1075 μετὰ
368 1020 611 1076 Αὔγουστον
631 1021 825 1075 Καίσαρα
860 1020 980 1070 ποίας
1004 1021 1088 1062 ἐστὶ
1107 1018 1314 1073 δυνάμεως
1334 1016 1356 1061 ὃ
1384 1019 1590 1074 γεννηθεὶς
1603 1022 1685 1072 βα-

237 1086 384 1138 σιλεύς.
434 1083 557 1142 ,ἦσαν
588 1082 659 1130 οὖν
688 1086 876 1136 ἐλθόντες
908 1087 946 1128 οἳ
966 1086 1088 1143 μάγοι
1119 1089 1159 1129 ἐν
1181 1084 1475 1143 Ἱεροσολύμοις
1508 1086 1549 1128 ἐν
1579 1083 1688 1128 ’ὓπα-

238 1156 326 1214 τειά
356 1155 583 1198 Οὐϊνδικιόυ
616 1157 681 1197 καὶ
705 1155 940 1211 Οὐαλερίου.
1008 1153 1265 1211 ἧκριβώσατο
1293 1149 1364 1196 οὖν
1394 1152 1488 1209 παρ’
1511 1151 1645 1196 αὐτῶν
1663 1151 1685 1196 ὅ

235 1221 424 1278 Ἡρώδης
444 1223 516 1265 τὸν
534 1219 681 1278 χρόνον
699 1227 772 1265 τοῦ
792 1222 988 1279 φανέντος
1009 1223 1201 1278 ἀστέρος,
1238 1224 1304 1264 καὶ
1326 1220 1429 1264 εἶπεν
1448 1220 1586 1271 αὐτοῖς
1600 1227 1685 1271 τοῖς
1697 1231 1741 1267 15

175 1294 187 1303 ⁶
239 1289 385 1346 μάγοις
420 1275 488 1333 ὅτι,
504 1290 599 1332 Ἐὰν
618 1290 756 1345 εὕρητε
777 1288 901 1332 αὐτόν
912 1321 926 1341 ,
963 1289 1151 1340 ἐλθόντες
1172 1289 1437 1344 ἀπαγγείλατέ
1447 1306 1541 1343 μοι,
1578 1287 1688 1338 ὅπως

242 1358 346 1413 κάγιὲ
390 1358 524 1400 ἐλθών
556 1355 823 1414 προσκυνήσω
861 1357 985 1416 αὐτῷ.
1067 1359 1134 1399 καὶ
1181 1355 1427 1406 ἀπελθόντες
1467 1357 1505 1399 οἶ
1538 1355 1684 1412 μάγοι,

243 1423 505 1482 ὁδηγούμενοι
524 1422 602 1468 ὕπὸ
621 1430 694 1468 τοῦ
717 1425 898 1481 ἀστέρος,
937 1421 983 1468 οἷ)
1004 1423 1228 1481 ἑωράκασιν
1244 1426 1285 1466 ἐν
1302 1429 1353 1481 τῇ
1373 1424 1574 1480 ἀνατολῇ,
1610 1418 1687 1479 ηὗ-

246 1510 318 1549 ρον
354 1493 423 1535 τὸν
455 1493 612 1547 Ἰησοῦν
646 1495 713 1536 καὶ
747 1493 821 1548 τὴν
851 1495 1007 1549 μητέρα
1037 1493 1163 1535 αὐτοῦ
1198 1493 1240 1534 ἐν
1266 1492 1459 1546 Βηθλεέμ
1483 1495 1535 1549 τῇ
1560 1489 1684 1535 πόλει.

196 1569 226 1602 D
251 1562 316 1602 καὶ
345 1558 533 1609 πεσόντες
573 1563 628 1610 εἷς
655 1561 702 1604 τὸ
732 1560 884 1618 ἔδαφος
911 1566 984 1616 τῆς
1008 1565 1081 1616 γῆς
1118 1558 1421 1616 προσεκύνησαν
1448 1563 1505 1616 τῷ
1534 1563 1743 1617 σωτῇριΞο

244 1631 462 1685 λ’ριστῷ’·
493 1626 623 1685 ἔλεγον
649 1628 726 1686 γὰρ
754 1629 796 1671 ἐν
826 1627 984 1678 ἑαυτοῖς
1021 1627 1084 1671 ὅτι
1116 1627 1187 1670 τὸν
1222 1629 1383 1682 μείζονα
1425 1627 1551 1669 αὐτοῦ
1589 1627 1691 1670 θεὸν

248 1693 495 1738 ὖποδεικνύει
526 1694 621 1750 ἡμῖν
653 1691 772 1746 οὗτος
800 1694 821 1738 ὃ
855 1694 1009 1753 ἀστήρ,
1047 1695 1092 1738 ὃν
1117 1693 1230 1749 ἧμεῒς
1253 1699 1454 1749 τιμῶμεν,
1493 1692 1547 1744 ὥς
1575 1692 1688 1738 θεόν.

252 1767 319 1805 καὶ
345 1763 675 1820 προσενέγκαντες
700 1764 810 1822 αὐτῷ
842 1766 955 1822 δῶρα
986 1762 1088 1821 ἅπερ
1119 1761 1363 1817 ἐβάσταζον,
1401 1760 1457 1812 ὥς
1477 1766 1587 1821 θεῷ,
1624 1765 1693 1805 καὶ

337 1884 381 1962 ἒὶ
398 1883 450 1923 εἰς
471 1882 539 1963 τεὴν
559 1862 764 1930 ἀνατολὴν]
787 1883 889 1917 Immo
912 1879 952 1918 ἐκ
974 1882 1040 1928 τῆς
1061 1879 1251 1929 ἀνατολῆς,
1272 1882 1337 1917 nisi
1358 1882 1465 1918 verba
1485 1881 1573 1917 male
1588 1892 1690 1928 repe-

353 1940 365 1961 1
383 1941 403 1963 a
425 1940 487 1962 sun
505 1955 514 1965 .

251 2040 406 2074 magnum
441 2034 477 2064 et
507 2029 692 2072 victorem,
724 2028 920 2064 veneraturi
950 2029 1168 2065 advenerant.
1215 2029 1391 2065 Orientem
1421 2028 1542 2074 itaque
1576 2040 1690 2063 versus

253 2087 382 2109 cursum
403 2087 497 2110 suum
521 2074 725 2118 dirigentes,
762 2076 821 2109 ubi
844 2080 941 2110 natus
964 2080 1051 2110 esset
1071 2076 1273 2110 Judaeorum
1295 2075 1391 2117 Rex,
1424 2073 1585 2108 sciscitati
1603 2081 1693 2108 sunt.

253 2120 360 2154 Fama
383 2124 494 2155 autem
525 2131 640 2154 eorum
662 2121 750 2154 inter
773 2121 918 2155 Judaeos
952 2121 1069 2166 passim
1105 2122 1297 2162 ferebatur3
1338 2120 1444 2154 donec
1467 2119 1540 2153 noti
1561 2119 1695 2154 tandem

255 2165 561 2210 comprehensique,
585 2165 628 2197 ad
650 2166 818 2199 Herodem
840 2178 954 2210 regem
977 2167 1248 2211 perducerentur.
1296 2165 1341 2199 Εἰ
1363 2176 1455 2206 vero,
1479 2165 1693 2210 quamobrem

255 2210 417 2245 Judaeum
448 2210 647 2254 explorandi
683 2222 781 2244 causa
803 2211 1028 2253 advenerant,
1068 2210 1309 2255 interroganti,
1344 2210 1606 2255 responderunt3
1642 2222 1692 2251 se,

256 2256 353 2290 stella
386 2255 529 2290 mirabili
559 2255 595 2288 in
618 2255 763 2288 Oriente
793 2256 866 2289 visa
896 2257 1056 2297 monitos,
1093 2257 1221 2301 Regem
1246 2256 1403 2300 Magnum
1434 2256 1554 2289 mundo
1576 2259 1693 2288 natum

257 2312 347 2343 esse,
380 2301 466 2335 dona
489 2300 540 2342 ei,
572 2311 634 2334 ceu
657 2300 746 2343 Regi
767 2301 894 2344 Magno
926 2302 1113 2343 oblaturos,
1145 2302 1303 2346 illumque
1324 2306 1362 2334 ut
1384 2301 1490 2334 Deum
1510 2303 1694 2334 veneratu-

259 2357 334 2388 ros,
356 2346 537 2381 advenisse.
583 2345 644 2379 His
666 2345 808 2386 auditis,
838 2346 992 2380 Herodes
1014 2347 1268 2382 admirabundus
1291 2346 1480 2391 obstupuit,
1504 2356 1612 2379 secum
1635 2355 1694 2378 re-

284 2397 399 2433 utans,
432 2391 607 2426 secundum
634 2390 810 2424 Caesarem
845 2396 991 2435 quantae
1023 2392 1199 2437 potestatis
1230 2404 1300 2426 esse
1333 2390 1481 2435 potuerit
1511 2390 1587 2424 Rex
1616 2389 1694 2428 iste.

258 2402 357 2480 illlagi
380 2440 488 2471 autem
511 2436 567 2469 isti
587 2436 835 2479 Hierosolymas
857 2441 1039 2480 venerunt,
1071 2437 1226 2471 Vindicio
1250 2444 1286 2471 et
1309 2435 1444 2470 Valerio
1467 2435 1559 2468 Coss.
1582 2435 1695 2469 Hero-

259 2480 319 2515 des
339 2493 420 2515 vero
443 2486 590 2526 tempus,
615 2493 682 2526 quo
705 2480 800 2515 stella
821 2481 1002 2525 apparuit,
1034 2493 1055 2516 a
1077 2482 1189 2526 Magis
1212 2482 1392 2525 diligenter
1414 2479 1615 2524 exquirens,
1639 2479 1695 2513 ‹li-

259 2527 348 2560 misit
370 2539 443 2567 eos,
478 2527 607 2567 dicens3
650 2526 679 2560 si
700 2526 878 2559 inveniatis
900 2537 992 2566 eum,
1023 2526 1103 2560 mihi
1125 2526 1325 2560 renuncietis
1346 2526 1486 2566 vellem,
1510 2529 1549 2558 ut
1572 2529 1606 2559 et
1629 2536 1692 2569 ego

259 2572 394 2613 adiens,
414 2572 504 2606 illum
526 2583 680 2605 venerer.
726 2571 823 2614 Magi
842 2571 958 2615 itaque
982 2572 1159 2613 abeuntes,
1187 2576 1222 2605 et
1244 2571 1366 2615 ipsam,
1389 2582 1490 2615 quam
1512 2570 1546 2604 in
1570 2570 1694 2604 Orien-

258 2620 296 2650 te
317 2617 495 2659 viderant,
517 2617 645 2651 stellam
667 2616 744 2650 viae
768 2616 882 2651 ducem
905 2616 1084 2657 habentes,
1115 2617 1226 2650 Jesum
1249 2622 1283 2649 et
1305 2621 1441 2649 matrem
1466 2616 1554 2659 ejus,
1576 2616 1613 2650 in
1634 2626 1696 2649 ur-

258 2661 304 2694 be
321 2661 493 2696 Bethleem
514 2662 724 2696 invenerunt.
770 2661 862 2695 Inter
884 2673 919 2695 se
940 2672 1023 2695 vero
1046 2661 1213 2702 dicentes3
1254 2661 1383 2703 „stella
1404 2661 1490 2702 ista,
1516 2672 1612 2706 quam
1632 2671 1693 2706 nos

259 2715 322 2750 pro
345 2706 417 2740 Deo
450 2707 624 2748 habemus,
659 2708 767 2741 Deum
799 2711 893 2741 certe
921 2718 957 2740 se
979 2707 1137 2750 majorem
1167 2707 1263 2742 nobis
1285 2707 1472 2740 exhibet:“
1510 2706 1546 2740 in
1567 2710 1692 2740 terram

260 2750 355 2793 proni
379 2752 554 2793 cadentes,
578 2753 742 2797 donaque,
767 2764 854 2796 quae
875 2751 1079 2793 attulerant,
1101 2752 1151 2793 ei,
1174 2763 1237 2786 ceu
1260 2751 1344 2793 Deo,
1370 2752 1568 2793 offerentes,
1593 2751 1693 2785 Chri-

259 2800 344 2828 stum
375 2797 573 2831 salvatorem
604 2797 757 2831 venerati
778 2802 864 2832 sunt.
910 2796 1078 2831 Divinitus
1106 2808 1187 2832 vero
1220 2797 1401 2839 admoniti,
1437 2797 1574 2831 Herode
1595 2796 1692 2839 Rege
