1838 3230
292 180 389 227 488
685 172 974 217 IOANNIS
1002 173 1338 218 MALALAE

290 294 451 351 ἑτέρους
476 294 521 336 δὲ
550 291 813 350 ἇπεκεφάλισε
839 292 906 334 καὶ
939 291 1086 343 ἄλλους
1115 288 1390 347 ἓδεξιοκόπησε
1413 292 1484 335 καί
1506 309 1619 343 τινας
1640 291 1735 348 3625-

290 375 434 418 μευσε·
469 362 535 404 καὶ
556 362 705 416 ἐγένετο
737 358 868 417 φόβος
887 359 1009 417 μέγας
1035 362 1076 404 ἐν
1103 365 1155 418 τῇ
1182 358 1294 403 πόλει
1322 361 1572 418 Καισαρείας
1600 362 1666 404 καὶ
1687 361 1735 403 ἐν

290 437 376 481 τοῖς
394 430 644 478 ἀνατολικοῖς
665 428 814 486 μέρεσι.

389 498 507 551 Μηνὶ
528 497 764 554 δεκεμβρίῳ,
788 497 1064 553 ῗνδικτιῶνιτῇ
1085 496 1204 554 αὐτῇ,
1229 495 1379 552 ἐγένετο
1398 499 1546 551 θνῆσις
1568 492 1736 554 ἀνθρώ·

289 582 376 608 πων
398 567 440 608 ἓν
463 562 674 621 διαφόροις
694 562 845 607 πόλεσι.
1746 568 1769 604 5

395 634 514 687 Μηνὶ
538 635 645 690 μα·ι”ῳ
676 636 750 687 τῆς
769 632 899 686 ἀὐτῆς
926 632 1171 680 ῗνδικτιῶνος
1200 630 1349 686 ἐγένετο
1379 628 1521 680 σπάνις
1547 629 1674 687 ἄρτου
1696 630 1738 673 ἓν

290 697 739 753 Κωνσταντινουπόλει,
787 701 853 742 καὶ
883 699 986 754 πρὸς
1011 700 1083 753 μὲν
1116 698 1247 754 ὀλίγον
1279 697 1565 754 ἐστενώθησαν
1595 699 1634 742 οἳ
1665 697 1740 741 ἅν-

145 774 178 809 O
201 776 269 812 233
291 773 476 826 θρωποι,
521 769 588 810 καὶ
609 767 779 825 ἔκραξαν
800 771 858 826 τῷ
879 766 989 825 αὐτῷ
1006 770 1168 821 βασιλεῖ
1183 768 1223 810 ἐν
1242 768 1433 825 γενεθλίῳ
1456 769 1741 823 συνθεωροῦν-

289 854 360 886 τος
388 840 447 894 τῷ
476 835 587 894 αὐτῷ
616 840 779 890 βασιλεῖ
801 839 1051 888 πρεσβευτοῦ
1081 838 1279 891 Περσῶν
1314 837 1381 878 καὶ
1412 832 1696 891 ἀγανακτήσας
1716 831 1739 876 ὅ

236 910 267 944 Β
294 904 417 953 αὐτὸς
436 903 626 958 βασιλεὺς
644 902 790 947 κελεύει
806 904 1042 961 Μουσωνίῳ
1076 907 1134 961 τῷ
1165 902 1251 946 ὄντι
1287 901 1448 961 ἐπάρχῳ
1468 901 1643 955 πόλεως,
1673 902 1741 944 καὶ
1751 907 1796 941 10

293 972 597 1027 κατεσχέθησαν
619 973 662 1014 ἐκ
680 976 754 1015 τοῦ
773 971 945 1014 Βενέτου
969 972 1118 1027 μέρους
1139 973 1205 1013 καὶ
1227 968 1511 1026 ἐκολάσθησάν
1530 986 1633 1020 τινες
1659 972 1742 1015 τῶν

293 1038 465 1090 ἐνδόξων
492 1039 664 1097 ἀνδρῶν.
720 1039 885 1093 κατέσχε
906 1040 950 1081 δὲ
980 1037 1004 1094 ἦ
1029 1039 1132 1094 αὐτὴ
1157 1037 1300 1088 σπάνις
1327 1041 1401 1081 τοῦ
1431 1037 1557 1095 ἄρτου
1577 1039 1639 1080 ἐπὶ
1659 1041 1741 1092 μῆ-

292 1125 365 1157 νας
387 1114 504 1165 τρεῖς.
574 1110 639 1150 καὶ
660 1107 743 1162 μετ’
767 1107 902 1163 ὀλίγας
929 1105 1081 1164 ἡμέρας
1107 1107 1283 1162 ἐγένοντο
1307 1107 1513 1161 ἀστραπαὶ
1532 1107 1598 1148 καὶ
1615 1109 1743 1161 βρον-

291 1178 359 1218 ταὶ
378 1176 551 1232 φοβεραὶ
575 1176 616 1217 ἓν
640 1173 853 1232 διαφόροις
871 1172 1056 1228 πόλεσιν,
1095 1173 1198 1218 ὥστε
1225 1176 1292 1216 καὶ
1318 1173 1494 1223 πολλοὺς
1523 1177 1741 1228 βλαβῆναι.

394 1245 513 1298 Μηνὶ
559 1245 762 1302 νοεμβρίῳ
808 1245 1052 1292 ἷνδικτιῶνος
1095 1240 1124 1285 ε’
1157 1241 1285 1300 ἐφάνη
1314 1246 1396 1297 πῦρ
1425 1243 1467 1285 ἓν
1495 1245 1555 1300 τῷ
1581 1241 1742 1299 οὐρανῷ
1756 1246 1798 1283 15

296 1309 352 1360 ὥς
379 1309 484 1360 εἶδος
516 1307 662 1366 λόγχης
690 1311 768 1353 ἀπὸ
799 1314 880 1353 τῶν
922 1310 1170 1354 ἀνατολικῶν
1211 1314 1344 1367 μερῶν
1380 1308 1640 1365 ἐκτεταμένον
1671 1309 1747 1359 ἕως

294 1380 476 1433 δυσμῶν.

396 1447 515 1500 Μηνὶ
544 1444 754 1505 ἄπριλλίῳ,
779 1447 992 1488 ῗνδικτιῶνι
1022 1450 1073 1503 τῇ
1095 1444 1214 1503 αὗτῇ,
1235 1444 1367 1502 γέγονε
1390 1443 1553 1499 σεισμὸς
1573 1443 1746 1501 φοβερὸς

296 1514 364 1556 καὶ
383 1510 583 1567 ἀβλαβής.

246 1594 278 1629 c
403 1582 522 1635 Μηνὶ
552 1581 773 1639 δεκεμβρίῳ
808 1582 1054 1629 ῗνδικτιῶνος
1085 1577 1118 1629 ς’
1154 1579 1309 1635 γέγονεν
1350 1579 1484 1636 ἕτερος
1514 1578 1675 1633 σεισμὸς
1703 1579 1744 1621 ἓν
1755 1584 1801 1621 20

295 1648 543 1706 μεσονυκτίῳ
563 1649 739 1705 φοβερὸς
760 1646 890 1700 πάνυ,
928 1646 1030 1690 ὥστε
1053 1652 1202 1690 παθεῖν
1221 1647 1273 1690 τὰ
1300 1645 1372 1690 δύο
1395 1648 1503 1701 τείχη
1523 1649 1746 1689 Κωνσταν-

300 1713 588 1768 τινουπόλεως,
616 1714 664 1759 τό
682 1733 724 1759 τε
744 1715 918 1759 παλαιὸν
939 1715 985 1758 τὸ
1005 1713 1213 1770 γενόμενον
1238 1713 1318 1758 ὑπὸ
1339 1715 1653 1758 Κωνσταντίνου
1681 1716 1748 1757 καὶ

391 1846 427 1881 6.
448 1844 580 1882 Μαΐου
603 1847 670 1881 Ox.
739 1849 774 1884 7.
798 1847 883 1881 Dele
892 1844 970 1892 μὲν.
984 1845 1084 1882 Cont'.
1107 1857 1274 1900 μεεῳγ.
1285 1847 1318 1882 8.
1388 1846 1443 1882 10.
1462 1845 1662 1892 Μουσονίῳ
1680 1846 1746 1880 Ox.

300 1957 342 1992 lis
364 1956 500 1992 dextras
520 1958 730 2003 amputavit3
752 1959 912 2004 quosdam
933 1959 1036 1994 etiam
1057 1959 1218 1993 bonorum
1233 1957 1462 2004 publicatione
1482 1957 1647 1993 multavit.
1669 1959 1747 1994 Me-

300 2006 357 2037 tus
378 2002 457 2036 inde
478 2003 595 2047 ingens
617 2004 900 2047 caesariensibus,
921 2005 1054 2050 totique
1077 2005 1162 2038 adeo
1187 2005 1323 2039 Orienti
1345 2005 1491 2039 incussus
1513 2007 1574 2038 est.

298 2093 322 2127 b
388 2048 508 2082 Mense
529 2048 721 2091 Decembri,
744 2050 938 2085 Indictionis
962 2050 1120 2095 ejusdem,
1144 2050 1248 2096 pestis
1271 2050 1421 2085 diversas
1444 2048 1580 2096 Imperii
1603 2060 1666 2094 per
1687 2061 1746 2084 ur-

324 2104 359 2127 es
405 2097 534 2127 russata
557 2098 619 2127 est.

381 2104 508 2172 gltltlense
531 2138 647 2181 Maio,
669 2139 865 2175 Indictionis
889 2140 1053 2185 ejusdem,
1077 2140 1173 2186 panis
1194 2140 1340 2186 penuria
1361 2138 1528 2174 laboravit
1551 2138 1748 2175 Constanti-

299 2182 452 2225 nopolis3
474 2185 510 2216 et
533 2183 578 2216 ad
601 2183 779 2219 dimensum
803 2187 969 2221 modicum
991 2186 1239 2221 reducebantur
1262 2185 1419 2221 homines.
1441 2183 1617 2219 Natalitiis
1635 2191 1747 2221 autem

299 2228 462 2271 agitatis,
496 2227 629 2262 interim
652 2230 730 2263 dum
765 2230 957 2272 Circensia,
998 2243 1066 2266 una
1089 2244 1163 2266 cum
1185 2233 1364 2266 Persarum
1386 2232 1539 2274 Legata,
1573 2235 1746 2275 spectaret

298 2273 507 2317 Imperator,
531 2285 607 2307 eum
629 2273 671 2308 de
694 2274 745 2309 his
767 2275 997 2321 interpellavit
1019 2278 1172 2323 populus.
1219 2276 1320 2317 Quod
1341 2276 1479 2319 indigne
1500 2275 1611 2310 ferens
1634 2276 1746 2322 Impe-

301 2322 418 2359 rator,
453 2318 638 2353 Musonium
661 2320 752 2354 urbis
776 2321 990 2356 Praefectum
1015 2323 1134 2365 jussit,
1168 2322 1218 2356 uti
1241 2325 1476 2354 murmurantes
1498 2327 1745 2365 compesceret;

303 2362 362 2407 qui
385 2362 552 2408 primariis
573 2364 724 2399 Venetae
745 2365 916 2401 Factionis
948 2367 1112 2402 nonnullis
1135 2366 1355 2411 comprensis,
1391 2366 1434 2399 ab
1455 2365 1496 2400 iis
1518 2378 1643 2410 poenas
1666 2379 1747 2402 exe-

302 2408 365 2452 git.
413 2408 594 2442 Caeterum
616 2410 680 2444 ista
701 2410 798 2455 panis
819 2412 960 2455 penuria
991 2424 1051 2457 per
1074 2417 1143 2446 tres
1165 2423 1288 2446 menses
1309 2411 1576 2454 ingrav‘escebat.
1622 2412 1746 2447 Paucis

302 2464 386 2486 vero
409 2457 487 2498 post
509 2454 626 2489 diebus
646 2455 782 2500 fulgura
803 2456 1017 2501 tonitruaque
1038 2458 1228 2499 horrenda,
1269 2456 1408 2490 diversis
1430 2456 1467 2490 in
1488 2457 1570 2492 locis
1593 2458 1747 2502 contige-

302 2501 404 2539 runt3
429 2510 449 2532 a
472 2499 594 2543 quibus
617 2500 716 2534 etiam
744 2502 838 2536 multi
860 2502 1091 2536 laedebantur.

397 2543 514 2578 Mense
536 2544 741 2587 Novembri,
763 2546 957 2581 Indictionis
982 2559 1015 2587 v,
1039 2547 1123 2591 ignis
1154 2548 1189 2581 in
1212 2546 1304 2581 coelo
1334 2546 1512 2591 apparuit,
1544 2549 1604 2594 qui
1628 2549 1746 2583 hastae

305 2587 349 2622 ad
370 2588 488 2629 instar,
513 2590 556 2623 ab
581 2590 723 2625 Oriente
747 2591 790 2624 ad
814 2592 1031 2626 Occidentem
1054 2597 1240 2637 porrectus,
1265 2592 1495 2636 elongabatur.

328 2677 337 2685 .
394 2635 529 2713 Menset
541 2635 672 2681 Aprili,
695 2636 890 2672 Indictionis
915 2637 1082 2684 ejusdem,
1104 2642 1326 2672 terraemotus
1349 2639 1544 2681 horrendus,
1567 2639 1626 2673 sed
1647 2638 1745 2673 inno-

305 2688 390 2720 xlus,
415 2684 513 2712 extm
532 2705 539 2713 .

395 2723 512 2757 Mense
534 2724 725 2767 Decembri,
749 2726 943 2762 Indictionis
966 2739 1014 2769 VI,
1039 2732 1151 2762 terrae
1168 2731 1274 2761 motus
1297 2729 1395 2770 alter,
1419 2729 1518 2774 plane
1540 2728 1744 2769 tremenduae,

305 2771 405 2802 nocte
427 2769 535 2803 media
558 2770 760 2814 ingruebat3
792 2784 887 2818 quem
917 2778 1060 2818 utraque
1083 2773 1388 2818 Constantinopolis
1410 2774 1540 2809 moenia
1562 2779 1743 2814 senserunt,

305 2818 372 2847 tam
396 2818 514 2848 vetera
546 2815 776 2860 Constantini,
807 2829 908 2863 quam
931 2830 1017 2865 quae
1048 2830 1070 2854 a
1100 2819 1292 2855 Theodosio
1324 2824 1481 2855 extructa
1511 2824 1598 2855 sunt.
1654 2817 1743 2860 Quin
