1838 3230
301 183 401 230 430
568 216 572 221 .
691 179 985 224 IOANNIS
1014 183 1355 228 MALALAE

301 298 481 354 νιαριόυς
500 298 681 355 ἐποίησεν
701 298 833 359 ἑαυτῷ
850 301 1120 357 σκρινιαρίους
1139 304 1511 358 στρατηλατιανοῦς
1529 304 1610 349 ἀπὸ
1630 307 1749 358 θείας

302 365 478 422 σάκρας,
518 366 786 423 αἰτησάμενος
816 367 887 410 τὸν
906 369 1075 421 βασιλέα
1103 369 1362 425 αὐτόχθονας
1389 377 1657 429 στρατεῦσαι,
1693 372 1750 424 ὥς

302 434 461 485 εῗδότας
481 436 653 492 τὰμέρη
681 440 754 491 τῆς
772 435 992 491 Ἀρμενίας.
1063 440 1128 480 καὶ
1150 439 1346 495 παρέσχεν
1372 440 1483 500 αὒτῷ
1514 436 1638 485 τοῦτο
1679 443 1748 485 καὶ

301 503 354 546 τὰ
385 506 520 546 δίκαια
549 509 631 546 τῶν
656 503 872 560 Ἀρμενίων
900 509 982 547 τῶν
1032 508 1190 550 ὃουκῶν
1242 510 1308 550 καὶ
1346 513 1427 551 τῶν
1460 507 1648 565 κομήτων
1680 511 1749 553 καὶ

153 582 186 615 Ο
211 581 278 616 158
301 572 398 621 τοὺς
416 570 599 622 ὗπάτους
620 572 770 630 αὖτῷν,
805 570 944 630 πρῴην
964 574 1037 628 μὲν
1067 573 1188 624 ὄντας
1207 577 1518 633 καστρισιανούς
1543 575 1779 635 expectaui-5

290 657 374 690 frag
390 654 399 663 ·
435 635 540 693 ἦσαν
566 640 643 696 γὰρ
666 645 958 683 καταλυθεῖσαι
979 642 1021 684 αἱ
1041 641 1180 701 πρῴην
1206 639 1323 686 οὖσαι
1353 645 1487 700 ἀρχαί,
1558 644 1677 700 ἔλαβε
1703 646 1750 688 δὲ

300 710 365 750 καὶ
387 707 466 750 ἀπὸ
486 713 559 750 τοῦ
583 706 867 764 στρατηλάτου
885 708 1086 765 ἀνατολῆς
1106 711 1310 767 ἀριθμοὺς
1338 714 1563 770 τέσσαρας·
1598 716 1666 757 καὶ
1683 713 1750 770 γε’-

249 783 279 816 C
300 793 412 833 γονεν
441 776 573 819 ἔκτοτε
593 775 747 832 μεγάλη
766 778 1042 834 παραφυλακὴ
1067 777 1289 833 Ῥωμαίοις.
1358 777 1409 836 ἦν
1438 782 1482 824 δὲ
1508 783 1575 824 καὶ
1607 779 1749 837 ὅᾶνὴρ

299 842 536 898 πολεμικός·
584 844 695 894 ὅστις
725 847 792 887 καὶ
820 846 894 900 τὴν
933 846 1111 902 ἀδελφὴν
1143 846 1361 905 Θεοδώρας
1396 853 1469 904 τῆς
1501 847 1750 906 Αὕγούστας

298 911 466 969 ἠγάγετο
485 912 587 968 πρὸς
607 911 750 968 γάμον,
789 912 957 968 ὀνόματι
975 913 1159 969 Κομιτώ,
1182 921 1484 973 νυμφευθεῖσαν
1502 918 1544 961 ἐν
1561 923 1646 968 τοΐς
1655 917 1748 960 Ἀν-
1760 923 1805 958 10

299 979 462 1036 τιόχου,
500 982 669 1036 πλησίον
687 986 761 1024 τοῦ
774 980 953 1025 Ἱππικοῦ
978 983 1454 1036 Κωνσταντινουπόλεως.

397 1049 463 1091 Ἐν
486 1050 529 1091 δὲ
558 1053 616 1107 τῷ
645 1049 756 1108 αὐτῷ
781 1048 918 1108 χρόνῳ
949 1049 1194 1107 ἐξεφώνησεν
1220 1051 1241 1095 ὃ
1268 1052 1391 1103 αὗτός
1414 1051 1604 1108 βασιλεὺς
1633 1056 1749 1096 θεῖον

298 1115 428 1160 τύπον
451 1119 539 1172 περὶ
574 1116 799 1161 ἐπισκόπων
843 1121 910 1161 καὶ
944 1118 1267 1177 ὂρφανοτρόφων
1309 1123 1377 1163 καὶ
1415 1117 1638 1175 οἰκονόμων
1683 1121 1751 1163 καὶ

300 1183 520 1239 ξενοὸόχων
532 1218 544 1238 ,
584 1187 618 1227 εἲ
639 1186 697 1240 μὴ
719 1185 797 1228 ὅσα
815 1187 893 1242 πρὸ
913 1192 986 1231 τοῦ
1009 1188 1196 1243 γενέσθαι
1215 1189 1383 1239 ἕκαστος
1403 1194 1485 1232 τῶν
1512 1187 1752 1245 προειρημέ-

299 1250 380 1296 νων
403 1252 502 1307 εῗχεν
527 1254 567 1295 ἒν
585 1251 804 1297 ’ὗποστάσει
824 1257 1076 1311 περιουσίας,
1118 1259 1172 1306 εἷς
1195 1261 1326 1299 ταῦτα
1351 1259 1416 1300 καὶ
1434 1254 1542 1311 μόνα
1564 1257 1634 1299 ἰ’να
1658 1258 1746 1298 διοι-
1760 1262 1804 1298 15

152 1332 185 1366 Ο
211 1332 276 1368 159
300 1323 482 1376 τίθηται,
511 1322 578 1363 καὶ
602 1321 769 1375 εὐθέως,
807 1321 978 1377 ἢμόνον
1008 1327 1310 1381 προεχειρίσθη,
1340 1326 1535 1381 ἐδηλοῦτο
1564 1322 1590 1378 ἥ
1621 1323 1748 1367 αὐτοῦ

299 1390 522 1446 περιουσία.

246 1469 277 1502 D
396 1457 462 1500 Ἐν
496 1457 540 1499 δὲ
568 1460 627 1515 τῷ
657 1456 766 1515 αὐτῷ
793 1455 929 1516 χρόνῳ
958 1456 1163 1515 ἀνενεώθη
1192 1460 1244 1503 τὰ
1282 1460 1385 1516 με’ρη
1418 1462 1562 1505 Συκῶν
1604 1460 1671 1500 καὶ
1702 1458 1748 1501 τὸ

296 1525 476 1581 θέατρον
506 1526 573 1568 καὶ
603 1524 656 1566 τὰ
686 1527 820 1580 τείχη,
866 1526 1148 1581 μετονομάσας
1179 1528 1304 1583 αὐτὴν
1331 1524 1746 1571 Ἰουστινιανούπολιν.

395 1593 462 1635 Ἔν
485 1593 596 1650 αὐτῷ
621 1594 665 1635 δὲ
686 1598 743 1652 τῷ
761 1592 896 1652 χρόνῳ
916 1594 1145 1652 προσερῥύη
1161 1594 1372 1650 Ῥωμαίοις
1402 1595 1574 1654 ῥήγισσα
1602 1596 1645 1638 ἔκ
1667 1599 1804 1638 τῶνΞΟ

299 1663 509 1718 Σαβείρων
543 1659 731 1714 Οῧννων,
768 1661 867 1716 γυνή
894 1680 955 1712 τις
982 1663 1145 1719 ἀνδρεία
1175 1666 1242 1706 καὶ
1273 1663 1423 1720 πλήθει
1449 1666 1516 1707 καὶ
1543 1661 1749 1720 φρονήσει,

299 1729 469 1785 ὀνόματι
493 1726 594 1772 Baba
606 1761 620 1783 ‚
653 1727 777 1787 χήρα,
815 1730 964 1785 ἔχουσα
985 1732 1030 1774 δὲ
1049 1731 1219 1789 μικροὺς
1238 1732 1353 1782 υἱοὺς
1387 1730 1460 1776 δύο
1497 1734 1563 1775 καὶ
1583 1730 1648 1774 ὑπ’
1674 1731 1750 1774 αὗ-

390 1863 444 1909 10.
472 1858 619 1903 Κομιτώ
643 1861 728 1904 Ch.,
759 1863 918 1908 Κομηταῖ
940 1863 1008 1898 Ox.
1079 1863 1135 1899 18.
1161 1861 1373 1910 ἄνενειόσθη
1394 1865 1463 1900 Ox.
1509 1863 1612 1907 Quod
1635 1866 1750 1911 potest

391 1906 493 1941 etiam
516 1905 690 1943 ἀνενέωσε
712 1908 827 1944 scribi.

300 2018 476 2063 indigenas
499 2020 562 2054 sibi
585 2021 739 2066 accepitz
781 2022 1022 2067 Imperatorem
1047 2022 1148 2057 etiam
1182 2026 1357 2058 exoratum
1380 2023 1518 2067 habuit,
1553 2024 1604 2059 uti
1624 2025 1747 2061 Divino

300 2077 361 2099 suo
387 2077 430 2098 ex
455 2066 600 2108 Edicto,
632 2067 810 2101 scriniarii
833 2068 979 2102 Militiae
1000 2068 1235 2110 inservientes,
1259 2081 1304 2103 ex
1326 2069 1491 2114 indigenis
1513 2070 1578 2114 (ut
1601 2071 1660 2116 qui
1681 2075 1749 2105 Ar-

300 2110 431 2144 meniae
460 2111 614 2155 regiones
647 2113 793 2156 penitius
823 2114 1035 2159 callerent‚)
1069 2114 1227 2159 deinceps
1250 2115 1485 2160 deligerentur.
1540 2116 1591 2150 Et
1613 2116 1749 2160 quidem

300 2156 490 2202 Imperator
513 2156 545 2190 ei
569 2168 636 2191 non
660 2159 724 2192 hoc
746 2159 868 2201 solum,
902 2159 961 2194 sed
984 2160 1211 2194 Armeniorum
1234 2172 1371 2205 quoque
1391 2160 1540 2202 Ducum,
1563 2161 1750 2196 comitum-

304 2213 371 2246 que
391 2202 480 2244 jura,
503 2201 603 2236 sicuti
626 2208 662 2236 et
684 2203 877 2246 Consulum,
902 2206 963 2249 qui
988 2206 1077 2250 prius
1101 2206 1294 2239 Castrenses
1315 2206 1448 2239 fuerant
1470 2205 1609 2248 Milites,
1633 2207 1749 2241 dicen-

303 2247 423 2280 dorum
446 2247 641 2282 concessitz'
661 2248 718 2292 qui
741 2250 817 2283 olim
841 2250 927 2284 enim
949 2250 995 2284 ibi
1019 2251 1252 2292 obtinuerunt,
1285 2250 1498 2296 Principatus
1520 2251 1556 2284 in
1578 2256 1748 2296 posterum

304 2292 514 2326 exoluerunt.
558 2292 629 2327 Sed
652 2301 688 2327 et
711 2305 732 2327 a
755 2294 899 2330 Militum
923 2300 958 2330 et
989 2296 1138 2331 Orientis
1162 2296 1328 2340 Magistro
1351 2296 1517 2330 Numeros
1538 2297 1639 2331 etiam
1663 2309 1749 2342 qua-

303 2343 381 2372 tuor
404 2338 553 2383 accepit=
598 2337 762 2384 cessitque
785 2340 942 2385 deinceps
968 2353 1122 2385 magnum
1154 2341 1312 2376 Romanis
1334 2340 1368 2374 in
1390 2341 1602 2385 praesidium.
1661 2344 1750 2378 Erat

305 2383 360 2416 hic
389 2383 442 2416 vir
465 2384 501 2417 in
530 2383 617 2418 bello
647 2387 818 2425 strenuu53
853 2386 889 2419 in
921 2398 1060 2421 uxorem
1082 2390 1194 2421 autem
1223 2386 1318 2420 duxit
1339 2386 1546 2422 Theodorae
1575 2389 1750 2432 Augustae

304 2439 472 2470 sororem,
510 2429 640 2463 nomine
661 2431 889 2468 Comitonam.
925 2444 1021 2475 quam
1043 2433 1080 2466 in
1111 2433 1251 2466 aedibus
1275 2431 1448 2475 Antiochi,
1483 2443 1590 2478 prope
1613 2433 1748 2469 circum

302 2474 707 2518 Constantinopolitanum
728 2476 818 2517 sitis,
852 2475 915 2509 sibi
938 2477 1168 2522 desponsatam
1192 2476 1319 2511 habuit.

393 2519 465 2552 Sub
489 2520 578 2553 idem
600 2524 728 2566 tempus
760 2522 947 2566 imperator
969 2534 1064 2556 sacro
1087 2534 1145 2557 suo
1167 2522 1289 2557 Edicto
1312 2521 1355 2556 de
1377 2522 1575 2567 Episcopis,
1611 2523 1750 2569 Orpha-

300 2565 478 2608 notrophis
513 2566 713 2600 Oeconomis
742 2571 776 2601 et
807 2566 1085 2602 Xenodochiariis
1118 2567 1228 2609 cavit,
1266 2579 1308 2600 ne
1331 2567 1393 2601 nisi
1417 2568 1460 2602 de
1489 2568 1529 2602 iis
1559 2580 1647 2614 quae
1669 2572 1750 2603 ante

299 2621 415 2643 munus
438 2616 626 2655 susceptum
650 2612 830 2647 habuerint
850 2613 965 2653 bonis,
988 2617 1219 2647 testamentum
1243 2612 1456 2654 emitterent;
1482 2624 1503 2647 a
1526 2625 1663 2649 munere
1685 2625 1748 2649 ve·

300 2665 338 2689 ro
361 2659 515 2699 suscepto
539 2656 652 2690 statim
674 2662 712 2691 ut
736 2659 896 2692 bonorum
917 2669 1050 2691 suorum
1072 2657 1208 2692 tabulae
1232 2658 1513 2703 producerentur.
1711 2680 1713 2686 ·

390 2701 521 2735 Eodem
554 2706 707 2746 tempore
731 2704 918 2749 Imperator
941 2703 1107 2746 Sycarum
1130 2703 1243 2737 ruinas
1274 2703 1456 2746 excitavit3
1496 2706 1533 2739 et
1554 2702 1748 2740 instauratis

302 2743 349 2778 ibi
374 2745 529 2780 Theatro
554 2748 803 2793 moenibusque,
822 2748 1112 2793 Justinianopolim
1134 2748 1280 2783 vocavit.

392 2791 495 2825 Circa
517 2790 553 2824 id
578 2793 679 2827 etiam
702 2800 832 2840 tempus
853 2794 1011 2828 Romanis
1033 2794 1186 2837 adjunxit
1205 2806 1276 2828 sese
1299 2794 1402 2829 vidua
1425 2793 1588 2839 quaedam
1609 2791 1747 2833 mulier;

302 2833 498 2872 Hunnorum
520 2837 718 2874 Sabirorum
740 2851 881 2885 regina,
904 2839 1033 2874 nomine
1055 2840 1149 2882 Boa,
1172 2839 1297 2877 viribus
1320 2839 1571 2887 prudentiaque
1591 2838 1747 2884 praepol-
