1838 3230
282 197 382 245 208
684 188 974 234 IOANNIS
1004 190 1342 234 MALALAE

284 311 447 369 περιτίῳ
476 313 535 369 τῷ
567 310 635 352 καὶ
662 302 939 367 φεβρουαρίῳ
957 305 1035 352 κα’.
1106 310 1173 351 καὶ
1199 307 1407 365 ἀνενεώθη
1425 313 1564 363 πᾶσα,
1600 311 1742 361 καθὼς

281 379 446 434 Δόμνος
477 376 498 421 ὅ
529 375 813 434 χρονογράφος
843 374 1146 432 συνεγράψατο·
1181 377 1284 430 μετὰ
1316 378 1361 420 δὲ
1389 378 1438 420 τὸ
1469 381 1740 434 πληρωθῆναι

264 448 333 502 ,τὰ
356 449 465 502 τείχη
488 449 555 489 καὶ
579 446 653 501 τὴν
675 443 791 487 πόλιν
810 448 946 488 πᾶσαν
962 445 1066 500 μετὰ
1091 443 1180 502 ρκβ’
1200 444 1268 501 ἔτη
1289 444 1440 488 ἔπαθε·
1476 447 1544 488 καὶ
1570 447 1740 501 βελτίων

279 516 444 574 ἐγένετο.

382 582 509 627 Μετὰ
540 582 584 624 δὲ
609 580 814 635 Ἀντίοχον
842 579 1002 637 ἔκγονον
1031 585 1103 623 τοῦ
1124 584 1164 623 Γ
1162 578 1291 636 ρύπου
1315 581 1571 634 ἐβασίλευσεν
1583 580 1772 629 liutto-5

231 665 262 701 Β
281 670 355 709 χος
382 651 403 695 ὅ
433 650 656 706 Εὐεργέτης
666 682 678 702 ,
717 648 828 698 ὅστις
857 647 1112 706 ἕτυραννήθη
1140 647 1218 691 ὑπὸ
1245 647 1437 704 Πάρθων
1461 652 1527 693 καὶ
1544 648 1741 706 ἐπεστρά-

281 736 396 765 τευσε
438 718 524 762 κατ’
562 718 698 760 αὐτῶν
735 716 933 773 μεγάλως.
1004 719 1069 759 καὶ
1101 717 1204 771 μετὰ
1232 717 1278 759 τὸ
1309 717 1486 767 πολλοὺς
1510 718 1739 762 ἀπολέσθαι

135 801 168 837 0
191 802 260 838 266
282 788 490 845 Πάρθους
510 788 566 837 εἷς
591 787 729 843 φιλίαν
747 782 881 841 ἦλθον
895 799 905 809 ·
941 787 1008 828 καὶ
1027 784 1145 839 ἔλαβε
1164 792 1332 840 γυναῖκα
1356 783 1547 844 Ἀντιόχῳ
1575 791 1633 845 τῷ
1661 787 1738 844 υἱῷ

284 858 412 901 αὐτοῦ
451 860 509 915 τῷ
551 854 749 912 λεγομένῳ
788 855 1001 913 Κυζικηνῷ
1045 853 1119 907 τὴν
1154 853 1365 910 θυγατέρα
1403 851 1625 909 Ἀρσάκους
1662 858 1738 896 τοῦ

283 924 467 978 Πάρθου
507 928 580 966 τοῦ
625 920 957 979 τυραννήσαντος
995 920 1121 964 αὐτὸν
1163 919 1331 976 ὀνόματι
1367 921 1598 978 Βριττάνην
1613 936 1623 946 ·
1671 923 1739 965 καὶ
1751 933 1795 968 10

283 992 445 1048 ἐπαύθη
463 991 483 1035 ὃ
505 990 693 1045 πόλεμος.

384 1062 509 1105 Men)
535 1061 579 1102 δὲ
596 1060 799 1113 Ἀντίοχον
821 1057 893 1101 τὸν
914 1057 1138 1114 Εὐεργέτην
1167 1058 1431 1111 ἐβασίλευσαν
1453 1058 1496 1100 ἐκ
1514 1056 1741 1112 τοῦγένους

286 1130 413 1173 αὐτοῦ
440 1129 555 1171 ἄλλοι
584 1126 631 1171 θ’
660 1130 839 1180 βασιλεῖς
874 1126 948 1175 ἕως
981 1131 1055 1181 τῆς
1083 1127 1292 1180 βασιλείας
1310 1124 1516 1180 Ἀντιόχου
1541 1129 1615 1168 τοῦ
1635 1125 1741 1168 Διο-

284 1200 419 1248 νίκους
440 1202 513 1240 τοῦ
537 1200 685 1252 λεπροῦ
707 1199 780 1238 τοῦ
799 1194 953 1250 πατρὸς
969 1192 1239 1249 Κλεοπάτρας
1257 1195 1325 1237 καὶ
1342 1194 1595 1248 Ἀντιοχίδος.

382 1266 449 1309 Ἔν
471 1266 515 1308 δὲ
533 1272 618 1314 τοῖς
632 1261 794 1319 χρόνοις
812 1267 884 1317 τῆς
899 1263 1107 1315 βασιλείας
1126 1267 1206 1304 τῶν
1228 1262 1306 1318 πρὸ
1317 1261 1522 1317 Ἀντιόχου
1541 1265 1614 1305 τοῦ
1633 1262 1737 1305 Διο-
1749 1274 1794 1310 15

283 1335 418 1384 νίκους
446 1338 520 1376 τοῦ
550 1331 838 1388 προειρημένου
860 1328 1101 1385 ἐτυράννησε
1116 1329 1339 1384 Ῥωμαίους
1361 1329 1381 1372 ὅ
1403 1328 1613 1383 βασιλεύς,
1648 1329 1740 1384 ἤτοι

230 1415 261 1450 c
285 1401 505 1457 τοπάρχης,
536 1400 705 1458 Πύῤῥος
726 1397 746 1442 ὃ
764 1396 1024 1454 Ἠπειρώτης,
1054 1398 1193 1452 λαβὼν
1211 1398 1399 1453 χρησμὸν
1421 1397 1482 1440 ὅτι
1499 1397 1578 1440 ὑπὸ
1598 1414 1738 1453 γυναι-

281 1471 351 1521 κὸς
377 1467 638 1524 ἀποθνήσκει.
712 1469 778 1510 καὶ
809 1466 1031 1520 συμβαλών
1058 1466 1170 1524 αὐτῷ
1201 1464 1376 1520 πόλεμον
1398 1464 1418 1508 ὃ
1445 1464 1600 1520 Κύριος
1627 1464 1738 1508 ὕπα-

281 1556 354 1589 τος
368 1538 578 1592 Ῥωμαίων
600 1537 776 1590 ἐνίκησεν
798 1533 922 1576 αὐτόν
938 1548 947 1557 ·
984 1536 1050 1576 καὶ
1073 1534 1212 1591 φυγὼν
1244 1532 1264 1576 ὃ
1296 1532 1467 1590 Πύῤῥος
1498 1529 1603 1588 ἦλθε
1632 1537 1737 1588 πλη-

284 1609 372 1650 σίον
400 1605 553 1655 πόλεως
580 1602 749 1660 ἐχούσης
767 1603 842 1653 ἔξω
861 1606 999 1656 τειχῶν
1020 1601 1243 1656 οἲκήματα·
1280 1604 1346 1644 καὶ
1368 1602 1527 1659 ῥίψασα
1545 1601 1646 1658 γυνὴ
1670 1619 1735 1644 κε-
1745 1610 1793 1646 20

286 1677 441 1732 ραμῖὃα
461 1674 565 1717 κατὰ
586 1678 659 1728 τῆς
676 1675 856 1727 κορυφῆς
878 1670 1003 1712 αὐτοῦ
1025 1668 1236 1726 ἐφόνευσεν
1258 1668 1395 1712 αὐτόν.

386 1742 510 1786 Μετὰ
530 1746 661 1785 ταῦτα
682 1741 725 1782 δὲ
746 1739 894 1795 ἐγένετο
915 1737 1072 1788 ὕπατος
1088 1736 1263 1793 Μάγνος
1280 1735 1301 1780 ὃ
1320 1739 1386 1779 καὶ
1403 1740 1573 1786 Παῦλος
1593 1735 1614 1779 ὃ
1633 1739 1738 1779 Ista-

285 1809 411 1855 κεδών
425 1826 434 1834 ·
477 1810 588 1860 ὅστις
618 1806 830 1866 ἐφόνευσεν
853 1807 895 1849 ἐν
914 1807 1076 1866 πολέμῳ
1099 1807 1169 1849 τὸν
1189 1806 1360 1860 βασιλέα
1379 1810 1453 1861 τῆς
1474 1806 1739 1854 Μακεδονίας

376 1909 408 1943 1.
435 1907 611 1952 Περιττίφ
637 1906 703 1940 Ox,
801 1905 834 1940 3.
858 1902 985 1951 βελτίω
1009 1903 1076 1937 Ox.
1181 1902 1235 1937 13.
1259 1899 1377 1938 αὐτοῦ
1400 1901 1485 1944 Ch„
1519 1897 1642 1937 αὐτῶν
1666 1901 1736 1936 Ox.

376 1956 433 1989 18.
456 1951 669 2000 συμβάλλων
692 1952 759 1986 Ox.

289 2043 381 2074 cml,
417 2035 494 2077 post
516 2031 646 2066 moenia
668 2035 780 2065 autem
804 2028 977 2069 absoluta,
1008 2027 1182 2072 ipsamque
1212 2027 1328 2060 urbem
1350 2028 1475 2067 totam,
1514 2024 1607 2060 annis
1630 2035 1735 2059 cxxn.

289 2079 378 2113 Tum
399 2089 481 2112 vero
505 2077 548 2110 de
569 2078 703 2120 integro
727 2075 886 2110 restituta
908 2078 978 2115 est,
1001 2078 1076 2108 tota
1098 2072 1133 2106 in
1154 2072 1269 2107 melius
1291 2070 1448 2106 redactae
1470 2070 1568 2106 sicuti
1589 2071 1736 2106 Domnus

288 2124 577 2168 chronographus
598 2123 758 2165 scriptum
781 2119 930 2164 reliquit.

378 2169 544 2204 Antiocho
562 2167 676 2212 Grypi
697 2166 854 2200 successit
876 2165 912 2198 in
934 2175 1038 2208 regno
1063 2162 1244 2197 Antiochus
1261 2162 1459 2206 Evergetes.
1503 2161 1570 2195 Hic
1592 2161 1628 2196 in
1649 2161 1737 2195 Par-

288 2215 364 2249 thos
385 2214 586 2249 rebellantes
609 2224 701 2246 arma
724 2211 845 2245 movit:
879 2221 1020 2255 cumque
1043 2209 1244 2243 Parthorum
1267 2207 1401 2253 plurimi
1422 2208 1458 2241 in
1480 2207 1569 2242 beno
1592 2207 1735 2242 cecidis-

290 2266 384 2301 sent3
408 2261 444 2294 in
465 2259 610 2304 gratiam
633 2257 756 2292 deinde
778 2268 850 2290 cum
874 2256 921 2289 eis
943 2255 1088 2296 rediens,
1112 2254 1214 2287 filiam
1236 2252 1369 2287 Arsacis
1392 2253 1525 2295 Parthi,
1549 2251 1734 2286 adversarii

289 2306 360 2347 sui,
384 2306 516 2339 nomine
538 2304 734 2344 Brittanen,
763 2301 929 2336 Antiocho
953 2301 1125 2346 Cyziceno
1147 2299 1183 2333 in
1204 2310 1340 2333 uxorem
1363 2298 1516 2344 accepit:
1553 2302 1656 2342 atque
1676 2297 1733 2331 hic

287 2351 370 2385 belli
392 2351 467 2384 finis
487 2350 565 2385 fuit.

378 2397 464 2431 Post
494 2394 693 2430 Antiochum
725 2404 807 2426 vero
841 2392 1070 2436 Evergetem‚
1108 2392 1299 2435 regnarunt
1328 2400 1372 2423 ex
1395 2399 1519 2432 genere
1542 2387 1613 2432 ejus
1635 2398 1733 2431 reges

289 2441 349 2477 alii
371 2453 427 2483 1x‚
459 2453 565 2486 usque
588 2440 632 2474 ad
653 2438 852 2474 Antiochum
882 2437 1059 2472 Dionicum
1081 2437 1283 2482 Leprosum,
1323 2434 1527 2479 Cleopatrae
1554 2437 1591 2467 et
1614 2435 1734 2468 Antio-

291 2487 397 2522 chidis
446 2492 564 2521 atrem.

381 2499 605 2577 Tgmporibus
637 2533 750 2565 autem
779 2539 912 2570 eorum,
954 2526 1012 2572 qui
1044 2526 1243 2561 Antiochum
1264 2523 1438 2558 Dionicum
1469 2526 1733 2566 antecesserunt,

289 2579 457 2613 Romanos
479 2577 602 2612 invasit
624 2576 726 2621 Epiri
749 2586 810 2608 rex
832 2574 1004 2617 Pyrrhus3
1040 2572 1177 2606 oraculo
1201 2571 1328 2611 fretus,
1358 2570 1507 2603 futurum
1531 2581 1618 2611 esse,
1651 2573 1690 2603 ut
1711 2580 1734 2603 a.

286 2625 424 2658 muliere
447 2623 587 2668 periret.
636 2623 839 2665 Congressus
862 2618 979 2662 itaque
1002 2629 1076 2652 cum
1100 2629 1140 2651 eo
1161 2615 1296 2657 Curius,
1321 2614 1444 2648 Consul
1459 2614 1637 2656 Romanus,
1660 2613 1734 2648 bel-

286 2669 320 2703 lo
344 2669 496 2714 superior
523 2667 651 2703 evasit:
683 2666 835 2711 Pyrrhus
858 2668 968 2698 autem
990 2663 1026 2696 in
1047 2663 1164 2706 fugam
1186 2672 1320 2702 versus,
1344 2661 1460 2694 urbem
1482 2661 1649 2705 quandam
1671 2670 1733 2693 ve-

287 2714 356 2756 nit,
380 2714 536 2748 aedificia
559 2718 658 2748 extra
680 2723 789 2746 muros
811 2710 1006 2744 habentem:
1040 2707 1099 2742 ubi
1121 2706 1238 2741 mulier
1260 2706 1444 2751 quaedam,
1476 2705 1594 2750 tegula
1616 2705 1651 2738 in
1675 2715 1734 2738 ca·-

288 2765 352 2804 put
375 2761 446 2803 ejus
468 2759 621 2800 vibrata,
644 2758 735 2792 illum
758 2755 895 2791 occidit.

379 2805 502 2840 Postea
523 2804 726 2849 temporibus
749 2801 873 2836 Consul
893 2800 1060 2834 Romanus
1082 2797 1148 2831 fuit
1168 2796 1334 2841 Magum
1370 2795 1428 2841 qui
1450 2798 1487 2830 et
1508 2795 1631 2830 Paulus
1653 2793 1732 2828 Ma-

290 2849 480 2885 cedonicus.
538 2851 673 2885 Persem
695 2848 767 2890 hic,
802 2845 1025 2882 Macedoniae
1047 2854 1182 2890 regem,
1217 2842 1307 2878 bello
1331 2841 1529 2883 interfecit3
1567 2839 1731 2875 Macedo-
