1838 3230
309 188 408 236 744
896 182 1166 227 BENTLEII

306 299 386 338 'viri
407 298 514 338 docti
533 304 774 349 asseverant,
803 311 930 352 neque
950 313 1079 352 posse.
1136 300 1234 339 Nam
1259 301 1348 340 ecee
1377 300 1450 340 tibi
1465 299 1632 340 Ioannes
1651 301 1748 341 Τπε-

306 362 389 393 tzes
401 385 412 404 ,
442 356 508 406 qui
528 369 616 393 cum
636 355 901 407 ἰωνικωτέρως
920 372 1003 403 πως
1022 357 1232 408 protulerit
1251 355 1457 408 Μελέλης,
1486 364 1591 396 certe
1610 371 1748 396 secun-

308 411 400 449 dum
422 425 482 450 me
499 410 694 463 judicasse
716 411 910 453 videatur.
970 412 1114 451 Crebro
1131 414 1229 451 enim
1251 427 1319 452 eae
1338 413 1508 465 syllabae
1525 420 1750 466 permutan-

306 473 375 505 tur
390 467 493 505 inter
513 481 552 505 se
566 496 576 515 ,
603 468 811 515 Λεωνίδας
826 469 1058 519 Λεωνίδης,
1081 472 1222 520 Ερμᾶς
1240 472 1401 523 Ερμῆς,
1427 472 1610 517 Απελλοῒς
1625 472 1752 511 Amt-

186 527 215 561 V
238 527 283 562 42
307 524 397 573 λῆς,
439 522 626 570 Μαλέλας
658 523 858 575 Μαλέλης.
922 524 1071 563 Eodem
1092 525 1264 574 accedit,
1303 525 1412 577 quod
1437 525 1479 563 in
1511 525 1660 578 syllaba
1685 538 1750 564 se-s·

309 579 437 616 cunda
462 578 647 616 statuitur
673 586 875 630 accentus,
913 583 986 620 τοῦ
1014 579 1180 620 Μαλέλα
1214 587 1396 632 tanquam
1422 582 1470 620 ab
1502 580 1527 622 ὅ
1550 580 1750 631 Μαλέλας,

307 648 388 672 non
419 631 586 674 Meneta
611 647 738 685 neque
766 634 932 676 Μαλελᾶ
968 642 1013 674 ut
1048 637 1280 687 plerumque
1311 638 1452 676 assolet
1479 637 1518 675 in
1546 637 1750 675 vocabulis

181 696 216 730 Ο
240 698 284 733 85
303 691 534 742 peregrinis,
594 690 739 728 Verum
754 691 853 729 illud
873 692 913 729 in
933 692 1069 743 primis
1085 699 1144 730 est
1164 692 1420 732 admiratione
1439 693 1611 744 dignum,
1641 692 1751 744 quod

307 752 352 784 ut
370 746 419 784 de
439 747 590 784 Graeco
611 747 764 784 nomine
789 748 961 797 cognitio
982 747 1194 798 habeatur,
1223 744 1291 789 ἐπ’
1317 745 1563 801 ἀλλοθρόους
1590 745 1750 802 ἅνθριό-

306 817 408 849 πους
436 808 474 840 et
502 801 552 840 ad
579 802 765 841 barbaras
791 804 968 842 nationes
993 810 1224 855 provocant.
1280 805 1480 856 Siquidem
1507 818 1558 844 ex
1586 805 1748 843 Hunno-

307 871 397 896 rum
417 865 530 907 gente
553 865 643 896 sunt
659 857 824 910 Ασκούμ,
849 866 888 898 et
905 858 1028 911 Βλοὲχ,
1059 860 1107 898 de
1134 860 1275 911 quibus
1302 861 1394 900 vide
1422 861 1550 912 ipsum
1570 860 1750 899 Malelam

306 927 345 965 p.
373 916 462 955 159.
483 920 521 952 et
544 917 635 955 170.
691 914 838 953 Verum
867 929 935 964 age
964 916 1281 967 quandoquidem
1312 917 1367 955 sic
1393 917 1454 967 agi
1473 917 1618 967 placet,
1648 916 1748 955 cedo

307 982 406 1019 quos
427 970 560 1008 volent
580 969 765 1010 arbitros.
795 971 991 1009 Stabimus
1019 971 1134 1010 etiam
1165 972 1396 1010 Hunnorum
1421 972 1594 1025 judicio:
1621 984 1749 1023 neque

307 1023 483 1064 homines
512 1026 675 1077 plebeii,
712 1027 780 1065 sed
817 1041 928 1078 reges
969 1035 1008 1067 et
1040 1027 1194 1078 regibus
1221 1029 1391 1079 proximi
1420 1028 1749 1080 pronunciabunt.

309 1080 438 1118 Verba
462 1087 553 1119 sunt
570 1082 731 1121 Malelae
757 1096 794 1134 p.
817 1083 884 1124 59.
913 1082 994 1123 Καὶ
1018 1081 1184 1136 ἤνεγκεν
1215 1081 1296 1136 ἅμα
1327 1080 1452 1124 αὐτοῦ
1476 1080 1575 1125 nuto?
1593 1086 1748 1124 Αττιλᾶ.

305 1136 472 1174 Maxime
496 1150 652 1187 regum,
685 1139 789 1176 bona
813 1145 882 1177 tua
907 1140 1020 1178 venia
1048 1140 1214 1178 libenter
1242 1140 1483 1190 rogaverim,
1511 1140 1577 1191 qui
1602 1141 1749 1178 Graece

305 1192 462 1229 vocaris
479 1206 569 1230 casu
587 1200 708 1234 recto.
759 1195 839 1232 Cur
857 1201 985 1234 autem
1006 1202 1196 1247 occupato
1214 1196 1366 1234 molesti
1385 1196 1547 1234 sumus?
1573 1197 1750 1247 Respon-

306 1247 416 1284 debit
431 1261 501 1298 pro
522 1262 567 1287 eo
586 1249 743 1288 Malelas
763 1250 927 1289 ibidem:
955 1247 1150 1297 ,Ωσαύτως
1177 1250 1219 1291 δὲ
1244 1251 1311 1291 καὶ
1333 1255 1501 1299 Αττιλᾶς
1519 1249 1748 1301 ἐτελεύτησε.

304 1303 373 1340 Sic
394 1316 526 1351 omnes
546 1318 624 1342 uno
646 1318 726 1342 ore.
773 1305 891 1356 Apud
910 1306 1083 1344 Priscum
1107 1307 1293 1345 Thracem
1309 1308 1348 1345 in
1372 1307 1629 1346 collectaneis
1648 1308 1750 1345 Con-

305 1359 467 1396 stantini
492 1359 840 1411 Porphyrogeniti3
870 1362 1123 1410 corrigendus
1148 1363 1274 1401 obiter
1293 1363 1455 1410 Suidas,
1486 1363 1554 1414 qui
1575 1363 1750 1416 Πρίσκος

306 1415 362 1451 nit
383 1414 559 1467 Πανίτης
579 1416 749 1467 ἔγραψεν
770 1416 944 1470 ἱστορίαν
961 1415 1205 1469 Βυζαντικήν
1221 1418 1286 1458 καὶ
1307 1417 1404 1458 notro}
1420 1421 1606 1460 Ατταλον.
1662 1419 1748 1469 lege

306 1468 415 1507 haud
451 1477 701 1521 cunctanter,
741 1470 1012 1524 Βυζαντιακὴν
1049 1472 1116 1513 καὶ
1141 1471 1239 1512 nocte?
1270 1469 1452 1526 Αττήλαν
1480 1474 1544 1512 vel
1570 1470 1748 1527 Αττήλοι·

308 1526 411 1576 apud
433 1526 623 1577 Priscum,
652 1527 825 1578 inquam,
857 1528 1061 1578 aliquoties
1079 1529 1183 1579 legas
1202 1526 1379 1581 Αττήλας
1402 1529 1468 1570 καὶ
1486 1526 1651 1580 Βλήδας.
1708 1531 1748 1568 Is

307 1582 450 1620 Attilae
468 1582 589 1621 frater
608 1590 703 1632 erat,
730 1598 751 1621 a
768 1584 961 1622 Jornande
985 1584 1095 1622 Bleta
1120 1584 1260 1634 dictus,
1284 1586 1514 1637 aProspero
1539 1585 1749 1638 depravate

306 1637 447 1685 Bleba,
478 1652 500 1675 a
527 1638 765 1691 Theophane
784 1639 952 1686 Βδέλας·
989 1643 1177 1690 Λττιλᾶς,
1208 1641 1358 1692 inquit,
1400 1642 1625 1693 Ομνουὸἰου
1654 1645 1750 1689 παῖς

308 1689 518 1744 ἀποβέλών
547 1694 698 1735 Βδὲλαν
725 1692 795 1735 τόν
813 1690 1076 1748 πρεσβύτερον
1097 1692 1282 1747 ἀδελφόν.
1339 1697 1508 1736 Verbum
1527 1697 1626 1735 illud
1645 1697 1749 1735 divi-

306 1749 429 1786 duum
450 1750 591 1800 facito,
621 1757 660 1789 et
675 1751 802 1789 scribe
822 1749 848 1792 ὅ
869 1752 1083 1792 Μνουδίου
1107 1757 1201 1800 παῖς
1228 1753 1292 1791 vel
1318 1753 1485 1791 sortasse
1502 1754 1748 1801 Μουνδζίου.

305 1804 521 1844 Jornandes
545 1806 647 1844 enim
666 1807 954 1845 Mundzuccum
978 1808 1172 1857 nominat,
1198 1814 1237 1846 et
1264 1809 1486 1859 Sigebertus
1506 1809 1747 1860 Mundzuch,

306 1873 518 1911 perperam
538 1875 634 1899 vero
649 1862 894 1913 Nicephorus
917 1863 1100 1902 Callistus
1120 1865 1354 1915 Νουμίδιον.
1385 1864 1492 1912 Quid
1514 1865 1657 1904 Attilae
1674 1879 1749 1916 pa-

307 1921 442 1966 truus,
479 1921 582 1957 Ρουα
609 1931 658 1956 ne
681 1917 911 1957 declinabile
939 1933 986 1957 an
1009 1915 1166 1966 Poziag?
1198 1921 1251 1958 De
1272 1919 1350 1959 hoc
1380 1926 1524 1959 statuet
1549 1921 1652 1959 idem
1677 1921 1746 1960 ille

307 1971 464 2009 Priscus
474 1987 485 2021 3
520 1973 631 2024 cujus
658 1974 779 2012 verba
821 1981 931 2024 sunt,
973 1971 1082 2015 Potine
1109 1973 1381 2028 βασιλεύοντος
1403 1979 1482 2016 τῶν
1513 1973 1679 2017 Οῧννων
1705 1982 1746 2015 et

308 2023 415 2078 παρὰ
442 2025 512 2067 τόν
542 2025 674 2068 Pov'ocv
704 2026 973 2080 ἀφικνεῖσθαι.
1028 2031 1086 2069 Ita
1114 2029 1244 2078 Βάλας
1270 2032 1355 2071 dux
1377 2032 1605 2070 Hunnorum
1638 2032 1745 2083 apud

305 2082 560 2134 Procopium,
593 2084 855 2124 vandalorum
878 2082 1089 2138 Αμμᾶτας,
1120 2087 1356 2126 Gotthorum
1387 2089 1564 2139 Γρίππας
1592 2093 1630 2126 et
1650 2086 1744 2127 Βέσ-

308 2149 398 2187 σας,
434 2144 472 2177 et
497 2135 668 2189 Μόρῤας
692 2147 730 2178 et
765 2143 975 2195 Μαρκίας,
1017 2150 1057 2181 et
1085 2144 1256 2195 Αλβίλας
1284 2150 1324 2182 et
1355 2139 1584 2194 Ου’σὸρίλας.
1641 2144 1743 2182 Eant

308 2206 414 2231 nunc
433 2200 472 2232 et
491 2195 537 2232 ab
556 2194 703 2233 Hunnis
726 2197 870 2235 malum
894 2199 967 2236 sibi
993 2199 1227 2238 mendicent.
1282 2199 1401 2251 Apud
1427 2199 1603 2237 Malelam
1630 2212 1743 2250 repe-

309 2249 370 2287 rio
394 2263 437 2301 p.
457 2254 552 2292 210.
587 2251 719 2298 Τζίττα
744 2250 1004 2304 στρατηλάτου
1028 2256 1245 2306 Ρωμαίων,
1273 2261 1311 2293 et
1329 2258 1422 2296 202.
1450 2252 1548 2294 κατοὶ
1564 2255 1743 2294 Σουνίκα

308 2306 376 2344 καὶ
394 2307 541 2357 Σίμμα,
570 2313 608 2344 et
630 2310 720 2349 111.
752 2306 846 2359 μετὰ
865 2311 936 2348 τοῦ
954 2307 1119 2361 ἡνιόχου
1143 2308 1360 2359 Καλλιόπα,
1389 2316 1427 2348 et
1450 2311 1540 2352 165.
1559 2307 1653 2362 μετοῖ
1670 2311 1743 2350 τοῦ

310 2357 514 2413 φυλάρχου
531 2361 689 2414 Αρέθα·
717 2363 831 2414 plane
856 2371 902 2402 ut
931 2365 1037 2415 apud
1067 2367 1359 2405 Constantinum
1389 2372 1448 2404 est
1476 2369 1551 2405 τοῦ
1579 2365 1742 2417 ἐπίκλην

310 2417 488 2456 Μαλέλα.
542 2419 722 2457 Placetne
737 2419 834 2471 jam,
863 2425 907 2457 ut
924 2420 1107 2459 loannem
1127 2422 1256 2473 ipsum
1273 2421 1383 2459 nobis
1401 2420 1590 2459 arbitrum
1613 2422 1742 2473 capia-

309 2473 424 2510 mus?
455 2486 596 2523 aequa,
629 2475 791 2526 opinor,
811 2482 850 2514 et
866 2475 1027 2514 honesta
1048 2479 1260 2528 postulatio
1281 2483 1348 2516 est.
1392 2478 1628 2515 Sententiam
1647 2491 1742 2516 vero

306 2526 340 2563 is
360 2541 466 2565 suam
487 2530 652 2568 ostendit
667 2545 710 2581 p.
732 2531 827 2574 204.
857 2528 959 2579 ὅστις
983 2534 1135 2579 Τζίττας
1162 2537 1256 2574 203.
1287 2533 1483 2579 Σουνίκας
1502 2532 1625 2573 δὲκαὶ
1646 2535 1743 2585 Σίμ-

308 2598 384 2634 μας
405 2587 494 2625 110.
524 2582 750 2633 Καλλιόπας
775 2602 832 2633 τις
859 2586 1017 2638 ’ἡνίοχος
1039 2591 1129 2630 166.
1159 2587 1321 2640 Αρέθας
1346 2603 1404 2635 τις
1419 2586 1441 2628 ὁ
1461 2588 1657 2642 φύλαρχος
1675 2588 1743 2629 καὶ

308 2636 507 2689 Γνούφας.
573 2642 622 2679 Et
652 2641 783 2679 adhuc
809 2642 1003 2693 dubitent,
1039 2643 1071 2680 si
1104 2649 1291 2695 possunt,
1337 2650 1519 2683 utrumne
1552 2645 1619 2696 qui
1644 2644 1741 2682 haec

184 2695 216 2729 Ο
241 2696 285 2731 86
307 2694 525 2745 scripserit,
557 2697 639 2734 ullo
662 2698 776 2735 modo
796 2704 854 2736 est
884 2706 927 2737 ut
955 2697 979 2739 ὁ
1005 2699 1169 2738 Μαλέλα
1194 2705 1356 2737 vocatus
1382 2700 1511 2738 fuerit.
1566 2701 1649 2737 Jam
1673 2704 1740 2739 Σι.

309 2746 409 2800 σάρα
434 2757 471 2788 ct
502 2750 615 2791 Φουοέ
638 2766 752 2803 quam
773 2753 888 2792 inviti
920 2761 958 2792 et
975 2761 1195 2792 recusantes
1229 2755 1267 2792 in
1297 2765 1564 2804 argumentum
1591 2756 1740 2793 ducun-

308 2807 395 2844 tur!
429 2807 546 2848 Recte
564 2808 721 2861 quidem
739 2810 883 2850 sactum
905 2825 927 2849 a
944 2823 1068 2852 Lxxu.
1098 2810 1216 2858 viris3
1244 2811 1351 2863 quod.
1379 2825 1466 2851 cum
1495 2818 1648 2853 vetusta
1673 2813 1738 2850 illa
