1838 3230
257 183 358 232 346
658 177 937 224 IOANNIS
966 179 1306 224 MALALAE

256 296 373 355 κώμη
399 299 467 343 καὶ
494 299 648 343 δίκαιον
674 295 827 349 πόλεως
846 297 921 349 ἕως
940 302 1015 355 τῆς
1033 303 1125 353 νῦν,
1163 298 1227 342 ἐπὶ
1250 303 1323 355 τῆς
1346 297 1541 350 ὖπατείας
1559 301 1716 358 Μηροε

253 367 415 424 βαῦδου
438 369 504 411 καὶ
523 368 812 422 Σατουρνίνου.

352 435 402 479 Ὁ
422 437 467 479 δὲ
489 435 612 485 αὐτὸς
637 432 857 485 Θεοδόσιος
883 435 946 477 ἐπὶ
964 439 1037 491 τῆς
1057 433 1204 478 ἑαυτοῦ
1224 434 1433 489 βασιλείας
1458 434 1618 490 ἐποίησε
1636 433 1712 490 τὴν

250 502 425 549 σύνοδον
456 508 538 546 τῶν
574 501 634 560 ρν’
666 501 892 546 ἐπισκόπων
930 507 1012 546 τῶν
1052 504 1094 546 ἐν
1122 500 1551 547 Κωνσταντινουπόλει
1583 502 1712 545 ἕνεκεν

249 578 325 617 τοῦ
346 571 566 627 ὄμοουσίου
587 574 661 614 τυῦ
683 569 796 627 ἆγίου
818 569 1060 626 πνεύματος.
1131 569 1327 620 ὡσαύτως
1348 571 1392 613 δὲ
1417 569 1437 614 ὃ
1459 570 1582 620 αὐτὸς
1605 572 1743 617 Θεο-5

251 639 389 690 δόσιος
414 639 607 694 βασιλεὺς
631 637 832 696 προήγαγε
857 640 928 683 τὸν
955 639 1130 696 ἔπαρχον
1147 639 1404 696 πραιτωρίων
1420 639 1623 693 Ἀντίοχον
1639 637 1712 681 τὸν

250 703 415 764 ἐπίκλην
441 706 644 760 Χούζωνα
678 707 749 750 τὸν
776 708 925 764 μέγαν,
959 705 1231 763 καταγόμενον
1259 706 1339 749 ἀπὸ
1364 706 1608 761 Ἀντιοχείας
1638 710 1712 761 τῆς

249 775 438 833 μεγάλης.
508 775 533 831 ἢ
555 774 682 830 μόνον
703 777 747 818 δὲ
763 774 956 833 προήχθη
973 775 1162 832 ἔπαρχος,
1196 772 1366 830 ἀνήγαγε
1389 779 1448 834 τῷ
1467 775 1578 832 αὐτῷ
1604 776 1709 817 Θεο-

250 846 376 903 δοσίῳ
405 848 570 898 βασιλεῖ
598 844 661 887 ὅτι
690 842 925 900 ἕπλατῦνθη
958 845 1025 887 καὶ
1055 842 1219 899 ηὐξήθη
1240 841 1266 898 ἦ
1288 842 1392 896 αὐτὴ
1417 840 1572 898 μεγάλη
1593 839 1710 891 πόλις

147 945 150 946 ⁷
197 923 230 959 D
250 912 469 968 Ἀντιόχεια
495 916 569 968 τῆς
598 914 751 969 Συρίας
779 914 845 955 καὶ
875 912 952 968 ἔχει
980 911 1112 955 πολλὰ
1141 909 1342 966 οἰκήματα
1362 910 1438 961 ἔξω
1457 910 1616 965 τειχέων
1643 910 1706 951 ἐπὶ
1720 920 1764 954 10

248 983 383 1038 μίλιον
402 981 485 1025 ἕνα.
556 983 623 1024 καὶ
643 981 842 1024 ἐκέλευσεν
860 979 881 1024 ὅ
906 980 1030 1030 αὐτὸς
1049 982 1240 1035 βασιλεὺς
1263 976 1483 1028 Θεοδόσιος
1500 995 1712 1035 περιτειχι-

250 1054 406 1105 σθῆναι
429 1051 495 1092 καὶ
513 1049 566 1092 τὰ
582 1049 659 1100 ἔξω
678 1054 752 1104 τῆς
771 1047 925 1099 πόλεως
945 1048 1044 1092 ὅντα
1065 1045 1289 1102 οῗκήματα·
1325 1048 1392 1089 καὶ
1409 1046 1559 1102 ἐγένετο
1579 1052 1710 1100 τεῖχος

252 1118 333 1161 ἀπὸ
364 1122 438 1173 τῆς
464 1115 620 1174 πόρτας
646 1123 719 1160 τοῢ
749 1118 961 1175 λεγομένου
984 1119 1103 1175 φίλον
1133 1117 1259 1159 αὐτοῦ
1294 1115 1367 1164 ἕως
1391 1118 1465 1157 τοῦ
1492 1114 1709 1170 λεγομένου

246 1185 483 1236 Ῥοδίωνος’
531 1187 597 1228 καὶ
629 1186 838 1243 περιέλαβε
867 1186 915 1229 τὸ
941 1185 1036 1242 ὄρος
1063 1184 1111 1228 τὸ
1139 1185 1228 1228 νέον
1254 1189 1384 1239 τεῖχος
1417 1182 1493 1233 ἕως
1522 1186 1595 1225 τοῦ
1625 1199 1709 1224 πα-

251 1259 368 1298 λαιοῦ
387 1256 542 1309 τείχους
558 1258 631 1297 τοῦ
650 1255 887 1304 κτισθέντος
904 1252 982 1297 {md
998 1254 1188 1309 Τιβερίου
1198 1254 1431 1309 Καίσαρος,
1467 1252 1535 1293 καὶ
1555 1265 1705 1307 προσε-
1718 1261 1762 1297 15

249 1321 419 1379 κόλλησε
451 1322 497 1365 τό
526 1322 615 1365 νέον
643 1330 771 1378 τεΐχος
791 1323 864 1373 ἕως
884 1327 957 1365 τοῦ
985 1320 1134 1379 ῥύακος
1154 1325 1228 1364 τοῦ
1256 1319 1469 1376 λεγομένου
1493 1318 1705 1374 Φυρμίνου

250 1395 324 1435 τοῦ
344 1391 637 1448 κατερχομένου
660 1392 702 1432 ἐκ
721 1395 793 1444 τῆς
813 1393 1041 1446 διασφαγῆς
1061 1393 1133 1432 τοῦ
1156 1388 1276 1446 ὅρους
1286 1421 1300 1440 ,
1338 1386 1505 1443 ἐνεγκὼν
1526 1385 1622 1435 τούς
1642 1386 1706 1427 λί-
1748 1399 1752 1404 ’

247 1463 356 1509 θους
383 1460 425 1501 ἐκ
454 1462 528 1501 τοῦ
558 1460 828 1513 μονομαχειόυ
857 1463 930 1501 τοῦ
962 1461 1138 1500 παλαιοῦ
1173 1461 1246 1500 τοῦ
1277 1455 1393 1505 ὄντος
1414 1457 1469 1504 εἷς
1488 1454 1562 1509 τὴν
1579 1451 1705 1510 ἀκρό-

121 1539 155 1574 o
179 1538 226 1575 42
248 1531 365 1570 πολιν
393 1526 502 1579 ἄνω,
540 1524 668 1577 λύσας
694 1529 761 1569 καὶ
788 1527 860 1570 τὸν
889 1526 1041 1583 ἀγωγὸν
1067 1525 1138 1568 τὸν
1161 1522 1374 1582 ἐρχόμενον
1403 1524 1458 1572 εἷς
1481 1521 1556 1577 τὴν
1575 1520 1703 1576 αὐτὴν

248 1594 466 1652 ἀκρόπολιν
493 1594 573 1637 ἀπὸ
605 1599 685 1638 τῶν
713 1595 933 1651 λεγομένων
958 1592 1119 1637 ὑδάτων
1139 1594 1181 1636 ἔκ
1201 1597 1274 1648 τῆς
1288 1593 1556 1645 Λαοδικηνῆς
1577 1587 1676 1632 ὁδοῦ
1688 1602 1699 1612 ·
1711 1603 1758 1638 20

192 1675 226 1712 E
249 1663 386 1708 ὅντινα
419 1662 574 1720 ἀγωγὸν
606 1664 788 1719 ἐποίησεν
812 1661 981 1713 Ἰούλιος
1010 1660 1031 1706 ὃ
1053 1664 1242 1719 Καῖσαρ,
1279 1662 1419 1710 κτίσας
1438 1658 1486 1701 τὸ
1506 1655 1703 1713 δημόσιον

335 1807 370 1842 7.
393 1803 624 1850 Ἀντειοχείας
647 1806 715 1842 Ox,
809 1807 863 1844 11.
887 1804 973 1850 ἕνα]
1002 1804 1044 1837 V.
1070 1803 1115 1838 ad
1137 1803 1203 1838 vol.
1224 1802 1251 1836 1.
1269 1813 1304 1846 p.
1326 1802 1403 1838 119.
1420 1801 1461 1836 A.
1553 1800 1609 1836 13.
1634 1800 1704 1835 τοῦ

337 1851 532 1897 λεγομένου
557 1855 664 1896 φίλον
688 1850 829 1897 αὐτοῦ]
870 1853 959 1895 „Ita
987 1849 1106 1884 habuit
1130 1849 1215 1883 cod.
1239 1848 1315 1882 MS.
1338 1849 1429 1882 forte
1451 1851 1563 1881 tamen
1586 1846 1702 1890 legen-

323 1899 416 1932 ·dum
439 1899 703 1942 φιλοναύτου.“
736 1898 801 1934 Ch.
914 1900 972 1933 21.
1003 1894 1199 1936 Ἰουλιανὸς
1222 1893 1243 1931 ὁ
1267 1894 1339 1938 Κ.]
1371 1893 1485 1936 ,,8οι·.
1508 1890 1656 1934 Ἰούλιος
1677 1888 1698 1927 ὁ

338 1946 384 1980 Κ.
408 1944 488 1979 vide
509 1957 614 1991 supra
632 1945 692 1980 lib.
715 1944 806 1980 IX.“
851 1944 919 1979 Ch.
1567 1947 1587 1963 θ

249 2080 272 2103 a
294 2067 425 2103 nomine
446 2080 504 2104 suo
528 2068 827 2115 Theodosiopolim
850 2067 1005 2108 vocavit3
1029 2065 1146 2102 addito
1173 2064 1288 2107 etiam,
1311 2062 1402 2109 quod
1424 2064 1461 2098 et
1482 2060 1593 2097 adhuc
1612 2060 1700 2096 reti-

249 2118 322 2157 net,
345 2114 546 2158 Metropolis
566 2115 662 2158 jure3
686 2114 895 2149 Merobaudo
919 2118 955 2148 et
975 2112 1159 2147 Saturnino
1183 2111 1277 2145 Coss.

340 2159 431 2194 Idem
455 2160 665 2195 Theodosius
690 2161 880 2205 Imperator
903 2159 1074 2204 Synodum
1098 2154 1390 2199 Constantinopoli
1420 2150 1621 2188 convocavit
1654 2162 1698 2186 cr.

248 2205 514 2251 Episcoporum=
559 2205 595 2239 in
625 2217 692 2249 qua
724 2206 767 2239 de
804 2203 1160 2240 Consubstantialitate
1194 2200 1342 2246 Spiritus
1372 2197 1491 2233 Sancti
1521 2198 1698 2241 agebatur.

247 2251 357 2285 Porro
389 2251 601 2285 Theodosius
633 2251 823 2295 Imperator
854 2251 1033 2285 Praetorio
1057 2249 1270 2283 Praefectum
1299 2244 1473 2279 constituit
1495 2243 1699 2278 Antiochum

246 2296 409 2341 Magnum
441 2301 661 2341 cognomento
685 2296 898 2338 Chuzonem,
935 2308 978 2330 ex
1000 2293 1178 2330 Antiochia
1201 2290 1385 2326 oriundum.
1432 2289 1499 2324 Hic
1522 2300 1604 2323 vero
1627 2292 1698 2322 sta-

247 2343 309 2376 tim
334 2355 354 2375 a
377 2353 513 2376 munere
536 2348 703 2387 suscepto,
727 2342 771 2375 ad
789 2343 1030 2387 Imperatorem
1051 2337 1278 2374 Theodosium
1303 2334 1434 2377 retulit,
1458 2334 1501 2368 de
1518 2333 1699 2368 Antiochia.

247 2387 377 2431 Magna
401 2387 546 2432 Syriae3
583 2387 626 2421 ad
648 2386 765 2421 molem
788 2398 907 2431 nempe
929 2391 1058 2421 tantam
1081 2384 1225 2420 crevisse
1249 2393 1340 2422 eam,
1372 2386 1410 2415 ut
1433 2381 1478 2414 ab
1500 2379 1581 2425 ipsis
1603 2378 1698 2413 urbis

247 2434 439 2474 moenibus,
463 2433 508 2467 ad
531 2432 721 2467 distantiam
745 2431 887 2466 milliarii
910 2432 1025 2473 unius,
1055 2431 1091 2465 in
1114 2427 1271 2466 suburbia
1293 2429 1500 2461 excurreret.
1545 2425 1699 2470 Impera-

247 2482 304 2512 tor
326 2478 443 2523 itaque
465 2478 582 2522 jussit,
606 2477 656 2512 uti
679 2477 835 2512 aedificia
858 2478 958 2511 etiam
982 2489 1070 2522 quae
1086 2481 1188 2510 extra
1210 2474 1324 2508 urbem
1347 2472 1459 2518 posita
1482 2474 1579 2505 erant
1601 2481 1696 2504 muro

243 2523 479 2568 cingerentur:
523 2535 633 2558 murus
662 2523 777 2569 itaque
799 2524 910 2557 factus
946 2527 1016 2564 est,
1055 2535 1076 2556 a
1098 2521 1299 2556 Philonauta
1321 2529 1421 2563 quam
1443 2519 1568 2551 vocant
1590 2515 1698 2549 Porta

242 2569 455 2604 Rhodionem
478 2581 584 2614 usque
606 2568 731 2603 dictum
751 2569 881 2610 locum;
904 2567 954 2602 ita
975 2572 1013 2601 ut
1035 2578 1145 2601 murus
1167 2565 1231 2600 iste
1249 2575 1356 2599 novus
1379 2566 1524 2597 montem
1545 2561 1698 2595 include-

243 2619 322 2656 ret,
358 2626 463 2659 usque
486 2615 531 2649 ad
554 2626 683 2649 murum
704 2620 874 2656 veterem,
910 2625 932 2647 a
954 2613 1097 2647 Tiberio
1132 2612 1282 2645 Caesare
1304 2612 1504 2643 extructum.
1562 2607 1697 2641 Murum

245 2671 330 2694 vero
348 2671 468 2694 novum
492 2660 726 2705 perduxerunt
748 2659 848 2695 etiam
870 2659 913 2694 ad
930 2658 1158 2698 Phurminum,
1182 2656 1274 2701 quod
1295 2659 1431 2696 vocant,
1453 2653 1630 2693 fluentum,
1654 2661 1697 2684 ex

245 2706 367 2739 montis
389 2707 544 2741 cavernis
566 2717 740 2748 emanans3
765 2704 980 2750 comportatis
1004 2715 1043 2738 eo
1068 2702 1234 2748 lapidibus
1255 2712 1298 2734 ex
1317 2698 1552 2734 Monomachio
1575 2695 1696 2737 veteri,

245 2751 337 2795 quod
359 2751 512 2796 superius
534 2751 578 2785 ad
601 2751 793 2797 Acropolim
814 2751 922 2786 stetit.
943 2746 945 2749 ’
966 2749 1105 2783 Dirutus
1128 2752 1180 2783 est
1202 2746 1323 2788 etiam,
1359 2757 1456 2791 quem
1478 2743 1586 2779 Julius
1607 2742 1696 2776 Cae-

245 2807 302 2830 sar
325 2800 533 2838 extruxerat,
555 2798 802 2842 Aquaeductus,
831 2808 934 2841 aquas
957 2807 1000 2829 ex
1023 2794 1079 2829 via
1101 2792 1294 2828 Laodicena
1318 2791 1361 2826 ad
1385 2789 1576 2835 Acropolim
1599 2787 1696 2821 defe-

245 2851 342 2884 rens,
379 2841 422 2876 ad
456 2842 616 2878 Balneum
639 2843 734 2889 aquis
765 2842 1003 2890 supplendum,
1043 2839 1134 2886 quod
1163 2838 1206 2874 ad
1238 2841 1382 2874 montem
1405 2838 1622 2876 extruxerat,
1658 2831 1695 2866 in
