1838 3230
282 179 381 206 mv
786 155 1242 209 PRoLEGOME'NA.

279 291 362 318 rem
389 275 601 317 Paschalis
629 278 910 332 Interpolator.
979 280 1066 320 Hoc
1097 294 1146 320 ex
1164 279 1311 321 Nostro
1341 280 1653 323 luculentissime
1673 292 1748 337 np-

279 353 412 407 paret,
441 347 482 384 in
505 360 551 385 eo
571 347 720 400 quippe
738 361 819 386 non
839 347 966 386 solum
984 348 1086 387 idem
1106 349 1255 387 Nomen
1277 349 1446 389 Antonii
1460 349 1648 400 habetur,
1671 350 1749 390 ‘led

281 421 321 454 et
350 414 531 465 additur,
567 427 656 452 eum
692 416 732 452 in
764 414 987 470 Aegyptum
1031 414 1339 464 descendentem,
1378 423 1418 456 et
1446 415 1748 457 Alexandriam

280 481 482 522 obsidione
514 483 746 535 cingentem,
784 497 809 520 α
845 481 1080 536 Cleopatra,
1115 484 1193 537 ipsi
1222 493 1336 522 antea
1366 494 1458 523 nota
1485 499 1572 524 cum
1599 482 1748 524 Iulium

283 549 483 591 Gaesarem
502 551 542 588 in
564 549 788 604 Aegyptum
818 560 911 590 esset
936 552 1164 602 comitatus,
1194 548 1432 590 adulatoriis
1462 550 1585 591 literis
1611 549 1749 592 solici-

279 629 404 657 tatum
420 617 579 672 fuisse,
606 626 641 654 et
663 627 818 669 captum
837 615 945 656 illius
967 632 1098 658 amore
1125 634 1211 659 cum
1231 633 1276 657 ea
1291 619 1583 658 matrimonium
1602 619 1746 668 iniisse,

279 696 315 726 et
334 687 414 726 suis
432 684 628 724 Romanis
652 682 792 723 bellum
812 683 998 724 intulisse.

393 752 577 792 XXXIV.
636 751 698 790 Ex
726 751 834 791 hisce
863 743 988 804 liquet
1016 753 1126 792 nullo
1156 760 1275 807 pacto
1305 754 1514 805 concludi,
1542 755 1633 794 loca
1661 751 1750 794 ulla

281 837 330 863 ex
355 822 433 860 illis
468 821 507 859 in
538 818 681 871 quibus
711 820 953 859 conveniunt
977 820 1119 860 Noster
1148 829 1186 861 et
1217 821 1429 873 Paschale,
1461 837 1482 862 a
1512 823 1642 876 primo
1669 820 1750 862 Pa-

279 888 426 931 sclzalis
448 889 595 927 Autore
623 888 743 927 fuisse
775 895 945 928 exarata.
1002 890 1084 927 Nec
1103 891 1260 929 omnino
1280 891 1438 930 videtur
1459 889 1747 942 ambigendum,

281 958 374 1011 quin
392 957 516 996 inilia
541 956 657 995 etiam
685 963 797 1008 parte
828 970 943 1009 quam
968 956 1121 995 addidit
1142 958 1424 1008 continuator,
1454 971 1555 1010 quae
1575 957 1623 996 ab
1645 969 1747 995 anno

284 1025 504 1066 Constantii
533 1038 653 1066 xvnr.
683 1024 845 1077 incipit,
883 1025 962 1063 sint
991 1025 1201 1077 pleraeque
1228 1025 1418 1064 historiae
1440 1031 1479 1064 et
1496 1025 1748 1064 Narrationes

281 1097 461 1133 insertae.
533 1093 589 1132 Ne
621 1093 761 1131 addam
792 1100 830 1132 et
863 1107 944 1133 esse
976 1093 1281 1146 suspicandum,
1317 1094 1387 1132 illa
1420 1093 1509 1146 ipsa
1549 1094 1640 1132 loca
1678 1086 1748 1131 ubi

282 1160 495 1201 Heraclius
533 1162 631 1213 Imp.
664 1159 882 1214 Imperator
915 1172 1043 1201 noster
1085 1169 1364 1214 nuncupatur,
1403 1175 1483 1200 non
1521 1160 1595 1199 alia
1628 1159 1749 1198 fuisse

282 1243 398 1281 quam
422 1229 635 1282 Scriptoris
655 1229 833 1282 alicujus,
868 1230 935 1282 qui
957 1230 1028 1268 sub
1048 1231 1116 1268 illo
1137 1230 1380 1281 Imperatore
1399 1228 1595 1279 floruerit,
1623 1227 1748 1266 verba

280 1298 323 1336 in
345 1296 564 1338 Chronicon
584 1297 683 1335 illud
711 1298 757 1335 ab
778 1296 1060 1350 Inter-palatoue
1078 1299 1279 1337 translata.
1337 1297 1424 1335 Hoc
1442 1297 1569 1335 solum
1587 1295 1749 1334 videtur

282 1381 301 1406 a
327 1366 468 1419 quovis
500 1379 574 1418 pro
605 1371 714 1404 certo
750 1366 1086 1416 concludendum,
1129 1373 1218 1404 ante
1251 1379 1374 1404 annos
1398 1365 1488 1417 plus
1511 1363 1640 1402 minus
1658 1377 1746 1402 ncc.

279 1436 320 1474 in
341 1434 538 1473 Chronico
564 1433 640 1471 isto
671 1433 787 1471 fuisse
815 1433 1012 1486 descripta
1049 1447 1150 1486 quae
1175 1433 1216 1471 in
1244 1447 1286 1471 eo
1313 1432 1429 1471 simul
1458 1438 1496 1471 et
1520 1430 1666 1470 Nostro
1687 1431 1749 1470 le-

280 1509 441 1554 guntur.
505 1501 592 1540 Hoc
635 1500 796 1552 quidem
833 1515 883 1540 ex
928 1516 972 1541 eo
1012 1503 1236 1552 colligitur,
1275 1500 1384 1552 quod
1413 1500 1664 1552 reperiantur
1701 1513 1747 1537 ea

279 1577 402 1623 prout
427 1570 468 1608 in
498 1569 699 1621 impressis
725 1569 804 1621 jam
834 1570 1091 1620 exhibentur,
1121 1570 1161 1608 in
1193 1568 1270 1606 alio
1298 1566 1502 1608 Pasckalis
1519 1567 1748 1620 Exemplari

277 1644 503 1691 pervetusto
539 1636 810 1676 Bibliothecae
842 1636 1082 1687 Vaticana,
1124 1636 1230 1689 quod
1271 1636 1318 1674 ab
1349 1635 1461 1674 annis
1489 1649 1576 1677 Dec,
1643 1634 1749 1673 Viris

280 1705 555 1744 eruditissimis
585 1703 648 1744 Jo.
668 1703 914 1744 MahiZlonio
946 1711 984 1743 et
1009 1703 1206 1745 Michaeli
1238 1702 1452 1752 Germano,
1482 1702 1749 1742 Benedictinis

281 1774 429 1823 Gallis,
459 1773 673 1811 videbatur
692 1773 909 1826 scriptum,
938 1773 998 1812 uti
1027 1772 1144 1812 docet
1165 1771 1399 1825 Dufresnius
1420 1772 1462 1810 in
1481 1768 1748 1824 Praefatione,

282 1842 347 1894 qui
373 1855 464 1889 eos,
497 1847 541 1879 ut
570 1840 751 1879 codicem
788 1842 898 1879 illum
926 1841 1189 1893 inspicerent,
1228 1839 1320 1878 dum
1348 1838 1502 1878 Romae
1529 1853 1747 1878 commora-

280 1915 433 1958 rentur,
463 1915 687 1959 rogaverat.
748 1909 805 1946 De
825 1907 1014 1948 Chronico
1033 1908 1157 1946 hocce
1179 1906 1368 1948 Paschali
1388 1907 1470 1946 sive
1492 1905 1747 1947 Alexandri-

282 1992 356 2027 no,
396 1976 445 2015 de
474 1976 581 2014 illius
611 1981 755 2024 aetate,
787 1976 959 2024 Autore,
990 1982 1028 2015 et
1051 1977 1354 2025 continuatore,
1383 1982 1422 2014 et
1449 1989 1638 2027 quaenam
1663 1975 1747 2014 exi-

285 2051 391 2084 stant
418 2045 459 2082 in
492 2057 537 2082 eo
566 2043 841 2094 supposititia,
882 2045 1125 2082 occasionem
1158 2058 1228 2082 nos
1257 2043 1465 2082 habuimus
1494 2058 1543 2082 ex
1566 2044 1748 2096 professo

285 2111 503 2151 disserendi
534 2111 572 2149 in
604 2110 682 2148 alio
707 2111 837 2163 Opere
862 2111 1038 2149 nondum
1067 2112 1196 2161 edito,
1227 2110 1285 2149 De
1314 2109 1579 2163 Scriptoribus
1600 2109 1748 2150 Rerum

283 2180 585 2233 Aegyptiarum,
614 2179 656 2216 in
682 2179 804 2217 Libro
835 2192 889 2218 sc.
916 2178 1024 2216 illius
1052 2181 1184 2230 tertio,
1212 2179 1251 2216 in
1275 2192 1353 2230 quo
1375 2178 1579 2231 speciatim
1603 2185 1748 2218 tracta.

284 2261 372 2285 mus
392 2246 439 2285 de
462 2246 728 2298 Scriptoribus
758 2259 889 2285 rerum
908 2244 1280 2285 Alexandrinarum
1299 2247 1382 2285 sive
1402 2245 1746 2296 Ptolemaicarum,

284 2323 329 2355 ut
354 2315 482 2366 agitur
511 2315 552 2352 in
581 2313 683 2352 libro
712 2314 839 2366 primo
863 2313 912 2351 de
931 2314 1202 2364 scriptoribus
1230 2327 1362 2352 rerum
1381 2313 1670 2354 Histoi-icarum
1697 2314 1749 2352 il·-

280 2383 358 2421 lius
381 2382 518 2421 Gentis
538 2383 817 2430 vetustiorum,
845 2380 885 2418 in
906 2379 1072 2419 secundo
1102 2381 1149 2420 de
1172 2383 1252 2420 illis
1276 2383 1343 2434 qui
1363 2396 1425 2421 res
1441 2382 1599 2420 illorum
1627 2380 1749 2420 Theo·

282 2449 433 2504 logicas
450 2451 534 2489 sive
555 2448 878 2502 Philosophicas,
914 2447 960 2486 V
954 2446 1133 2498 isendas,
1163 2448 1393 2500 Naturales,
1426 2456 1465 2488 et
1485 2447 1747 2502 Artificiales,

284 2519 450 2571 Scriptis
483 2518 564 2557 suis
592 2532 641 2556 ex
665 2518 843 2570 professo
876 2515 1147 2564 celebrarunt,
1177 2517 1216 2554 in
1247 2527 1386 2570 quarto
1412 2517 1460 2555 de
1479 2516 1747 2567 Scriptoribus

283 2599 416 2624 rerum
444 2586 552 2624 illius
580 2586 714 2624 Gentis
744 2585 794 2623 ad.
822 2583 1017 2632 Iudaeos,
1052 2581 1292 2623 Christianos
1327 2590 1365 2622 et
1391 2581 1749 2622 Muhammecianos

284 2653 541 2691 attinentium.
598 2654 643 2692 In
663 2652 782 2691 Libro
802 2651 879 2691 hoc
902 2661 1040 2706 quarto
1068 2651 1241 2704 ejusdem
1261 2651 1402 2703 Operis
1430 2652 1502 2701 (ut
1526 2651 1651 2690 obiter
1669 2650 1748 2690 hoc

283 2720 398 2759 liceat
429 2734 608 2766 monere,
646 2734 694 2758 ne
727 2720 862 2758 forsan
890 2720 1017 2758 minus
1050 2718 1314 2771 prudentibus
1346 2717 1538 2758 silentium
1566 2726 1748 2757 ‘nostrum

283 2801 359 2840 pro
380 2798 604 2841 argumento
633 2789 768 2838 cedat)
799 2789 847 2827 ad
870 2801 1032 2827 examen
1047 2786 1320 2826 revocavimus
1342 2800 1404 2836 ea,
1437 2800 1537 2838 quae
1558 2786 1747 2826 adversus
