1838 3230
383 139 1022 188 CHRONOGRAPHIA.
1077 139 1130 183 L.
1159 137 1275 184 XIV.
1466 144 1574 194 363,

95 261 290 322 προήχθη
321 263 498 322 ἔπαρχος
533 261 746 320 Ῥουφῖνος
780 258 803 304 ὅ
841 259 1034 317 συγγενὴς
1069 262 1144 303 τοῦ
1174 257 1304 302 αὖτοῦ
1339 259 1565 314 βασιλέως·

94 334 164 378 καὶ
184 331 412 391 almund-927,
451 330 508 383 ὥς
524 329 750 387 μελετήσας
773 331 1012 385 τυραννίδα.

193 399 243 446 ‘O
272 403 327 446 δὲ
349 401 475 452 αὖτός
513 400 704 457 βασιλεὺς
739 397 961 448 Θεοδόσιος
997 397 1123 454 ἐφίλει
1164 395 1283 452 ἔρωτι
1316 393 1568 454 Χρυσάφιον

94 469 169 515 τὸν
191 469 543 529 κουβικουλάριον,
579 469 652 514 τὸν
678 466 892 525 λεγόμενον
921 470 1138 521 Ζτομμᾶν,
1177 463 1233 516 ὥς
1258 463 1365 509 πάνυ
1388 465 1564 523 εὐπρεπῆ
1587 476 1620 511 1)

62 538 222 585 ὄὸντα·
267 542 335 583 καὶ
362 546 549 598 παρεῖχεν
583 538 696 596 αὖτῷ
727 536 860 580 πολλὰ
896 534 973 579 ὅσα
1011 534 1062 578 ἂν
1092 532 1275 592 ᾐτήσατο
1308 532 1456 587 αὐτόν,
1499 536 1567 577 καὶ

97 606 175 664 εἶχε
193 609 426 667 παρῤησίαν
445 607 549 666 πρὸς
568 605 695 651 αὐτόν
706 640 719 659 ,
752 607 818 649 καὶ
836 609 1011 662 κατῆρχε
1030 602 1193 647 πάντων
1212 607 1295 646 τῶν
1315 599 1567 660 πραγμάτων

97 678 166 721 καὶ
189 676 342 734 ἥρπαζε
375 675 537 721 πάντα·
588 672 639 733 ἦν
667 676 744 733 γὰρ
775 672 942 731 πάτρων
976 675 1043 716 καὶ
1071 670 1306 731 προστάτης
1335 676 1418 716 τῶν
1442 675 1568 730 Πρα-

95 746 231 790 σίνων.

162 813 253 858 'Ena
280 813 327 856 δέ
353 817 427 869 τῆς
457 812 585 856 αὐτοῦ
613 813 825 867 βασιλείας
853 811 1008 855 ἔπαθεν
1029 809 1108 855 ὖπό
1138 810 1365 866 θεομηνίας
1382 806 1570 865 Νικομή-

40 893 87 929 10
97 884 209 937 δεια,
244 880 496 939 μητρόπολις
513 886 589 937 τῆς
613 883 837 934 Βιθυνίας,
865 881 911 925 τὸ
934 882 1117 935 πέμπτον
1136 880 1264 935 αὐτῆς
1288 877 1427 930 πάθος
1448 877 1567 922 ἕσπέ-
1589 887 1623 924 O
1647 888 1693 924 66

96 969 174 1010 ρας
201 953 381 1007 βαθείας
407 953 475 994 καὶ
505 948 690 994 ἀπώλετο
716 952 772 1000 εἷς
798 954 873 1006 γῆν
903 952 969 993 καὶ
999 952 1055 1000 εἷς
1081 947 1303 992 θάλασσαν
1325 965 1575 991 καταποντι-

96 1025 262 1064 σθεῖσα.
331 1021 400 1063 καὶ
432 1019 566 1062 πολλοὶ
594 1019 746 1062 ἔκτισεν
778 1020 861 1062 ε’κεῖ
882 1021 950 1062 καὶ
972 1019 1024 1062 τὰ
1046 1016 1223 1074 δημόσια
1241 1019 1307 1061 καὶ
1326 1017 1425 1067 τοὺς
1447 1015 1574 1071 ἐμβό-

97 1093 196 1140 λους
226 1090 294 1133 καὶ
321 1089 394 1132 τὸν
426 1089 568 1143 λιμένα
597 1090 665 1131 καὶ
691 1088 746 1131 τὰ
774 1087 932 1146 θεώρια
955 1090 1023 1131 καὶ
1045 1088 1092 1131 τὸ
1111 1085 1338 1145 μαρτύριον
1362 1090 1436 1130 τοῦ
1459 1084 1574 1143 ἁγίου

92 1157 293 1212 Ἀνθίμου
313 1159 380 1201 καὶ
399 1155 538 1208 πάσας
553 1157 630 1207 τὰς
645 1158 858 1211 ἐκκλησίας
876 1157 1015 1212 αὐτῆς.

41 1234 88 1271 15
195 1226 286 1270 Ἐπὶ
317 1227 361 1270 δὲ
388 1231 462 1282 τῆς
486 1227 698 1281 βασιλείας
724 1225 852 1269 αὐτοῦ
873 1226 1107 1283 παρέλαβον
1132 1224 1366 1280 οἷ’Ἰσαυροι
1386 1227 1567 1282 λῃσταρ-
1589 1239 1623 1273 Ε

93 1299 263 1352 χοῦντες
287 1293 524 1340 Σελεύκειαν
551 1299 627 1350 τῆς
652 1296 809 1351 Συρίας
832 1297 930 1350 μηνὶ
952 1297 1140 1354 περιτίῳ,
1179 1295 1242 1336 ἐπὶ
1271 1298 1346 1349 τῆς
1376 1291 1574 1344 ὑπατείας

97 1369 174 1409 τοῦ
193 1364 322 1408 αὐτοῦ
344 1365 568 1408 Θεοδοσίου
591 1365 657 1406 καὶ
674 1362 915 1423 Ῥομορίδου
929 1378 939 1388 ·
977 1367 1044 1408 καὶ
1065 1364 1335 1422 ἔπραίδευσαν
1351 1365 1418 1405 καὶ
1436 1363 1574 1420 ἔστρε-

97 1445 188 1489 ψαν
217 1431 293 1489 τήν
319 1431 463 1490 χώραν
494 1431 685 1483 ἐλθόντες
715 1434 783 1476 διὰ
814 1438 897 1477 τῶν
930 1434 1081 1493 ὀρέων·
1118 1435 1186 1477 καὶ
1215 1430 1349 1476 πάντα
1377 1430 1574 1487 λαβόντες

96 1500 358 1559 ὑπέστρεψαν
381 1504 437 1552 εἷς
457 1502 532 1558 τὴν
553 1502 772 1560 Ἰσαυρίαν.

41 1578 91 1614 z)
198 1571 288 1614 Ἐπὶ
319 1572 364 1614 δὲ
392 1574 467 1626 τῆς
495 1570 623 1614 αὐτοῦ
650 1573 860 1626 βασιλείας
883 1570 1037 1615 ἔπαθεν
1055 1569 1135 1614 ὖπὸ
1153 1569 1380 1626 θεομηνίας
1397 1566 1578 1627 πρώτοις

99 1637 537 1690 Κωνσταντινούπολις
573 1638 654 1683 ὑπὸ
692 1645 859 1695 σεισμοῦ
895 1643 993 1696 μηνὶ
1030 1641 1252 1698 ἶανουαρίῳ
1291 1637 1351 1689 κς’
1386 1640 1428 1681 ἐν
1462 1640 1574 1681 νυκτὶ
1598 1648 1630 1684 V
1652 1650 1697 1684 25

101 1708 182 1752 ἀπὸ
202 1712 283 1752 τῶν
300 1708 522 1765 λεγομένων
546 1711 828 1769 Τρῳαδησίων
856 1708 1042 1765 ἐμβόλων
1065 1709 1139 1759 ἕως
1159 1712 1233 1751 τοῦ
1251 1712 1409 1764 χαλκοῦ
1428 1725 1575 1765 τετρα-

192 1843 250 1878 21.
276 1838 512 1889 Ἰαννουαρίφ
537 1841 606 1876 Ox.
698 1843 754 1877 22.
784 1841 1032 1888 Τρῳαδησίων
1056 1840 1185 1876 Chron.
1210 1852 1244 1886 p.
1268 1840 1349 1876 318.
1372 1839 1424 1882 D,
1453 1842 1573 1886 Τροα-

191 1889 329 1935 δησίων
354 1888 425 1926 Ox.
515 1888 599 1925 ibid.
623 1886 789 1935 ἐμβόλων
810 1900 886 1924 cum
908 1888 1027 1924 eodem
1050 1887 1137 1931 Ch.‚
1162 1885 1354 1934 συμβόλων
1379 1887 1448 1922 Ox.

99 2005 223 2040 festum
244 2003 421 2048 faciendis,
444 2017 563 2052 nepos.
608 2004 693 2039 Post
715 2005 806 2038 hunc
828 2003 1018 2049 Imperator
1039 2003 1256 2038 Praefectum
1279 2002 1456 2038 constituit
1474 2003 1575 2038 Rufi-

99 2061 192 2094 num,
216 2058 396 2096 cognatum
417 2064 530 2086 suum:
562 2050 623 2096 qui
646 2050 822 2096 imperium
847 2050 912 2085 sibi
937 2050 1092 2096 arripere
1113 2054 1262 2091 tentans,
1284 2048 1486 2084 interfectus
1510 2054 1572 2084 est.

192 2097 373 2132 Adamavit
405 2103 517 2133 autem
549 2096 766 2132 Theudosius
796 2096 1045 2142 chrysaphium
1075 2096 1264 2141 quendam,
1305 2095 1572 2137 Cubicularium,

101 2149 324 2188 cognomento
345 2144 551 2179 Ztummamz
575 2143 717 2188 egregia
739 2142 824 2177 enim
848 2144 956 2177 forma
980 2141 1157 2188 praeditus
1180 2146 1266 2179 erat.
1312 2142 1404 2176 Huic
1427 2142 1573 2187 plurima

101 2188 246 2235 largitus
269 2194 341 2232 est,
379 2190 528 2236 nihilque
552 2189 584 2224 ei
607 2201 674 2224 non
698 2188 853 2224 indulsit:
891 2193 1088 2234 tantumque
1124 2188 1216 2234 apud
1239 2189 1484 2234 Imperatorem
1507 2199 1572 2233 po-

102 2233 192 2278 mit,
231 2240 271 2270 ut
302 2237 467 2282 cujusque
498 2237 588 2271 bona
611 2235 778 2281 arripiens
811 2234 895 2278 sibi,
927 2246 991 2281 pro
1024 2235 1168 2270 arbitrio
1193 2245 1252 2270 suo
1276 2234 1387 2270 onmia
1410 2234 1570 2279 agitaret.

102 2279 266 2316 Prasinae
291 2294 429 2328 quoque
453 2282 629 2317 Factionis
652 2281 884 2316 Patrocinium
907 2286 1112 2327 susceperat.

195 2327 305 2372 Hujus
327 2329 389 2363 sub
417 2328 559 2374 imperio
585 2328 803 2369 Nicomedia,
836 2327 1020 2374 Bithyniae
1043 2327 1260 2372 Metropolis,
1284 2326 1435 2372 quintam
1461 2325 1574 2360 coele-

103 2371 165 2407 stis
184 2371 259 2408 ine
281 2373 546 2409 vicissitudinem
577 2386 739 2421 perpessa
763 2379 815 2408 est
837 2378 938 2408 nocte
961 2375 1186 2419 intempesta,
1222 2384 1342 2408 eversa
1363 2371 1514 2406 funditus
1538 2375 1575 2406 et

104 2418 198 2453 nari-
225 2419 361 2455 obruta.
409 2421 560 2455 Plurima
592 2421 713 2466 itaque
737 2419 786 2454 ibi
810 2421 982 2463 extruxit,
1017 2421 1167 2461 Balnea,
1204 2419 1382 2459 Porticus,
1421 2417 1573 2460 Portum,

104 2464 276 2500 Thouria:
318 2467 439 2501 Sancti
469 2467 551 2502 item
586 2465 736 2502 Anthimi
766 2466 970 2513 Martyrium
1006 2471 1226 2511 caeterasque
1258 2463 1432 2499 Ecclesias
1464 2475 1576 2508 omnes

105 2508 217 2544 denuo
241 2511 417 2547 excitavit.

195 2555 325 2591 Eodem
348 2559 539 2603 Imperante
573 2559 615 2594 ab
639 2558 768 2594 Isauria
790 2558 998 2604 praedones,
1035 2570 1098 2604 per
1123 2560 1249 2592 montes
1280 2556 1370 2590 viam
1393 2567 1574 2601 capessen-

105 2606 170 2643 tes,
192 2601 381 2638 Seleuciam
405 2604 532 2650 Syriae
554 2605 590 2640 vi
613 2610 812 2650 occupatam
837 2604 1048 2650 spoliarunt;
1081 2604 1289 2649 regioneque
1313 2606 1390 2637 tota
1414 2602 1575 2637 devasta-

106 2651 164 2688 ta,
199 2647 420 2695 abreptisque
443 2651 617 2694 omnibus,
654 2651 813 2686 Isauriam
845 2662 937 2685 suam
962 2650 1184 2696 repetierunt.
1242 2648 1386 2683 Factum
1417 2649 1482 2683 hoc
1507 2649 1574 2683 Fe-

50 2705 55 2713 ·
108 2692 248 2727 bruerio
271 2705 394 2736 mense,
429 2697 627 2732 Theodosio
651 2698 724 2743 ipso
750 2702 787 2731 et
809 2696 994 2731 Romorido
1020 2697 1114 2730 Coss.

198 2739 308 2783 Hujus
340 2741 401 2775 sub
431 2741 572 2788 imperio
605 2742 913 2789 Constantinopolis
946 2742 1093 2776 divinam
1130 2740 1215 2775 iram
1248 2739 1390 2787 primum
1433 2745 1575 2787 experta

108 2788 172 2826 est,
195 2785 348 2819 Januarii
373 2798 474 2828 xxm,
499 2793 665 2824 nocturno
689 2794 863 2834 tempore3
890 2801 911 2823 a
929 2786 1195 2829 Troadensibus,
1219 2798 1303 2832 quas
1326 2791 1462 2830 vocant,
1486 2788 1575 2822 Por-

107 2831 252 2875 ticibus,
289 2831 442 2879 adusque
466 2833 691 2881 Tetrapylum
714 2846 851 2870 aereum
884 2838 999 2869 terrae
1020 2832 1225 2879 tremoribus
1248 2844 1417 2869 concussa.
1463 2835 1574 2880 Impe-
