1838 3230
282 165 378 216 184
675 157 955 205 IOANNIS
983 158 1318 205 MALALAE

282 275 536 330 εἰσελθόντος
566 283 639 323 τοῦ
668 277 917 327 Μαλλίωνος
945 278 1256 330 Καπιτωλίνου,
1293 277 1360 319 καὶ
1391 280 1465 320 τοῦ
1491 280 1626 321 κοινοῦ
1652 281 1728 334 τῆς

283 347 509 405 συγκλήτου
534 346 825 400 καθεζομένου,
842 343 1083 395 ··ἔξαναστὰς
1109 343 1131 388 ὅ
1159 341 1439 402 Φεβρουάριος
1468 345 1729 400 συγκλητικὸς

284 417 384 472 λέγει
404 421 462 474 τῷ
472 415 703 466 Μαλλίωνι,
730 417 817 456 To&
840 418 1017 470 στρατοῦ
1033 412 1241 467 Ῥωμαίων
1257 410 1494 467 νικήσαντος
1513 412 1609 463 τοὺς
1617 416 1657 456 Γ
1653 411 1729 455 άλ-

286 488 383 534 λους
410 484 461 526 σύ
485 484 527 525 τί
552 480 772 538 ὖπεραίρῃ,
812 479 866 530 ὥς
891 479 1206 535 μονομαχήσας;
1246 478 1273 535 ἡ
1298 478 1397 535 τύχη
1427 478 1634 534 Ῥωμαίων
1667 480 1730 523 ἀεὶ

286 556 378 610 νικᾷ
398 550 494 600 τοὺς
515 551 751 603 πολεμίους·
774 548 822 591 οὗ
840 549 1003 592 διέλαθε
1021 550 1065 592 δὲ
1088 546 1195 603 ἡμᾶς
1213 549 1278 590 καὶ
1297 552 1433 600 τοῦτο,
1459 546 1520 590 ὅτι
1545 547 1611 590 διὰ
1631 551 1762 592 τοῦ-5

285 636 332 661 το
357 620 399 660 ἐν
423 617 595 675 ἀπονοίᾳ
619 614 800 673 τοσαύτῃ
826 614 1042 672 ὑπάρχεις,
1080 614 1135 665 ὡς
1156 614 1402 669 βουλόμενος
1422 617 1487 657 καὶ
1505 615 1555 658 σύ
1578 632 1731 672 τυραν-

166 695 198 731 V
220 697 264 733 78
287 691 407 741 νῆσαι
440 685 537 734 τούς
558 683 805 738 Ῥωμαίους’
842 682 938 740 ὅπερ
967 684 1042 727 οὔκ
1069 685 1262 739 ε’γγίνεταί
1286 700 1363 727 σοι.
1433 684 1500 725 καὶ
1520 681 1732 726 ἀκούσασα

284 758 415 796 ταῦτα
454 750 481 808 ⁹‘7
512 750 734 808 σύγκλητος
767 753 834 794 καὶ
867 749 888 794 ὅ
920 751 1096 807 στρατὸς
1129 754 1195 793 καὶ
1229 749 1250 794 ὃ
1284 753 1434 806 δῆμος,
1483 751 1635 806 ἐπῆλθε
1670 754 1731 810 τῷ

284 822 503 865 Μαλλίωνι
532 820 816 878 Καπιτωλίνῳ.
889 817 910 862 ὃ
941 820 986 862 δὲ
1023 821 1152 874 δῆμος
1179 818 1408 868 ἐπαναστὰς
1433 818 1538 861 κατὰ
1568 816 1733 874 γνώμην

284 894 358 943 τῆς
383 886 606 944 συγκλήτου
642 886 819 942 ἐβόησαν
849 888 1098 942 ἐκβληθῆναι
1126 886 1206 929 ἀπὸ
1227 891 1298 941 τῆς
1313 885 1465 936 πόλεως
1487 884 1645 942 Ῥώμης
1662 886 1734 930 τὸν
1745 893 1787 927 10

288 956 413 999 αὐτὸν
445 956 672 998 Μαλλίωνα
697 958 1003 998 Καπιτωλῖνον·
1049 953 1160 1004 ὅστις
1190 954 1432 1009 εὐλαβηθεὶς
1459 953 1530 996 τὸν
1557 954 1734 1010 στρατὸν

287 1025 354 1066 καὶ
381 1023 453 1066 τὸν
486 1025 617 1077 δῆμον
649 1025 818 1077 ἐξῆλθεν
850 1025 892 1066 ἐν
912 1030 997 1072 τοῖς
1018 1023 1133 1071 ῗδίοις
1159 1020 1333 1076 κτήμασι
1343 1054 1356 1073 ,
1392 1022 1562 1076 πλησίον
1580 1026 1653 1076 τῆς
1667 1026 1733 1064 λε-

289 1091 459 1147 γομένης
480 1090 723 1146 Ἀπουληίας
748 1090 905 1147 χώρας,
943 1090 1056 1132 κάκεῖ
1081 1092 1211 1144 διῆγεν
1229 1087 1451 1143 ἡσυχάζων.
1521 1089 1668 1132 ἐκείνου
1689 1090 1735 1132 δὲ

291 1156 492 1215 φυγόντος
523 1160 699 1213 ἐπῆλθεν
727 1157 748 1201 ὃ
777 1162 906 1213 δῆμος
921 1156 1128 1212 Ῥωμαίων
1147 1162 1205 1216 τῷ
1227 1157 1322 1216 οἴκῳ
1340 1157 1480 1210 αὐτοῦ,
1517 1158 1584 1199 καὶ
1601 1155 1736 1200 πάντα

286 1226 339 1269 τοὶ
363 1226 608 1283 διαφέροντα
630 1226 741 1284 αὐτῷ
765 1225 1006 1282 διήρπασαν.
1646 1262 1649 1263 ⁷
1739 1217 1790 1267 '15

395 1295 447 1336 Οἱ
466 1294 510 1336 δὲ
539 1291 692 1336 Γάλλοι
711 1292 1055 1350 προχειρισάμενοι
1089 1292 1226 1343 αὖτοΐς
1244 1293 1348 1349 ῥῆγα
1368 1292 1540 1335 δυνατὸν
1559 1292 1602 1334 ἓν
1618 1291 1736 1335 πολέ-

153 1378 184 1412 0
208 1379 278 1415 235
300 1378 392 1415 μοις
425 1359 593 1415 ὀνόματι
622 1364 807 1417 Βρῆνον,
844 1359 1165 1417 ἐπεστράτευσαν
1195 1360 1348 1410 εὐθέως
1380 1362 1442 1402 ἐπὶ
1472 1365 1546 1415 τῆς
1566 1358 1735 1414 Ῥώμης,

238 1439 270 1474 Β
294 1426 537 1478 ἀκούσαντες
565 1431 630 1471 καὶ
657 1429 723 1471 διὰ
749 1429 820 1472 τὸν
843 1431 1074 1472 Μαλλίωνα
1109 1428 1170 1470 ὅτι
1196 1427 1396 1483 ἐξεβλήθη
1423 1428 1503 1470 ἀπὸ
1540 1431 1614 1483 τῆς
1636 1426 1737 1470 Ῥώ-

289 1514 384 1551 μης.
453 1498 519 1539 καὶ
547 1494 728 1552 ὁρμήσας
749 1496 770 1540 ὅ
791 1501 951 1553 Βρῆνος
980 1496 1056 1553 ῥὴξ
1089 1497 1279 1552 ἐξαίφνης
1307 1498 1494 1550 εἰσῆλθεν
1510 1497 1553 1537 ἐν
1570 1499 1621 1551 τῇ
1637 1493 1738 1537 Ῥώ-

291 1582 373 1620 μῃ,
410 1565 476 1606 καὶ
499 1565 724 1620 παρέλαβεν
744 1565 870 1619 αὐτὴν
890 1564 1033 1613 νυκτὸς
1060 1565 1100 1605 ἓν
1116 1567 1301 1618 χειμῶνι,
1339 1568 1389 1620 τῇ
1409 1561 1794 1620 πεντεκαιδεκάτῃ20

292 1636 366 1674 τοῦ
395 1629 590 1681 ἒξτιλλίου
621 1630 771 1687 μηνός,
824 1633 1071 1689 προπέμψας
1103 1629 1243 1690 λάθρᾳ
1273 1630 1370 1680 τοὺς
1399 1630 1634 1687 ὀφείλοντας
1659 1647 1739 1687 φο-

294 1704 432 1751 νεῦσαι
475 1699 571 1748 τοὺς
606 1701 853 1756 πορταρίους
893 1701 961 1742 καὶ
999 1699 1152 1749 ἀνοῖξαι
1182 1698 1294 1755 αὐτῷ
1323 1700 1397 1753 τὴν
1427 1696 1594 1753 πόρταν.
1673 1700 1740 1741 καὶ

295 1765 452 1809 τούτων
482 1768 759 1823 φονευομένων
781 1768 928 1823 ἐγένετο
959 1771 1148 1823 πτῦρμα·
1184 1767 1250 1808 καὶ
1279 1764 1438 1820 γνόντες
1468 1766 1507 1807 οἳ
1528 1769 1741 1820 συγκλητι-

296 1835 358 1876 κοὶ
378 1834 451 1888 τὴν
469 1832 706 1890 παράληψιν
727 1839 799 1890 τῆς
819 1833 992 1887 πόλεως,
1027 1834 1174 1890 ἔφυγον
1195 1832 1361 1886 πάντες,
1387 1835 1453 1876 καὶ
1471 1835 1638 1890 φανεροὶ
1657 1838 1740 1876 τῶν

296 1905 370 1956 τῆς
402 1899 553 1952 πόλεως
589 1905 767 1961 λαμπροὶ
809 1903 884 1946 σὺν
919 1904 1072 1960 γυναιξὶ
1108 1903 1175 1946 καὶ
1203 1901 1353 1953 τέκνοις
1381 1903 1573 1958 εἰσῆλθον
1608 1901 1650 1944 ἓν
1681 1905 1795 1960 τῷ25

298 2030 382 2066 tium
402 2031 550 2066 intraret
571 2032 717 2068 Manlius
739 2034 969 2080 Capitolinus,
998 2033 1205 2069 Februarius
1226 2044 1413 2078 exurgens,
1445 2031 1584 2077 reliquis
1606 2033 1741 2066 senato-

299 2076 391 2111 ribus
414 2077 652 2120 assidentibus,
682 2079 731 2114 ita
753 2092 826 2114 eum
850 2081 1013 2115 allocutus
1037 2085 1097 2114 est.
1143 2080 1345 2121 „Quorsum
1366 2083 1423 2119 tu,
1456 2077 1582 2119 Manli,
1614 2082 1682 2112 tam
1704 2082 1742 2112 te

300 2123 445 2167 superbe
468 2122 576 2166 geris;
615 2125 729 2168 quasi,
754 2131 814 2158 tua
835 2126 905 2159 sola
927 2126 1076 2167 virtute,
1098 2129 1199 2169 parta
1221 2128 1306 2158 esset
1328 2125 1412 2157 haec
1434 2122 1469 2156 in
1492 2123 1609 2157 Gallos
1630 2123 1742 2158 vieto-

300 2167 381 2202 ria?
425 2168 497 2201 Nos
518 2168 698 2202 Romanam
720 2170 903 2204 Fortunam
926 2171 1051 2216 ubique
1072 2169 1247 2205 victricem
1270 2169 1485 2213 agnoscimus.
1542 2168 1611 2202 Sed
1633 2179 1743 2212 neque

302 2224 363 2247 nos
394 2212 479 2247 latet
506 2214 603 2257 hujus
631 2213 681 2247 tui
712 2216 817 2248 fastus
849 2227 968 2249 causa:
1009 2227 1127 2260 nempe
1150 2215 1303 2249 affectati
1325 2214 1422 2258 regni
1445 2225 1520 2258 spes
1543 2218 1613 2247 tua.
1671 2213 1742 2247 Sed

301 2258 428 2291 frustra
450 2259 527 2292 eris.
572 2259 670 2293 Haec
692 2260 750 2293 ubi
774 2259 942 2294 audissent
963 2266 1114 2303 senatus,
1141 2259 1325 2300 exercitus,
1349 2265 1384 2292 et
1404 2259 1567 2304 populus,
1589 2258 1743 2302 insurge-

301 2303 387 2337 bant
408 2314 476 2337 una
498 2314 609 2338 omnes
630 2304 665 2338 in
688 2305 849 2338 Manlium
872 2305 1117 2350 Capitolinum:
1151 2309 1188 2339 et
1209 2305 1352 2349 populus
1374 2304 1526 2349 quidem,
1547 2308 1666 2338 senatu
1689 2307 1744 2337 et-

301 2347 369 2381 iam
392 2349 615 2390 assentiente,
656 2349 753 2384 elatis
775 2350 934 2391 vocibus,
970 2363 1043 2385 eum
1068 2363 1109 2384 ex
1131 2351 1216 2384 urbe
1247 2350 1325 2393 ejici
1350 2349 1550 2393 postulabat.
1597 2347 1743 2382 Manlius

301 2391 419 2438 itaque
439 2405 560 2428 cavens
581 2394 644 2429 sibi
667 2395 709 2429 ab
738 2395 890 2429 exercitu
947 2397 1133 2441 opuloque,
1165 2395 1301 2430 secessit
1322 2395 1356 2428 in
1380 2394 1521 2439 praedia
1557 2405 1637 2434 sua,
1676 2405 1743 2427 non

300 2439 419 2483 procul
442 2440 485 2472 ab
503 2439 626 2485 Apulia
646 2440 731 2480 sita3
756 2440 815 2474 ubi
838 2440 914 2473 dein
940 2452 958 2473 e
977 2440 1138 2475 latitavit.
1183 2441 1281 2484 Fuga
1302 2444 1412 2473 autem
1435 2440 1506 2482 ejus
1528 2439 1658 2473 Romae
1679 2449 1744 2474 no-

303 2488 361 2529 ta,
383 2484 516 2528 domum
539 2485 612 2528 ejus
633 2485 773 2531 populus
791 2484 933 2526 invasit,
958 2486 1112 2530 bonaque
1137 2486 1207 2529 ejus
1229 2484 1339 2519 omnia
1361 2484 1514 2529 diripuit.

394 2530 490 2563 Galli
510 2529 664 2572 interim,
701 2530 758 2564 ubi
781 2530 948 2564 audissent
978 2530 1141 2564 Manlium
1164 2542 1205 2564 ex
1227 2531 1313 2564 urbe
1346 2530 1471 2575 pulsum
1494 2541 1586 2571 esse,
1621 2529 1743 2564 beilum

305 2577 424 2608 contra
445 2575 614 2609 Romanos
634 2576 837 2616 instaurant,
869 2574 995 2608 Ducem
1018 2576 1257 2609 constituentes
1279 2574 1341 2608 sibi
1364 2579 1552 2617 strenuum,
1577 2576 1744 2608 Brennum

305 2619 449 2653 nomine.
494 2620 563 2654 Hic
584 2620 721 2665 itaque,
751 2621 853 2655 missis
874 2619 1023 2665 inprimis
1057 2620 1115 2664 qui
1136 2620 1303 2654 ,Ianitores
1327 2620 1417 2654 urbis
1439 2620 1590 2654 clanculo
1613 2619 1743 2653 interfi-

306 2670 442 2706 cerent,
467 2670 652 2710 portasque
674 2666 738 2700 sibi
760 2666 948 2711 aperirent3
973 2666 1109 2698 Romam
1132 2670 1273 2709 repente
1295 2665 1480 2709 ingressus,
1504 2666 1620 2700 urbem
1643 2669 1744 2698 nocte

305 2712 530 2753 tempestuosa
562 2711 673 2756 cepit,
714 2712 831 2746 mensis
854 2710 977 2745 sextilis
1001 2709 1055 2743 die
1078 2721 1130 2744 xv.
1178 2710 1380 2745 Custodibus
1411 2716 1521 2745 autem
1543 2710 1742 2750 intersectis,

304 2752 419 2798 ingens
451 2757 679 2791 consternatio
701 2757 795 2791 facta
817 2760 885 2790 est:
927 2755 1111 2789 Senatores
1141 2766 1223 2789 vero
1247 2755 1408 2790 certiores
1430 2756 1516 2790 facti
1545 2756 1660 2789 urbem
1685 2766 1744 2788 ca-

303 2802 397 2844 ptam
420 2811 509 2843 esse,
532 2801 616 2847 suga
638 2803 737 2837 rebus
758 2801 825 2837 suis
847 2800 1100 2836 consuluerunt=
1131 2812 1173 2835 ex
1197 2801 1288 2835 urbis
1310 2806 1422 2837 autem
1444 2800 1611 2848 primariis
1635 2798 1743 2846 pluri-
