1838 3230
303 179 402 228 534
787 173 1254 219 ANNOTATIONES.

303 297 402 329 meta
422 288 590 343 plurima
610 290 708 339 sint,
737 289 797 328 uti
816 288 937 327 tradit
951 288 1212 342 Hieronymus
1228 287 1277 328 de
1296 287 1388 328 Loe.
1406 287 1525 331 Hebr.
1541 297 1635 339 ‘mm
1657 289 1735 328 Ta-

304 361 390 385 mar
407 348 508 384 enim
533 344 708 386 Palmam
738 345 940 396 significat.

416 401 630 454 Pag.=143.
660 404 723 444 17.
775 401 818 441 ἐν
845 397 907 448 οἷς
942 400 1189 453 ἐβασίλευσεν
1225 397 1387 452 Αχαοῖβ,
1426 397 1612 452 βασιλεὺς
1645 401 1738 440 Ιου-

305 456 452 508 δαίων]
482 458 580 496 Ante
598 456 675 494 hoc
696 463 849 508 tempus
869 469 1029 507 regnum
1054 457 1223 495 divisum
1243 457 1370 494 fuerat
1389 456 1430 494 in
1445 469 1609 507 regnum
1623 455 1735 504 lude,

306 520 346 551 et
363 526 524 564 regnum
540 513 677 552 Israel·
706 513 748 551 in
766 512 846 551 hoc
874 526 994 563 vero,
1022 526 1103 551 non
1125 513 1167 551 in
1186 513 1255 550 illo
1284 512 1502 551 Salomonis
1533 524 1742 561 successor*

307 575 391 607 erat
409 568 603 606 Acbabus.

415 623 514 675 Pag-
545 623 636 666 145.
667 623 732 666 15.
781 620 1048 692 βουλεύσασθε
1078 619 1368 692 ευλογηθῆναι]
1408 623 1536 672 sorte,
1574 617 1737 675 βουλεύ-

307 690 406 720 σατε.
441 681 622 730 Septuag.
645 681 718 730 leg.
735 676 924 731 ποιήσατε
944 675 1022 732 μετ’
1041 679 1138 731 ἐμοῦ
1154 676 1350 732 εὐλογίαν.

339 768 341 770 ,
415 733 520 773 Ibid.
575 734 642 774 καὶ
664 732 852 788 φάγεται]
881 738 965 773 Ser.
994 732 1148 788 φάγετε.

420 793 516 842 Pssg·
549 791 639 833 146.
668 792 733 833 15.
763 790 892 844 ημέρα
910 791 1112 842 θλίψεως,
1140 791 1288 843 δεσμου
1305 796 1379 830 etc.
1392 789 1409 842 ]
1441 790 1623 840 Septuag.
1645 785 1739 841 ημέ-

307 859 358 900 oa
378 846 578 895 θλίψεως,
605 862 672 886 και
693 847 892 916 ἔλεγμοῦ,
901 846 969 887 καὶ
965 848 1258 914 υτιταροργισμοῢ
1280 862 1302 898 η
1322 845 1462 915 ’ἡμέρα
1469 841 1602 910 ταύτῃ.

418 902 517 954 Peg.
548 902 639 944 148
670 906 737 945 22.
778 900 913 955 Σαραχ
927 905 1007 942 τῶν
1025 899 1277 955 πατοοῖρχων]
1313 896 1738 952 801.τᾶνπάτραρχον,

307 962 353 995 ut
368 955 488 996 habet
514 957 656 999 Chron.
686 959 1005 998 Alexandrinum.
1044 961 1228 1010 Septuag.
1256 958 1300 998 ἐν
1319 957 1415 1012 οἴκῳ
1435 953 1612 1011 Νεσεραχ
1634 957 1740 996 θεοῦ

310 1008 446 1054 αὐτοῦ.

417 1067 514 1122 Pog·
547 1069 638 1112 149.
667 1073 705 1113 9.
739 1066 886 1123 στήλην
908 1071 1056 1122 χαλκῆν
1077 1084 1130 1124 τῳ
1158 1067 1279 1123 ἡλίῳ]
1319 1064 1463 1119 στήλη,
1491 1080 1566 1119 pro
1598 1071 1738 1115 statua,

309 1123 534 1174 frequenter
563 1126 734 1164 occurrit
750 1127 854 1178 apud
878 1125 1136 1165 recentiores:
1164 1125 1266 1176 apud
1290 1130 1466 1162 nostrum
1496 1135 1592 1161 vero
1608 1135 1741 1160 exem-

309 1180 386 1231 plis
407 1179 632 1233 hujusmodi
657 1181 756 1219 nihil
776 1183 967 1220 usitatius.
1024 1182 1130 1220 Inter
1156 1181 1252 1218 alios
1279 1193 1374 1218 vero
1402 1180 1461 1218 Jo.
1480 1179 1660 1227 Tzetzes,
1689 1177 1741 1215 de

311 1235 522 1275 Alexandri
552 1243 679 1275 statua
718 1251 740 1275 a
766 1238 939 1290 Lysippo
974 1237 1096 1286 sacta,
1135 1236 1256 1276 verba
1284 1236 1450 1286 faciens,
1485 1233 1584 1273 haec
1609 1233 1742 1282 habet,

312 1288 412 1330 Chil.
442 1294 480 1334 8.
509 1291 608 1330 Hist.
636 1296 731 1335 200.

523 1347 607 1387 Καὶ
626 1346 698 1402 γὰρ
715 1347 781 1388 καὶ
800 1346 1099 1417 παρατρᾶχηλον
1117 1347 1299 1399 ἐποίησεν
1317 1346 1481 1388 ἐκεῖνον.

523 1406 731 1444 Δοκοῦντα
748 1403 903 1456 βλέπειν
919 1399 1113 1456 οὐρανόν,
1142 1403 1209 1443 καὶ
1228 1405 1310 1443 πᾶν
1326 1399 1614 1454 ἠ’κριβωμένως,

528 1460 675 1506 Οποῖος
695 1454 749 1511 ἦν
768 1458 1055 1509 Αλέξανδρος“’
1031 1475 1052 1499 ο
1075 1456 1276 1498 Μακεδών
1295 1458 1455 1505 ἐκεῖνος.

528 1515 634 1554 ῼστε
650 1516 781 1555 δοκεῖν
801 1512 894 1562 τοὺς
912 1514 1135 1580 βλέποντας,
1163 1513 1424 1565 Αλέξανδρον,
1453 1527 1501 1552 ου
1521 1507 1677 1562 στήλην.

423 1566 524 1620 Pog
544 1569 647 1611 149
682 1574 746 1611 10.
775 1567 916 1622 ἥντινα
936 1565 1123 1610 ἐκάλεσαν
1149 1567 1350 1610 Κολοσσὸν
1376 1568 1430 1615 ὥς
1451 1564 1628 1631 ‹ppsseoov
1646 1564 1742 1606 θέα-

316 1619 389 1671 μα]
422 1624 617 1664 Κολοσσοὶ
647 1631 797 1663 statuae
821 1632 911 1664 sunt
935 1625 1213 1676 praegrandes,
1250 1631 1366 1675 atque
1389 1623 1616 1670 inusitatae,
1653 1629 1742 1660 stu-

315 1676 545 1744 pendaeque
571 1680 869 1730 magnitudinis,
899 1687 998 1719 teste
1025 1680 1230 1731 Hesychio.
1293 1678 1513 1728 Κολοσσοὶ,
1542 1674 1744 1730 ἆγαλματα

315 1730 576 1786 υπερμεγέθη.
630 1737 727 1776 Erat
747 1743 874 1775 autem
892 1737 1075 1775 Colossus
1099 1738 1171 1774 iste
1186 1739 1251 1779 70.
1270 1735 1500 1774 Cubitorum
1526 1733 1742 1783 altitudine,

321 1788 380 1824 uti
415 1795 581 1828 testatur
605 1791 718 1830 Philo
745 1793 956 1844 Byzantius
984 1793 1031 1830 de
1055 1796 1096 1834 7.
1128 1793 1224 1831 Orb.
1254 1792 1472 1843 Spectacul.
1535 1789 1595 1831 Εν
1622 1785 1742 1845 ταύτῃ

318 1841 521 1892 Κολοσσός
547 1846 626 1887 ε’στι
649 1847 803 1899 πηχέων
840 1844 1112 1900 ἑβδομήκοντα
1148 1846 1467 1900 διεσκευασμένος
1503 1846 1559 1894 εἰς
1595 1848 1742 1886 Ηλιον-·

318 1898 409 1936 licet
431 1900 478 1937 de
499 1902 714 1941 cubitorum
732 1917 892 1942 numero
910 1918 989 1942 non
1013 1904 1196 1942 convenit
1219 1904 1321 1941 inter
1347 1903 1557 1941 Auctores:
1587 1901 1635 1939 de
1664 1914 1743 1952 quo

318 1954 407 1991 vide
434 1957 550 1997 Leon.
581 1959 747 1996 Allatii
737 1974 776 1997 m
806 1959 958 2000 Philon.
986 1960 1074 1998 Not.
1095 1959 1162 1997 ubi
1190 1959 1315 1997 obite]
1339 1959 1573 2004 notandum,
1599 1957 1743 2009 injuste

320 2009 366 2045 ab
387 2009 531 2049 Allatio
550 2015 737 2065 vapulare
753 2016 1060 2067 Dalecampium,
1092 2029 1136 2053 eo
1158 2015 1285 2067 quod,
1316 2014 1568 2067 Septuaginta
1597 2012 1744 2052 cubito-

321 2079 423 2113 rum,
455 2072 509 2114 et,
547 2067 685 2119 pedum
716 2081 865 2110 centum
902 2081 937 2109 et
969 2072 1153 2124 quinque,
1190 2071 1294 2109 idem
1323 2083 1402 2108 esse
1429 2082 1599 2107 asserere
1628 2082 1744 2106 ausus

322 2120 386 2158 sit.
442 2121 548 2159 Licet
568 2125 666 2162 enim
688 2126 805 2176 pedes
826 2140 885 2165 cv.
906 2141 978 2165 nec
1005 2127 1225 2165 cubitorum
1244 2126 1578 2164 Geometricorum
1607 2124 1669 2173 (si
1686 2130 1745 2161 ta-

322 2189 409 2212 men
430 2176 588 2216 Cubitus
606 2179 676 2217 iste
692 2182 822 2220 locum
840 2182 1002 2234 uspiam,
1024 2189 1293 2234 praeterquam
1309 2181 1414 2232 apud
1432 2181 1649 2231 Origenem‚
1678 2179 1745 2216 ha-

321 2231 471 2270 buerit:
482 2229 498 2288 )
527 2247 598 2272 nec
618 2236 833 2285 regiorum,
863 2252 934 2276 nec
955 2239 1234 2284 communium3
1267 2238 1496 2276 Cubitorum
1518 2243 1647 2274 tamen
1665 2234 1743 2272 Mi-

323 2300 476 2338 norum,
492 2289 572 2330 sive
592 2291 937 2343 Sesquipedalium,
969 2292 1059 2346 (qui
1078 2295 1191 2332 etiam
1210 2294 1410 2332 Herodoto
1428 2291 1639 2330 communis
1659 2289 1741 2341 est)

324 2356 527 2383 numerum
560 2346 797 2386 exactissime
824 2349 998 2400 implent.
1029 2350 1218 2388 Herodot.
1247 2351 1274 2388 1.
1291 2354 1329 2391 2.
1359 2345 1552 2396 ἕξαπόδου
1575 2344 1646 2398 μὲν
1672 2361 1745 2398 της

326 2395 487 2451 ὀργυιῆς
514 2401 780 2467 μετρεομένης,
808 2403 874 2443 καὶ
902 2401 1178 2470 τετραπήχεος·
1207 2408 1285 2445 τοῖν
1308 2405 1443 2444 ποδων
1470 2401 1541 2453 μὲν
1561 2417 1745 2451 τετραπα-

325 2456 492 2495 λαίστων
522 2453 681 2507 ἐόντων,
719 2474 787 2499 του
815 2457 857 2499 δὲ
884 2456 1027 2511 πήχεος
1054 2460 1345 2509 ἑξαπαλαίστου.
1404 2461 1564 2508 Passus,
1601 2457 1742 2508 inquit,

325 2525 521 2550 mensurae
537 2527 608 2551 sex
624 2512 785 2565 pedum,
811 2515 887 2553 sive
902 2525 1064 2568 quatuor
1085 2515 1320 2554 cubitorum
1345 2512 1458 2566 pecles
1483 2523 1620 2562 aufem,
1649 2527 1742 2566 qua-

327 2574 414 2602 tuor
430 2566 670 2618 palmorum:
705 2569 831 2608 Gabia·
849 2584 934 2608 vero
955 2585 1026 2608 sex
1037 2570 1265 2621 palmorum.
1323 2569 1502 2607 Cubitum
1523 2570 1634 2606 etiam
1654 2570 1744 2623 Ses-

329 2621 571 2673 quipedalem
591 2625 686 2663 facit
705 2624 937 2682 Hesychius.
969 2628 1124 2677 Πῆχυς,
1152 2625 1176 2666 ὁ
1196 2623 1251 2673 εἷς
1269 2625 1334 2665 καὶ
1351 2622 1472 2676 ἥμισυ
1492 2627 1604 2672 ποῦς.

437 2676 727 2730 Pag.150.1
758 2681 842 2721 Επὶ
861 2682 938 2721 οὐν
951 2683 1020 2732 τῆς
1037 2682 1232 2732 βασιλείας
1252 2680 1418 2731 Ιωακεὶμ
1439 2679 1634 2732 βασιλέως]
1658 2680 1741 2718 Ioa-

328 2730 407 2767 kim
427 2733 509 2778 iste,
542 2735 608 2784 qui
630 2741 667 2772 et
687 2736 888 2774 Jechonias
906 2736 1031 2774 dictus
1050 2743 1117 2784 est,
1149 2737 1291 2787 quique
1309 2737 1416 2786 Bab)
1406 2737 1543 2775 Ionem
1565 2736 1741 2786 captivus

330 2785 472 2825 ductus
494 2795 573 2839 est,
617 2790 780 2830 Joakimi
804 2792 942 2845 prioris
963 2793 1063 2830 filius
1083 2799 1179 2831 erat.
1208 2791 1305 2831 Vide
1323 2793 1362 2834 4.
1381 2794 1474 2843 Reg.
1497 2806 1579 2844 cap
1601 2794 1668 2833 24.
