1838 3230
300 156 398 207 728
541 214 544 216 ‚
885 152 1157 197 BENTLEH

301 268 537 320 composuit.
551 265 707 314 Nam=
695 282 736 307 111
755 261 801 308 eo
819 262 958 320 genere
974 265 1098 308 Iibros
1117 267 1285 308 edidisse
1300 264 1412 308 testis
1432 275 1493 313 est
1507 269 1742 311 Plutamhus

300 326 358 364 De
371 326 539 365 fortuna
545 325 743 364 Romnum
746 337 829 363 um
861 328 939 366 Ιων
967 324 1038 378 μὲν
1056 319 1130 366 οὐν
1157 325 1182 366 ό
1202 323 1369 378 ποιητὴς
1393 325 1436 367 ἐν
1453 329 1538 374 τοῖς
1566 326 1655 391 δίχα
1678 325 1750 378 μέ-

301 396 395 434 τρον
422 380 489 423 καὶ
525 378 796 450 καταλογάδην
822 376 932 448 αυτῷ
966 381 1272 450 γεγραμμένοις
1284 380 1428 433 φησὶν,
1463 377 1745 453 ανομοιότατον

300 439 461 491 πρᾶγμα
477 439 529 491 τῇ
551 438 673 492 σοφία
700 451 774 488 την
801 433 923 488 τύχην
954 432 1078 477 οὖσαν
1109 434 1352 490 ὁμοιοτάτων
1380 452 1620 507 πραγματων
1644 438 1746 491 γίνε-

301 499 399 533 σθαι
423 477 676 546 δημιουργόν.
734 499 772 531 et
789 492 960 530 Suidas
948 506 989 533 m
1008 496 1154 546 Διθυρ.
1185 497 1353 546 Εγραψε
1384 491 1427 533 δὲ
1453 493 1664 549 κωμῳδίαν
1680 492 1749 535 καὶ

300 547 572 600 ἐπιγραμματα
604 546 876 599 καταλογαδην
904 548 971 589 καὶ
1001 547 1277 602 πρεσβευτικὸν
1311 545 1532 602 λεγόμενον.
1606 550 1749 601 Portus

300 605 419 642 vertit
437 604 621 642 barbare:
649 602 700 642 Et
719 603 1013 656 Epigrammata
1040 605 1213 642 oratione
1239 602 1381 644 soluta.
1441 604 1624 643 Libenter
1650 618 1748 648 vero

299 660 435 698 videre
472 660 615 698 vellem
640 659 784 697 nobilia
820 660 887 697 illa
922 660 1199 710 epigrammata
1227 660 1399 711 pedestri
1428 674 1606 699 sermone
1632 661 1758 705 factm,

303 715 412 753 Vah!
444 715 591 754 adeone
618 721 825 753 exaruerat
847 715 1006 766 penitus
1021 716 1187 765 benigna
1205 715 1274 753 illa
1297 729 1397 754 vena
1421 716 1593 767 ingenii?
1623 723 1662 755 et
1681 729 1749 755 ex-

302 772 428 809 tincta
446 778 530 810 erat
547 784 712 823 prorsus
732 784 774 808 ea
794 771 933 809 mentis
963 771 1240 819 inflammatio,
1269 771 1351 809 sine
1378 785 1456 823 qua
1484 785 1598 810 nemo
1617 772 1661 810 fit
1677 773 1749 811 bo·

302 841 379 866 nus
396 827 543 879 poeta?
575 826 709 875 Quid?
748 839 875 865 unane
907 833 945 864 et
963 839 1195 877 generosum
1218 828 1415 866 Ariusium
1454 827 1496 865 in
1521 828 1631 866 cellis
1660 841 1751 867 eva-

302 890 464 932 nuerat,
512 896 589 934 quo
630 889 852 920 memorant
889 883 1022 920 Ionem
1062 883 1163 921 bene
1201 883 1369 921 libenter
1403 883 1636 934 plerumque
1668 897 1751 922 esse

302 939 449 977 usum‘?
489 939 686 979 enimvero
711 938 958 978 verissimum
982 952 1064 978 esse
1096 939 1309 990 comperit,
1348 938 1456 992 quod
1482 939 1575 978 olim
1597 939 1751 978 dixerat

301 994 583 1046 Epicharmu83

524 1047 610 1091 Οὐκ
628 1049 708 1092 ἕντι
719 1047 980 1103 ’διθύραμβος
987 1083 999 1102 ,
1026 1047 1115 1103 ’ὅκχ’
1134 1048 1242 1104 ὕδωρ
1260 1052 1368 1106 πίῃς.

305 1106 382 1145 Sed
408 1106 507 1145 bene
539 1113 620 1156 est,
665 1107 773 1158 quod
809 1108 1011 1146 commoda
1047 1108 1260 1146 mutatione
1284 1106 1519 1158 propulsare
1545 1118 1754 1158 possumus

304 1161 383 1199 hoc
401 1161 572 1200 dedecus
593 1177 614 1200 a
633 1177 783 1200 summo
802 1169 931 1214 poeta.
988 1163 1054 1202 Sic
1076 1164 1176 1202 enim
1206 1163 1367 1201 Suidam
1401 1162 1575 1200 emendo.
1606 1161 1753 1214 ἔγραψε

307 1216 401 1256 δέκ.
425 1217 493 1257 καὶ
514 1215 805 1270 ε’πιγραμματα,
836 1217 904 1257 καὶ
933 1216 1206 1273 καταλογαδην
1233 1219 1668 1258 ΠΡΕΣΒΕΥΤΙΚΟΝ
1696 1221 1755 1257 λε-

303 1287 423 1326 γομει
428 1288 485 1312 ον
543 1273 675 1310 Schol.
695 1273 983 1324 A1istophanis:
1014 1278 1182 1339 Εγραψε
1213 1270 1371 1323 σκόλια,
1401 1274 1466 1314 καὶ
1492 1274 1658 1328 ἐλεγεῖα,
1686 1272 1756 1312 καὶ

304 1325 575 1396 καταλογάδην
595 1326 666 1369 τόν
694 1327 973 1382 πρεσβευτικδν
992 1326 1226 1382 λεγόμενον,
1256 1326 1304 1369 ὸν
1331 1326 1457 1370 νόθον
1483 1326 1638 1378 αξιοῦσί
1652 1343 1756 1375 τινες

306 1388 429 1432 εἶναι,
479 1380 567 1436 οὕχὶ
596 1379 731 1425 αὐτοῦ.
795 1383 902 1421 Idem
928 1384 1185 1422 Scholiastes:
1238 1385 1426 1424 Φαίνεται
1459 1383 1503 1424 δὲ
1533 1380 1658 1424 αὐτοῦ
1687 1383 1756 1424 καὶ

305 1440 465 1487 Κτίσις,
497 1438 563 1479 καὶ
587 1436 897 1492 Κοσμολογικὸς,
927 1440 994 1480 καὶ
1014 1442 1443 1486 ΤΠΟΜΝΗΜΑΤΑ,
1480 1439 1548 1479 καὶ
1578 1437 1675 1479 αλλα
1697 1454 1757 1478 τι-

306 1511 373 1535 να.
441 1496 705 1546 Depravatum
744 1494 852 1532 hunc
882 1495 1011 1533 locum
1048 1495 1105 1533 sic
1135 1495 1308 1546 corrige:
1347 1496 1530 1545 φαίνεται
1559 1493 1602 1534 δὲ
1631 1491 1758 1534 αυτοῦ

310 1552 444 1589 XIOY
468 1554 671 1592 ΚΤΙΣΙΣ.
730 1550 1028 1601 Etymologicon
1048 1564 1250 1601 magnum:
1283 1547 1438 1618 Λόγχας
1455 1551 1614 1617 μερίδας
1637 1553 1757 1598 Ιωνες

308 1605 502 1659 λέγουσιν.
548 1609 628 1647 Ιων
650 1606 693 1646 ἐν
713 1607 816 1646 Κίου
834 1602 986 1658 κτήσει·
1018 1610 1082 1646 Εκ
1100 1622 1170 1657 της,-
1194 1605 1275 1646 Τέω
1293 1603 1428 1660 λόγχης
1453 1602 1596 1659 λόγχας
1614 1610 1757 1647 ποιεῖν.

183 1673 216 1707 0
244 1672 287 1710 65
312 1661 535 1700 Celtissime
563 1662 771 1712 legendum
800 1668 860 1701 est
894 1664 971 1701 Ιων
997 1661 1040 1702 ἐν
1073 1662 1175 1702 Χίου
1196 1663 1332 1702 Κτίσει
1361 1660 1434 1702 1οη
1460 1663 1502 1700 in
1534 1660 1759 1714 Originibus

315 1717 415 1757 Chii.
454 1717 674 1756 Videlicet
664 1732 746 1768 ipse
764 1718 840 1756 fuit
863 1717 982 1755 Chius
1002 1717 1180 1765 natione,
1206 1723 1244 1756 et
1271 1718 1398 1756 insula
1420 1717 1520 1756 Teos
1542 1716 1638 1756 Chio
1663 1730 1758 1783 pro-

310 1775 458 1826 pinqua
477 1780 546 1823 est,
568 1788 649 1812 11011
672 1774 752 1813 Cio.
782 1772 1005 1812 Athenaeus
1023 1774 1124 1812 libro
1145 1786 1185 1812 x.
1216 1773 1317 1826 Περὶ
1337 1771 1379 1813 δε
1396 1770 1540 1824 ταύτης
1557 1775 1628 1824 τῆς
1650 1768 1758 1838 Κρα-

313 1842 411 1876 σεως
443 1831 520 1869 Ιων
547 1828 570 1870 ό
594 1827 760 1896 ποιητὴς
785 1828 828 1869 ἐν
857 1832 913 1884 τῷ
937 1829 1028 1883 περὶ
1049 1830 1150 1869 Χίου
1180 1829 1330 1881 φησὶν,
1362 1825 1421 1870 ’ὅτι
1440 1826 1566 1882 ευροὶν
1585 1827 1606 1869 ὅ
1623 1842 1761 1880 μαντις

313 1881 562 1936 Παλαμήδης
583 1881 843 1937 ἐμαντευσατο
866 1888 993 1925 πλοῦν
1020 1885 1179 1925 ἔσεσθαι.
1203 1889 1288 1932 τοῖς
1307 1888 1455 1936 Ελλησι
1481 1884 1642 1924 πίνουσι
1659 1887 1761 1935 τρεῖς

313 1937 410 1993 πρὸς
430 1940 499 1979 ἕνα
515 1940 706 1988 κυαθους.
763 1941 892 1978 Unum
912 1940 1093 1991 idemque
1117 1946 1174 1978 est
1195 1941 1410 1992 scriptum3
1439 1940 1510 1978 sed
1538 1939 1651 1978 rideo
1680 1951 1760 1986 eos,

317 1996 386 2047 qui
416 1994 513 2033 haec
531 1996 705 2046 perinde
742 1996 965 2046 ediderunt,
1003 1996 1114 2048 quasi
1142 2003 1269 2035 essent
1295 2009 1433 2034 versus
1463 1995 1644 2044 Iambici,
1679 2007 1762 2032 11011

317 2051 445 2089 oratio
467 2051 611 2089 soluta:
639 2052 687 2089 de
703 2052 846 2091 mendo
868 2059 1018 2101 autem,
1048 2066 1126 2115 quo
1156 2053 1439 2090 contaminatus
1460 2057 1518 2090 est
1540 2051 1672 2096 1001111,
1698 2050 1761 2087 111-

315 2106 375 2144 1111
405 2107 590 2157 suspicati
618 2114 722 2145 sunt.
780 2108 976 2154 Quorsum
1002 2109 1100 2145 enim
1126 2109 1297 2159 pertinet
1323 2107 1424 2145 illud
1457 2103 1617 2158 ευρῶνΡ
1653 2105 1760 2152 Quid

318 2161 487 2214 reperit?
514 2162 622 2213 quod
640 2163 753 2213 pueri
777 2164 974 2201 clamitant
993 2177 1032 2202 se
1051 2164 1093 2201 in
1114 2164 1201 2201 faba
1222 2163 1443 2215 reperisse?
1473 2163 1552 2212 Ego
1574 2174 1670 2199 vero
1691 2174 1761 2198 au-

319 2218 392 2255 sim
411 2231 633 2256 asseverare
652 2218 707 2255 sic
730 2231 752 2256 a
782 2218 1008 2257 doctissimo
1026 2219 1374 2257 Grammaticorum
1401 2219 1521 2256 fuisse
1547 2217 1760 2268 scriptum.

323 2275 393 2313 Οτι
423 2289 443 2314 ο
468 2270 727 2324 οἰωνόμαντις
748 2270 991 2325 Παλαμήδης
1018 2281 1091 2313 etc.
1139 2276 1349 2313 Pausanias
1376 2276 1418 2312 in
1442 2272 1625 2311 Achaicis
1651 2272 1760 2310 Ionis

320 2329 511 2379 quaedam
532 2330 646 2378 citat,
680 2343 730 2367 ex
747 2327 823 2367 hoc
844 2329 1047 2379 Originum
1065 2331 1188 2380 libro,
1217 2338 1263 2369 ut
1284 2330 1439 2382 quidem
1462 2328 1649 2380 conjicio:
1679 2341 1762 2365 non

320 2390 447 2423 tamen
467 2397 744 2436 usquequaque
758 2386 931 2423 servavit
944 2387 1064 2423 verba
1082 2387 1266 2426 auctoris.
1323 2387 1392 2424 lon
1414 2384 1535 2432 enim,
1564 2390 1609 2422 ut
1627 2382 1762 2421 homi-

320 2453 409 2477 nem
433 2439 571 2477 Chium
590 2442 719 2479 facere
734 2455 807 2493 par
835 2446 937 2489 erat,
966 2441 1007 2478 in
1027 2442 1219 2492 prosaicis
1246 2441 1402 2492 scriptis
1433 2440 1563 2478 Ionica
1589 2439 1761 2477 dialecto

323 2501 382 2533 est
397 2509 504 2533 usne.
563 2497 722 2534 Constat
748 2496 826 2534 1100
854 2510 901 2534 cx
931 2497 1132 2547 superiore
1163 2498 1251 2535 loco
1279 2496 1558 2547 Etymologici‚
1589 2502 1627 2533 et
1658 2495 1763 2533 Har-

320 2551 563 2601 pocrationis
586 2553 682 2600 alio,
713 2559 752 2590 et
768 2553 984 2602 fragmento
1009 2553 1106 2590 alius
1135 2553 1283 2603 operis,
1313 2552 1421 2603 quod
1446 2553 1770 2590 EHIAHMIAI

321 2606 562 2646 inscribitur.
603 2607 822 2647 Athenaeus
847 2610 1048 2647 xm.va
1068 2602 1140 2647 οὐν
1162 2607 1183 2648 ὁ
1199 2623 1365 2658 ποιητης
1382 2606 1425 2646 ἐν
1443 2611 1528 2653 ταῖς
1552 2606 1762 2658 ἐπιγραφο-

322 2661 710 2725 μέναιςΕπιδημίαις
726 2679 870 2716 γραφει
888 2662 1031 2710 ου’τως·
1065 2666 1267 2712 Σοφοκλεῖ
1277 2678 1330 2702 τω
1350 2666 1496 2717 ποιητῇ
1510 2663 1552 2703 ἐν
1565 2663 1653 2713 Χίῳ
1672 2674 1763 2701 συν-

320 2713 492 2767 ήντησα,
532 2715 596 2758 ὅτε
634 2718 738 2759 ἔπλει
778 2719 833 2766 εἰς
867 2719 1025 2771 Λέσβον
1064 2716 1270 2770 στρατηγὸς
1309 2724 1348 2756 et
1393 2732 1493 2769 quae
1533 2702 1762 2768 sequuntur.

324 2772 558 2824 Quanquam
582 2774 684 2813 euim
710 2788 887 2826 magnam
919 2781 1071 2828 partem
1097 2774 1323 2827 per-turbata
1353 2774 1410 2813 ibi
1435 2781 1526 2813 sunt
1554 2773 1693 2823 verba,
1724 2779 1763 2811 et
