1838 3230
603 147 1077 196 ANNOTATIONES.
1471 150 1572 201 557

228 271 323 322 Pog.
353 271 450 311 218.
478 271 517 310 3.
545 264 613 309 τὸν
629 267 705 308 τοῦ
719 263 956 320 Αὐγούστου
973 263 1148 321 γαμβρὸν
1165 261 1224 307 ἔπ’
1249 261 1427 322 ἐδελφῇ]
1473 282 1569 320 yan-

112 322 211 380 βοός
231 323 290 367 ἐπ’
317 320 495 381 ἀδελφῇ,
523 325 669 364 sororis
698 325 864 362 maritus
892 330 970 363 est:
999 324 1192 363 Antonius
1220 323 1324 362 enim
1352 323 1569 374 Octaviam,

110 380 282 433 Augusti
311 395 487 430 sororem
514 381 558 420 in
589 393 755 420 uxorem
782 381 965 420 duxerat.
1032 380 1094 419 Ita
1119 381 1234 421 etiam
1262 393 1352 420 eum
1371 387 1492 420 vocat
1510 381 1566 421 Jo.

110 438 243 481 Tzetz.
266 437 366 478 Chil.
389 442 427 481 9.
445 437 538 479 hist.
555 438 650 480 253.

325 492 559 549 Αὔγουστος
581 489 804 541 Οκταούϊος
822 489 966 546 Ρω’μης
985 495 1142 547 κρατῶν
1161 490 1210 534 τοὶ
1227 495 1419 549 σκῆπτρα,

325 549 510 604 Ανεψιός
531 547 590 591 aiv
609 551 812 605 Καίσαρος
829 552 953 591 Γαΐου
971 551 1143 591 Ιουλίου.

333 605 418 661 Τήν
437 605 656 661 ἆνταρσίαν
675 603 864 658 οὐδαμῶς
881 610 960 647 τῶν
980 607 1210 660 Αἰγυπτίων
1228 604 1378 661 φέρων,

329 659 411 705 Επ’
427 661 583 721 ἆὸελφῇ
603 667 654 720 τῇ
671 663 816 704 ἑαυτοῦ
835 667 976 717 κλῆσιν
1001 665 1215 719 Οκταουῖὶγ,

327 724 447 774 Εχων
465 718 644 776 γαμβρόν
660 717 887 769 Λντώνιον,
918 720 1061 761 στέλλει
1080 717 1162 760 κατ’
1179 719 1425 773 Αἰγυπτίων.

218 773 319 829 1³03-
349 781 444 821 218.
475 781 512 820 9.
545 779 588 820 ἐν
605 778 873 833 Αλεξάνδρείᾳ
892 774 966 830 τὴν
988 774 1163 830 μεγάλην
1190 775 1263 829 τήν
1294 774 1450 830 φαρόν]
1481 778 1567 818 Scr-

105 834 158 890 τῇ
181 829 356 890 μεγάλῃε
385 841 572 874 constans
593 835 694 873 enim
711 834 812 884 hoc,
844 834 951 886 apud
969 835 1177 882 Nostrum,
1205 833 1317 872 urbis
1344 833 1463 886 hujus
1484 834 1568 874 ἐπί-

104 894 239 931 θετον.
297 886 421 940 Πόλις
441 893 575 941 etiam,
605 905 678 943 per
707 891 1002 938 excellentiam,
1035 891 1140 929 dicta
1162 896 1239 938 est,
1269 895 1368 928 teste
1401 890 1565 942 Stepha-

105 960 178 986 no:
218 945 366 1001 ἐλέγετο
397 947 441 989 δὲ
464 945 549 989 κατ’
577 945 718 1001 ἕξοχήν
746 944 877 997 πόλις,
918 947 986 988 καὶ
1015 951 1172 988 πολῖται
1201 946 1242 996 ἐξ
1276 941 1413 999 αὐτῆς.
1461 947 1565 986 sicut

105 1002 280 1042 Athenae
305 1004 420 1043 etiam
452 1003 572 1054 ἄστυ,
611 1012 651 1044 et
679 1006 824 1053 Roma,
869 1004 991 1054 Urbs,
1030 1011 1193 1043 vocatae
1217 1010 1328 1042 sunt:
1367 1003 1445 1042 nisi
1474 1004 1564 1055 quis

105 1058 323 1099 secundum
338 1059 414 1113 τὴν
438 1061 684 1115 superfluum
707 1076 790 1100 esse
811 1061 1027 1113 putaverit.
1086 1062 1290 1100 Caeterum
1310 1074 1330 1098 a
1351 1074 1445 1111 quo,
1466 1074 1563 1112 quo-

104 1128 155 1155 ve
174 1121 350 1168 tempore
366 1117 514 1158 Pharos
533 1118 662 1157 insula
693 1118 906 1157 continenti
927 1117 1096 1168 Isthmo,
1125 1131 1176 1156 ex
1201 1117 1423 1168 ingentibus
1449 1116 1490 1154 in
1507 1117 1563 1155 al-

104 1179 187 1212 tum
212 1174 382 1213 molibus
401 1181 530 1215 terrae
546 1175 662 1228 jactis
686 1175 791 1213 facto
807 1205 818 1224 ,
849 1175 1065 1228 conjuncta
1094 1174 1237 1223 fuerit,
1269 1187 1350 1212 non
1374 1174 1564 1213 convenit

102 1229 207 1268 inter
224 1237 419 1270 auctores.
475 1232 704 1271 Ammianus
731 1231 1004 1280 Marcellinus,
1046 1230 1139 1271 Chr.
1169 1231 1282 1270 Alex.
1307 1237 1472 1278 auctor,
1502 1230 1561 1271 Jo.

102 1285 287 1337 Tzetzes,
321 1301 412 1326 cum
444 1295 604 1338 nostro,
650 1289 897 1339 Cleopatram
924 1288 1044 1339 hujus
1075 1288 1208 1341 operis
1239 1288 1453 1326 Auctorem
1485 1293 1564 1326 sta-

102 1347 242 1393 munt,
273 1344 451 1396 adeoque
482 1345 609 1398 ipsius
642 1344 762 1383 Phari
785 1345 930 1395 turris,
957 1345 1006 1383 ab
1038 1345 1192 1383 insulae
1223 1345 1379 1383 nomine
1411 1343 1466 1382 sic
1495 1344 1564 1382 di·-

102 1404 211 1449 ctae,
241 1400 510 1443 conditricem.
569 1402 718 1440 Verum
736 1407 775 1440 et
804 1401 959 1440 Pharon
990 1402 1156 1451 turrim,
1184 1400 1454 1452 isthmumque
1474 1407 1565 1439 ante

101 1454 333 1508 Cleopatrae
353 1464 530 1510 tempora
553 1465 736 1498 extructa
768 1458 914 1508 fuisse,
947 1472 996 1497 ex
1019 1459 1050 1497 J.
1084 1458 1259 1498 Caesaris
1290 1464 1328 1496 et
1358 1456 1565 1496 Strabonis

98 1513 336 1553 testimoniis
361 1516 531 1566 probare
565 1516 706 1554 nititur
739 1514 898 1567 Joseph.
927 1515 1121 1566 Scaliger,
1159 1515 1201 1552 in
1242 1515 1385 1555 Euseb.
1418 1513 1564 1553 Chron.

98 1569 436 1613 Animadversion.
457 1572 510 1610 ad
527 1586 673 1610 annum
687 1572 951 1611 Eusebianum
971 1585 1228 1610 Muccxxxm.
1261 1585 1376 1621 quem
1395 1569 1505 1609 vide.

209 1625 307 1679 Pag.
334 1631 430 1670 218.
463 1632 529 1670 10.
565 1626 640 1681 τήν
664 1628 882 1681 λεγομένην
917 1630 1147 1675 Καίουσαν]
1196 1626 1346 1666 Pharos
1379 1627 1564 1668 Καίουσα

99 1680 201 1721 sorte
220 1682 327 1721 dicta
347 1685 488 1734 fuerit,
526 1699 548 1722 a
569 1685 783 1723 luminibus
810 1685 957 1723 ibidem
987 1691 1187 1723 nocturno
1217 1690 1420 1736 tempore,
1450 1683 1564 1722 navi-

99 1740 276 1788 gantium
293 1739 334 1778 in
361 1740 641 1789 directionem,
673 1741 836 1780 accendi
857 1741 992 1782 solitis.
1023 1741 1115 1782 Chr.
1142 1741 1254 1782 Alex.
1296 1741 1426 1780 Protei
1446 1741 1559 1778 insu-

99 1793 181 1833 lam
210 1802 349 1846 vocat3
387 1797 444 1846 εἰς
467 1794 542 1849 τήν
574 1800 699 1850 νῆσον
726 1795 800 1850 τὴν
837 1797 1052 1853 λεγομένην
1078 1797 1283 1851 Πρωτέως.
1349 1797 1409 1835 Ita
1442 1796 1558 1836 etiam

98 1852 328 1892 Ammianus
354 1853 571 1895 Marcellin.
610 1855 679 1892 lib.
710 1858 777 1898 22.
842 1853 980 1894 Insula
1015 1854 1185 1903 Pharos,
1225 1852 1283 1892 ibi
1305 1856 1443 1893 Protea
1469 1868 1558 1893 cum

101 1907 318 1948 Phocarum
350 1909 531 1963 gregibus
562 1909 795 1949 diversatum
829 1910 1027 1949 Homerus
1054 1909 1274 1966 fabulatur
1303 1911 1498 1964 inflatius,
1530 1924 1557 1947 a

98 1965 268 2004 civitatis
287 1964 416 2005 littore
435 1965 542 2005 mille
556 1966 738 2020 passibus
759 1965 975 2020 disparata.
1033 1968 1134 2007 Vide
1161 1967 1318 2006 nomer.
1338 1967 1480 2019 Odyss
1507 1962 1556 2007 δ’.

211 2024 306 2075 Pog·
335 2026 430 2067 218.
462 2027 526 2065 11.
566 2019 646 2064 ἆπό
667 2023 807 2076 μιλίων
835 2020 934 2076 δύο]
967 2022 1059 2065 Chr.
1082 2025 1198 2066 Alex.
1227 2023 1368 2075 habet,
1400 2022 1454 2071 οἷς
1476 2019 1554 2064 α’πὸ

95 2078 238 2130 μιλίων
267 2076 314 2120 δ’.
355 2086 524 2131 uterque
549 2081 673 2120 salso:
710 2094 791 2119 non
817 2081 920 2120 enim
949 2082 1115 2120 milliare
1141 2081 1337 2132 integrum
1370 2095 1391 2118 a
1423 2081 1555 2119 littore

96 2134 281 2174 distabat.
336 2136 396 2177 Jo.
427 2137 589 2176 Tzetzes
619 2138 660 2175 in
688 2137 929 2176 contrarium
954 2138 1087 2190 lapsus
1120 2145 1179 2177 est
1198 2151 1389 2188 errorem,
1422 2152 1554 2189 τετρα-

95 2187 280 2242 στάδιον)
318 2193 490 2246 spatium
519 2193 596 2232 hoc
621 2208 784 2235 vocans.
852 2195 1058 2235 Caeterum
1092 2192 1373 2236 Επταστάὸιον
1402 2193 1553 2231 dictum

95 2248 235 2298 fuisse,
265 2257 432 2303 apparet
449 2265 498 2289 ex
520 2251 714 2304 Joseph0‚
746 2252 879 2303 Antiq.
899 2251 988 2291 Jud.
1010 2253 1039 2292 l.
1064 2256 1128 2295 12.
1151 2266 1186 2290 c.
1204 2256 1243 2294 2.
1283 2251 1352 2289 ubi
1376 2251 1426 2289 (le
1451 2263 1549 2289 Lxx.

95 2305 303 2358 interpret.
333 2308 521 2360 loquens,
559 2307 657 2347 haec
681 2307 814 2350 habet.
842 2306 1085 2362 παραλαβών
1105 2306 1250 2356 αὐτούς
1271 2307 1293 2350 ὁ
1309 2311 1551 2361 Δημητριος,

94 2360 162 2402 καὶ
181 2362 353 2405 διελθών
369 2362 413 2405 το“
433 2361 696 2406 ἑπταστάδιον
714 2368 829 2418 χῶμα
856 2367 930 2418 τῆς
954 2363 1164 2419 θαλάσσης
1184 2363 1286 2420 πρός
1307 2362 1382 2417 τήν
1409 2367 1549 2417 νῆσον,

94 2417 162 2458 καὶ
181 2418 322 2472 διαβάς
339 2419 414 2474 τήν
433 2421 612 2476 γέφυραν
638 2428 713 2461 etc.

209 2478 301 2529 Pag.
330 2481 425 2520 218.
458 2478 522 2520 14.
570 2476 636 2519 διοῖ
666 2473 920 2529 Δεξιφάνους
946 2477 1140 2529 Κνιδίου]
1180 2477 1387 2529 Κνησίου,
1429 2475 1550 2515 habet

96 2530 187 2570 Chr.
213 2532 325 2572 Alex.
354 2535 553 2575 mendose.
613 2535 725 2587 Opus
753 2541 881 2574 tamen
910 2534 1009 2586 hoc,
1048 2549 1128 2573 non
1160 2533 1400 2586 Dexiphanis
1428 2533 1548 2572 fuisse

96 2595 283 2640 apparet,
311 2596 395 2629 tum
415 2605 464 2630 ex
486 2592 642 2630 Eusebii
665 2592 808 2633 Chron.
829 2592 882 2631 ad
910 2606 972 2632 an.
1002 2605 1254 2632 MDccxxxnt.
1285 2596 1371 2628 tum
1391 2603 1442 2629 ex
1459 2596 1547 2629 tur-

93 2645 148 2683 ris
166 2645 289 2697 ipsius
310 2646 587 2700 inscriptione,
617 2649 725 2702 apud
746 2649 993 2691 Strabonem.
1051 2649 1393 2688 ΣΩΣΤΡΑΤΟΣ.
1422 2649 1545 2686 ΚΝΙ-

94 2705 236 2742 ΔΙΟΣ.
264 2703 631 2747 ΔΕΞΙΦΑΝΟΥΣ.
665 2708 844 2746 ΘΕΟΙΣ.
888 2707 1182 2746 ΣΟΤΗΡΣΙΝ.
1223 2706 1380 2744 ΤΠΕΡ.
1414 2705 1543 2743 ΤΩΝ.

96 2761 543 2801 ΠΛΩΙΖΟΜΕΝΩΝ.
600 2763 728 2814 Hujus
763 2762 879 2800 etiam
903 2762 964 2800 rei
991 2767 1130 2800 testem
1156 2760 1346 2799 habemus
1376 2759 1542 2812 Stepha-

92 2829 187 2855 num
209 2816 258 2857 de
286 2817 378 2858 Urb.
404 2817 444 2856 in
470 2815 622 2873 Φάρος·
654 2819 732 2860 ἔστι
756 2818 824 2859 καὶ
844 2821 990 2872 νῆσος,
1010 2817 1050 2872 ἦ
1069 2815 1171 2874 πρός
1195 2820 1247 2873 τῇ
1262 2817 1542 2872 Αλεξανδρείᾳ,
