1838 3230
460 176 1078 222 CHRONOGRAPHIA.
1135 177 1186 222 L.
1216 178 1292 224 IV.
1549 187 1614 232 83

134 313 192 354 ρα
217 298 285 341 καὶ
307 293 577 354 Πολυδεύκην
595 299 662 340 καὶ
687 294 862 352 Ἑλένην.
935 295 1024 354 ἥτις
1048 296 1187 355 Ἑλένη
1213 296 1291 355 εἶχε
1310 299 1490 356 φοβερὸν
1509 299 1610 342 κάλ-

135 369 229 420 λος,
266 365 318 423 ἢν
347 367 514 419 ἐξέδωκε
531 365 642 426 μετὰχ
663 371 795 409 ταῦτα
818 364 840 410 ὅ
872 366 998 418 αὐτὸς
1031 367 1262 426 Τυνδάριος
1286 371 1343 419 εἷς
1359 366 1491 423 γάμον
1511 373 1608 412 Με-

135 433 266 493 νελάῳ
276 455 293 489 ,’
328 440 388 494 τῷ
410 439 578 489 βασιλεῖ
606 439 688 478 τῶν
701 435 914 491 Ἀργείων,
955 435 1175 496 συντρόφῳ
1198 442 1271 482 τοῦ
1289 437 1601 495 Ἀγαμέμνονος,
1631 448 1663 483 V
1685 447 1732 486 34

133 503 282 555 καθώς
307 503 587 562 Παλαίφατος
620 502 642 547 ὅ
676 503 922 561 σοφώτατος
955 504 1267 563 συνεγράψατο,
1316 507 1378 550 ὅτι
1404 505 1542 561 μάτην
1570 508 1609 550 οἱ

98 573 299 629 ὅποιηταὶ
329 573 541 630 ἱστοροῦσι
571 578 790 629 ποιητικῶς
818 574 999 631 λέγοντες
1020 573 1083 618 ὅτι
1113 573 1135 618 ὅ
1164 575 1272 626 Ζεὺς
1298 576 1432 633 γέγονε
1463 574 1607 627 κύκνος

130 643 199 684 καὶ
224 640 382 698 Λήδαν
402 642 565 700 ᾔσχυνε.

235 715 326 767 Τῆς
357 712 402 754 δὲ
426 716 510 755 τῶν
537 715 714 768 Φρυγῶν
738 709 881 768 χώρας
915 713 1083 756 ἐπὶτῶν
1108 711 1271 771 χρόνων
1305 717 1381 757 τοῦ
1408 712 1602 768 Σαμψών
1626 720 1660 754 O
1686 721 1753 757 102

128 778 365 833 ἐβασίλευσε
381 778 628 837 Δάρδανος,
663 781 753 830 υἱὸς
769 781 902 825 Ἰλίου.

225 848 294 892 Ἐν
318 849 460 902 αὐτοῖς
490 850 535 892 δὲ
555 856 641 899 τοῖς
667 848 832 905 χρόνοις
859 851 1094 903 ἐβασίλευσε
1119 855 1202 894 τῶν
1225 848 1451 906 Ἑλλήνων,
1486 849 1600 893 τοῦτ’

71 916 213 960 1οἕστὶ
239 922 315 974 τῆς
338 911 558 971 Ἑλλάδος,
595 920 657 968 τὶς
685 917 856 972 ὀνόματι
880 919 1010 974 ’Άβας
1044 919 1113 976 ἔτη
1136 917 1208 975 κγ’.
1257 921 1324 962 καὶ
1351 919 1438 973 μετ’
1473 919 1599 962 αὐτὸν

125 986 385 1041 ἐβασίλευσεν
405 985 426 1031 ὅ
450 991 635 1043 Προῖτος
658 986 727 1043 ἔτη
755 986 823 1040 ιζ’.
875 987 1070 1044 τούτουῆ
1095 987 1195 1045 γυνὴ
1225 985 1252 1042 ἡ
1279 988 1531 1041 Σθενέβοια,
1571 986 1597 1043 ἦ

124 1057 192 1098 καὶ
205 1055 391 1110 Ἄντεια,
428 1058 593 1114 ἐφίλησε
618 1056 690 1099 τὸν
714 1056 1073 1114 Βελλεροφόντην·
1124 1059 1192 1099 καὶ
1210 1057 1498 1113 προσέπεμψεν
1518 1056 1594 1098 αὐ-

122 1128 183 1182 τῷ
202 1141 330 1177 τινας,
365 1127 433 1168 καὶ
451 1125 525 1168 οὐκ
544 1127 730 1181 ἐπείσθη,
765 1126 890 1182 λέγων
912 1125 973 1169 ὅτι
989 1123 1245 1182 χαμεύρετόν
1262 1143 1314 1179 με
1334 1119 1447 1181 εὗρεν
1470 1123 1490 1168 ὃ
1511 1130 1593 1179 βα-

123 1193 257 1244 σιλεὺς
276 1197 461 1251 Προῖτος
481 1194 560 1251 πρὸ
589 1198 663 1250 τῆς
684 1197 894 1249 βασιλείας
914 1195 1043 1237 αὐτοῦ
1063 1199 1129 1237 καὶ
1156 1194 1419 1251 ἀνεθρέψατο
1443 1197 1510 1237 καὶ
1529 1211 1593 1237 τι-
1615 1205 1646 1239 Β

67 1266 204 1318 15μῆς
237 1280 289 1318 με
318 1263 488 1319 ἠξίωσεν
512 1263 604 1306 υἱοῦ
634 1266 863 1306 συνεσθίειν
892 1263 1025 1323 αὐτῷ·
1060 1266 1127 1306 καὶ
1158 1261 1301 1320 πράξω
1334 1280 1373 1306 τι
1403 1267 1593 1306 τοιοῦτον

120 1331 208 1374 κατ’
241 1331 370 1375 αὐτοῦ
379 1351 397 1389 ‚-
447 1332 522 1375 οὐκ
550 1332 635 1375 ἔστι
667 1330 794 1387 νόμος
813 1331 993 1387 *Έλλησμ
1066 1334 1133 1375 καὶ
1159 1332 1289 1375 ιτοῦτο
1322 1330 1535 1376 ἀκούσασα
1563 1330 1591 1388 ἦ

118 1400 372 1455 Σθενέβοια,
411 1402 656 1456 λογισαμείιή
685 1400 867 1456 μήποτε,
906 1400 962 1452 ὥς
989 1401 1090 1457 ἔχων
1119 1401 1354 1459 παρρησίαν
1371 1402 1465 1444 υἱοῦ
1487 1402 1592 1458 πρὸς

119 1467 246 1512 αὐτόν
253 1502 267 1522 ,
306 1469 398 1527 εἷ’πῃ
419 1470 531 1528 αὐτῷ
551 1469 613 1513 ὅτι
635 1471 924 1526 προσέπεμψεν
943 1471 1056 1530 αὐτῷ
1075 1487 1190 1520 τινας
1214 1468 1268 1519 ὥς
1288 1471 1424 1526 ε’ρῶσα
1442 1469 1587 1521 αὐτοῦ,

117 1536 261 1598 λάθρᾳ
289 1536 371 1581 εἶπε
403 1544 462 1598 τῷ
495 1540 584 1598 ῗδίῳ
626 1540 745 1595 ἀνδρὶ
776 1538 839 1582 ὅτι
874 1541 947 1599 ἐρᾷ
977 1557 1058 1594 μου
1100 1537 1121 1582 ὅ
1155 1537 1491 1595 Βελλεροφόντης
1521 1541 1591 1581 καὶ

60 1607 333 1663 Ωοέπέρχεταί
349 1625 421 1662 μοι
431 1641 444 1660 ,
482 1610 547 1651 καὶ
567 1608 625 1665 μὴ
647 1607 867 1665 φάρμακόν
882 1626 953 1663 μοι
974 1607 1095 1651 δώσει
1119 1610 1186 1650 καὶ
1206 1606 1327 1650 θάνω
1351 1606 1588 1664 φυλάττου-

117 1673 173 1718 od
203 1692 268 1718 σοι
298 1675 592 1734 σωφροσύνην,
631 1676 686 1727 ὡς
721 1677 871 1734 ἀνδρὸς
899 1679 1057 1733 ἐρῶσα,
1097 1680 1321 1733 φοβοῦμαι.
1394 1678 1460 1718 καὶ
1486 1677 1587 1733 λέγει

209 1773 265 1808 12.
287 1769 421 1809 Ἀντεία
442 1774 509 1808 Ox.
606 1775 658 1809 13.
683 1771 924 1819 χαμεύρετον]
950 1771 1217 1817 χαμαιεύρετόν
1238 1785 1283 1817 με
1307 1767 1391 1815 εὗρε
1414 1772 1477 1809 καὶ
1502 1770 1587 1809 ἆνε-

207 1817 380 1864 θρέψατο
410 1820 516 1854 verba
549 1819 714 1864 adespota
745 1820 888 1866 apponit
921 1820 1044 1854 Suidas
1077 1820 1145 1854 vol.
1173 1819 1234 1853 111.
1272 1831 1304 1864 p.
1335 1821 1415 1856 652.
1453 1820 1509 1854 vel
1540 1831 1584 1854 ex

207 1865 337 1900 Malala
361 1866 416 1900 vel
439 1878 482 1900 ex
505 1866 718 1901 Antiocheno
741 1866 870 1901 Ioanne
893 1866 1014 1901 altero.
1108 1867 1165 1901 21.
1191 1866 1386 1913 φοβοῦμαι
1407 1866 1497 1907 Ch„
1521 1866 1584 1901 καὶ

207 1913 403 1959 φοβοῦμαι
426 1913 494 1947 Ox.

112 1994 185 2026 tres
207 1989 289 2026 inde
312 1991 420 2027 edidit
451 1991 620 2033 infante„
662 1991 856 2032 Castorem,
894 1990 1089 2033 Pollucem,
1125 1995 1162 2026 et
1186 1990 1371 2035 Helenam,
1407 1991 1584 2027 mirandae

112 2038 244 2072 formae
266 2038 453 2084 virginem:
477 2049 579 2083 quam
603 2044 723 2083 postea
742 2037 925 2083 Tyndarus
943 2037 1114 2079 Menelao,
1138 2038 1344 2082 Argivorum
1368 2038 1465 2083 regi,
1487 2041 1582 2083 Aga-

111 2084 295 2119 memnonis
317 2084 541 2126 connutritio,
578 2084 614 2117 in
638 2095 774 2118 uxorem
799 2083 912 2118 dedite
947 2083 999 2118 uti
1022 2084 1202 2118 memoriae
1226 2084 1379 2128 prodidit
1401 2085 1582 2129 sapientis·-

112 2129 211 2164 simus
235 2130 490 2177 Palaephatus:
531 2130 616 2164 illud
640 2130 741 2164 etiam
767 2134 934 2171 testatus,
971 2130 1098 2164 frustra
1121 2142 1157 2164 se
1182 2130 1306 2164 Poetas
1330 2130 1508 2172 habuisse,
1544 2130 1580 2164 in

110 2175 229 2210 fabula
250 2175 330 2220 illa,
355 2176 540 2218 de,Leda,
564 2188 585 2211 a
607 2177 694 2210 Jove
716 2176 751 2209 in
777 2177 932 2221 Cygnum
957 2187 1077 2218 verso,
1102 2187 1302 2221 compressa.

158 2246 160 2248 v
202 2221 397 2268 Sampsonis
429 2228 544 2257 autem
575 2222 803 2269 temporibus,
844 2222 880 2256 in
911 2222 1068 2267 Phrygia
1099 2222 1262 2267 regnavit
1292 2221 1493 2263 Dardanus,
1538 2221 1580 2255 Iri

108 2267 330 2350 finus-Eodem
353 2314 454 2349 etiam
478 2318 632 2360 tempore
666 2313 708 2348 ad
733 2313 916 2348 Graeciam
938 2313 1100 2358 regnavit
1121 2315 1212 2348 Abas
1237 2314 1391 2358 quidam,
1430 2323 1495 2358 per
1517 2324 1580 2347 an·-

107 2370 169 2395 nos
191 2371 300 2402 xxm,
323 2365 400 2406 post
423 2372 517 2402 eum,
543 2362 701 2401 Proetus,
727 2371 830 2394 annos
853 2370 937 2394 xvn.
984 2360 1095 2405 Hujus
1119 2372 1206 2394 uxor
1230 2359 1466 2400 Stheneboea,
1490 2370 1579 2404 quae

108 2409 145 2441 ot
166 2407 269 2441 Antia
293 2406 388 2441 dicta
410 2412 481 2448 est,
514 2407 810 2452 Bellerophontem
838 2405 1038 2452 deperibat3
1069 2406 1175 2440 mittit
1198 2405 1304 2449 igitur
1327 2404 1386 2449 qui
1409 2416 1486 2438 eum
1509 2405 1576 2439 sol-

107 2450 302 2494 licitarent5
324 2452 385 2487 sed
408 2453 657 2498 Bellerophon,
682 2451 770 2486 votis
793 2452 865 2497 ejus
889 2464 1037 2488 annuere
1060 2453 1178 2487 nolens
1200 2450 1387 2496 respondit,
1415 2450 1575 2491 Proetus,

108 2495 284 2542 inquiens,
327 2503 508 2544 antequam
531 2499 607 2533 Rex
632 2503 740 2540 esset,
773 2509 826 2532 me
849 2499 1039 2545 expositum
1062 2499 1214 2544 reperit,
1252 2501 1288 2531 et
1311 2496 1403 2540 apud
1425 2508 1461 2530 se
1484 2497 1574 2530 dorni

109 2543 296 2586 enutrivit3
321 2555 383 2579 nec
406 2545 513 2580 minus
536 2546 674 2580 charum
698 2543 818 2579 habuit
840 2545 1086 2586 convictorem,
1111 2555 1210 2589 quam
1235 2542 1262 2576 si
1285 2542 1372 2576 filius
1395 2541 1466 2585 ejus
1489 2542 1573 2576 fuis-

108 2599 196 2630 sem,
239 2589 362 2636 Egone
383 2590 514 2636 igitur,
551 2596 589 2625 ut
611 2591 647 2625 in
670 2591 760 2624 hunc
782 2590 893 2625 virum
916 2591 987 2625 tale
1010 2590 1139 2635 aliquid
1165 2587 1433 2623 committerem?
1474 2588 1572 2622 Absit

108 2635 175 2669 hoc
206 2636 252 2670 ab
283 2636 416 2671 homine
440 2638 589 2672 Graeco.
651 2637 750 2671 Haec
770 2637 828 2671 ubi
862 2636 1009 2672 audisset
1033 2636 1251 2670 Stheneboea
1284 2632 1484 2678 (metuens,
1527 2645 1570 2668 ne

107 2681 202 2715 forte
223 2681 403 2725 libertate,
438 2694 539 2728 quam
563 2683 655 2728 apud
679 2683 839 2717 Proetum
862 2688 1023 2728 tanquam
1046 2682 1133 2715 filius
1158 2679 1298 2720 habuit,
1333 2691 1429 2721 usus,
1464 2691 1501 2713 se
1524 2681 1569 2714 ab

106 2737 214 2760 uxore
238 2727 309 2771 ejus
331 2728 376 2762 ad
407 2729 579 2774 amplexus
602 2741 680 2764 suos
712 2728 929 2764 sollicitatum
952 2740 1024 2762 esse
1058 2726 1255 2772 aperi1·et:)
1291 2725 1376 2759 clam
1400 2724 1492 2771 apud
1515 2725 1569 2759 vi-

105 2783 180 2807 rum
204 2771 399 2808 criminatur
423 2786 516 2816 eum;
556 2775 807 2820 Bellerophon,
841 2774 1016 2820 inquiens,
1041 2772 1178 2818 perdite
1202 2782 1254 2805 me
1278 2782 1412 2813 amans,
1440 2770 1572 2806 involat

103 2817 140 2852 in
174 2818 364 2864 amplexum
400 2818 591 2865 timeoque,
626 2832 670 2854 ne
694 2821 738 2855 ab
761 2821 832 2865 ejus
856 2820 1021 2854 veneficio
1047 2817 1142 2853 brevi
1178 2818 1331 2863 peritura
1367 2817 1449 2858 sim3
1489 2818 1568 2851 dum

103 2863 155 2900 tui
190 2876 321 2907 amans,
364 2864 557 2901 castitatem
578 2877 686 2901 meam
718 2866 783 2901 tibi
806 2866 1002 2901 incolumem
1036 2868 1184 2910 praesto.
1233 2863 1380 2898 Proetus
1405 2874 1487 2898 vero
1512 2874 1569 2897 re-
