1838 3230
586 142 1065 197 ANNOTATIONES
1452 145 1551 196 585

103 267 217 317 dem,
247 266 300 306 ob
320 265 548 319 spectaculi
569 264 856 313 crudelitatem,
885 262 1039 313 legibus
1058 260 1205 301 vetitus
1223 259 1318 299 suit:
1358 261 1421 299 uti
1440 266 1560 299 testa-

102 331 170 363 tur
189 322 414 362 Ammianus
431 321 702 371 Marcellinus,
731 319 800 359 lib.
824 321 885 362 14.
916 319 1049 358 Mitius
1067 317 1168 356 illud
1189 317 1356 356 alterum
1376 317 1557 368 Pugilla-

103 387 172 419 ιω
189 392 313 430 geum
335 379 583 418 mollioribus
606 350 1014 427 101111,ἐπὶὶμάντων
1041 373 1337 429 μαλακωτέρων,
1366 379 1413 412 ut
1426 373 1557 425 inquit

103 435 315 476 Pausanias
338 435 508 474 Elincor.
540 433 610 473 lib.
629 436 670 475 2.
689 432 794 484 apud
823 433 1013 480 Graecos3
1055 431 1232 469 sacculis
1260 443 1378 478 vero,
1406 430 1472 468 vel
1495 436 1557 468 to-

104 498 238 532 mento
255 491 414 539 ferclis,
433 497 502 530 eut
522 489 598 528 alia
626 502 670 528 re
687 488 829 540 plenis,
858 501 958 539 quae
975 500 1130 538 gravem
1148 487 1270 525 ictum
1287 459 1454 525 reddere
1475 499 1557 523 non

103 550 259 602 potuit,
291 547 399 600 opud
418 547 580 586 Latinos
599 545 873 597 peragebatur.
929 544 1039 583 Unde
1059 543 1251 582 habemus
1275 542 1381 595 apud
1400 542 1560 581 Trebel-

103 605 208 644 lium
223 604 391 644 Pullion.
409 603 454 642 in
473 601 676 641 Gallieuis:
705 599 863 653 Pugilee
881 599 1071 651 sacculis,
1101 614 1179 639 non
1198 599 1354 638 veritate
1371 613 1561 652 pugnan-

105 670 174 700 ies.
240 660 460 700 Molliorem
487 658 591 698 hanc
622 657 801 708 Pugilum
834 630 1071 696 armatur-mi
1101 655 1314 695 Pausanias
1341 655 1383 693 in
1413 655 1559 694 Arcad.

106 717 298 770 μειλίχοις,
328 730 350 755 a
371 715 554 764 Mollitia,
582 720 722 761 xocat3
765 727 932 765 quarum
959 714 1073 751 etiam
1094 714 1260 751 sormam
1291 718 1467 750 exactam
1481 711 1562 749 ibi-

106 772 196 812 dem
224 773 397 840 profert,
421 770 489 810 his
514 771 659 810 verbis.
716 774 799 818 τοῖς
818 768 862 810 δὲ
885 766 1152 810 πυκτεύουσιν
1186 764 1263 809 ov’n
1282 762 1336 818 ἠν
1357 783 1436 809 που
1452 782 1561 819 τηνι-

104 832 234 870 καῦτα
250 826 343 881 ἰμας
363 824 457 876 ὄξύς
474 826 540 868 ἐπὶ
559 830 615 897 τῷ
631 830 772 896 καρπῷ
793 829 867 876 τῆς
889 823 1016 879 χειρὸς
1037 824 1231 878 ἑκατέρας,
1262 820 1359 864 ati-02
1381 828 1467 872 ταῖς
1483 839 1562 876 μει-

105 886 232 938 λίχαις
248 884 305 926 ἔτι
325 880 556 934 ἐπωκτευον,
583 899 664 924 υπο
690 880 733 923 τὸ
763 886 898 923 κοῖλον
914 882 1068 930 δέοντες
1087 884 1159 934 τῆς
1177 877 1320 948 χειρὸς,
1350 880 1418 921 ινα
1435 880 1477 921 οἱ
1493 877 1563 920 δά·-

107 944 244 983 ηυλοι
265 941 406 1008 σφίσιν
427 935 717 981 ἀπολείπωνται
737 939 981 992 γυμνοί·οἱ
1002 936 1044 978 δὲ
1062 938 1106 979 ἐκ
1108 938 1257 1007 βοείας
1275 933 1400 994 ω’μῆς
1403 932 1564 989 ἱμάντες

105 996 262 1047 λεπτοὶ,
289 993 439 1052 τρόπον
464 995 553 1037 τινὰ
583 992 747 1048 ἀρχαῖον
772 993 1032 1048 πεπλεγμένοι
1062 990 1118 1035 δι’
1152 989 1333 1046 αλλήλων
1370 994 1476 1043 ἦσαν
1519 993 1564 1033 αἱ

107 1054 287 1107 μειλίχαι
345 1053 503 1104 Pugiles
530 1065 628 1091 vero
648 1052 800 1103 Digitis
825 1050 1000 1098 Buxeis,
1028 1052 1111 1091 sive
1132 1050 1246 1090 Buxo
1267 1049 1445 1099 munitis,
1476 1063 1563 1089 cer-

105 1115 232 1149 tentes
250 1122 447 1162 nunquam
463 1109 587 1148 alibi
574 1109 748 1148 invenio.

218 1179 320 1230 Pog-
350 1179 447 1220 288.
477 1179 516 1218 7.
547 1175 686 1223 ιπποις
704 1171 1045 1240 πρωτοβόλ.οις]”
1025 1189 1146 1223 ιππος
1162 1168 1427 1238 πρωτόβολος,
1457 1170 1564 1212 Pul-

107 1231 171 1274 lus
183 1231 394 1301 Equitius,
425 1245 495 1272 seu
524 1232 726 1283 Equulus,
758 1232 825 1283 qui
849 1232 999 1284 primos
1030 1232 1163 1270 dentes
1189 1230 1352 1277 emittit3
1381 1245 1489 1282 παρα
1518 1244 1562 1269 το

107 1285 292 1359 πρώτους
306 1291 443 1342 βαλεῖν
461 1284 633 1337 ὀδόντας,
661 1288 720 1325 uti
739 1301 787 1326 ex
804 1288 1018 1326 Aristotele
1038 1287 1160 1326 tradit
1178 1286 1422 1337 Eustathius‚
1450 1285 1492 1323 in
1510 1287 1566 1325 Ιλ.

109 1360 144 1388 ε.
160 1345 233 1387 καὶ
249 1342 293 1387 τὸ
313 1347 449 1414 βαλεῖν
469 1342 512 1385 δὲ
534 1340 716 1391 ὀδόντας·
745 1340 930 1384 τοιοῦτόν
950 1360 988 1384 τι
1008 1342 1119 1397 παροέ
1138 1342 1398 1396 Αριστοτὲλει,
1428 1338 1492 1383 ότε
1509 1341 1568 1382 λέ-

107 1416 188 1471 7¹81,
210 1397 371 1473 βαλλειν
390 1399 611 1454 ἄνθρωπον
629 1415 726 1447 τους
751 1397 932 1449 ὀδόντας,
962 1398 1051 1452 ἤτοι
1070 1397 1285 1453 ἐκβαλλειν,
1314 1398 1380 1439 καὶ
1403 1399 1569 1450 ρίπτειν.

107 1454 188 1510 ἐφ’
217 1453 268 1499 οὖ
286 1457 355 1499 καὶ
380 1456 410 1510 ἦ
429 1459 502 1497 τοῦ
523 1452 776 1511 πρωτοβόλου
797 1456 898 1505 λέξις
928 1457 993 1497 ἐπὶ
1018 1454 1181 1511 οἶλὸγων.
1237 1457 1324 1495 Hoc
1346 1468 1440 1494 vero
1463 1455 1568 1504 loco,

108 1514 259 1580 ἵππους
279 1512 573 1567 πρωτοβόλους,
603 1526 679 1567 pro
700 1514 822 1565 Equis
842 1513 1058 1567 injugibus‚
1087 1513 1258 1553 necdum
1279 1512 1464 1561 subactis,
1493 1524 1569 1563 po-

107 1571 152 1613 ni
170 1570 446 1609 existimamus.

221 1640 543 1691 1303128810.
595 1634 690 1688 μετὰ
722 1635 1034 1689 βομβωναρίων]
1078 1635 1262 1699 Ignotum
1289 1634 1386 1674 mihi
1413 1635 1569 1686 penitus

112 1693 192 1738 hoc
209 1653 467 1733 vocabulum:
498 1693 618 1731 vestis
635 1699 765 1731 tamen
782 1707 900 1744 genus
925 1692 1125 1742 quoddam
1145 1692 1297 1742 signare
1315 1691 1484 1740 videtur,
1504 1705 1572 1729 ex

111 1749 389 1845 {3323ssssoe
419 1749 649 1817 proprium:
680 1750 796 1802 quale
812 1755 896 1788 erat
913 1749 1152 1803 campestre,
1173 1754 1240 1787 aut
1255 1748 1440 1800 subligar,
1461 1747 1572 1800 apud

224 1872 446 1927 Pag-289.
478 1875 541 1915 10.
573 1871 646 1920 ἕως
662 1874 734 1923 τῆς
754 1867 1095 1920 Μουδουπόλεως,
1119 1869 1188 1910 καὶ
1204 1886 1275 1910 του
1297 1874 1480 1922 ποταμοῦ
1495 1886 1567 1910 του

111 1925 348 1983 Σαγαρεως]
377 1928 623 1982 Mydopoli3‚
652 1928 732 1966 sive
751 1927 978 1980 Mudopolis
1002 1927 1096 1966 urbs
1116 1927 1280 1976 nullibi,
1311 1927 1420 1978 quod
1437 1927 1570 1976 sciam,

113 1985 308 2024 occurrit:
338 1986 443 2024 sorte
461 1985 670 2035 legendum
694 1981 1006 2034 Μιδουπόλεωςς
1036 1984 1265 2035 Auctorque
1281 1984 1475 2035 intelligat
1497 1997 1571 2021 ur-

111 2041 201 2081 bem
218 2041 347 2093 illam,
387 2055 488 2093 quae
510 2039 696 2080 Straboni
721 2036 925 2090 Μιδὰϊον,
966 2039 1163 2092 Stephano
1201 2038 1403 2081 Μιδάειον
1423 2046 1460 2078 et
1486 2042 1570 2079 Μι-

40 2138 43 2141 ,
112 2097 180 2140 δαὶ
219 2097 344 2149 dieta,
383 2097 600 2149 Phrygiae,
629 2096 759 2135 Midae
780 2096 874 2135 011111
902 2097 1036 2146 regni,
1065 2096 1161 2134 urbs
1183 2103 1280 2134 erat.
1339 2098 1416 2135 Ριο
1438 2091 1571 2148 Σαγά-

114 2169 213 2206 ρεως
231 2167 341 2204 vem,
370 2154 541 2204 legerem
561 2153 799 2206 Σαγγαρίου.
845 2151 1032 2204 Stephan.
1052 2152 1101 2190 de
1123 2152 1216 2190 Urb.
1234 2150 1469 2206 Σαγγάριος,
1498 2166 1571 2191 πο-

112 2207 236 2262 ταμὸς
262 2213 332 2262 τῆς
352 2225 458 2250 κατω
488 2210 676 2263 Φρυγίας.
705 2208 964 2247 Eustathius
953 2223 994 2247 m
1019 2209 1179 2260 Dionys.
1201 2209 1392 2258 Perieget.
1424 2209 1571 2257 Sanga-

113 2266 214 2306 rium
226 2266 437 2304 Maximum
458 2272 578 2305 vocat
588 2264 796 2317 Bithyniae
809 2264 995 2303 fluvium:
1018 2262 1063 2312 ὃς
1084 2262 1134 2316 δη
1156 2261 1376 2318 Σαγγαριος
1396 2263 1463 2303 καὶ
1480 2278 1574 2303 ναυ-

116 2318 279 2374 σίπορός
297 2322 388 2371 ἐστι,
405 2321 473 2362 καὶ
492 2321 669 2385 μέγιστος
690 2336 771 2361 των
791 2320 833 2362 ἐν
843 2321 1020 2376 Βιθυνία
1038 2333 1242 2372 ποταμων·
1263 2328 1429 2370 uterque
1444 2325 1574 2357 recte:

116 2383 323 2429 utramque
342 2378 442 2418 enim
468 2378 668 2429 iegionem
686 2377 877 2427 irrigans,
905 2377 946 2414 in
965 2377 1163 2415 Euxinum
1193 2376 1421 2414 effunditur.
1479 2375 1576 2413 P10-

118 2433 256 2484 copius
273 2441 405 2472 tamen
426 2434 475 2472 de
501 2435 705 2474 Justinian.
730 2432 894 2472 Aedific.
914 2433 1061 2471 flumen
1079 2429 1410 2485 11οο,Σαγγαριν
1437 2437 1573 2469 vocat:

117 2486 315 2542 Σάγγαρις
343 2490 479 2556 itaque
508 2490 723 2540 genitivum
742 2489 909 2538 format,
941 2484 1186 2542 Σαγγαριος,
1215 2494 1254 2526 et
1276 2487 1402 2526 Attice
1419 2483 1578 2540 Σαγγα-

116 2558 229 2597 ρεως,
248 2551 294 2584 ut
311 2559 332 2583 a
351 2541 467 2597 πόλις
483 2545 653 2594 πόλεως·
685 2545 882 2597 quomodo
896 2518 1045 2584 Noster
1065 2545 1230 2583 sortasse
1250 2543 1469 2596 scripserit.
1500 2543 1574 2583 Jul.

117 2600 287 2651 Solinus,
316 2602 492 2652 Sagarin‚
519 2601 661 2641 habet:
700 2601 760 2639 uti
781 2608 819 2640 et
837 2601 1018 2651 Ovidius,
1050 2601 1097 2640 de
1117 2601 1265 2638 Ponto:

334 2664 430 2708 Huc
450 2667 594 2723 lycus,
624 2668 700 2708 huc
730 2666 913 2720 Sagaris,
943 2666 1159 2720 Peniusque
1178 2665 1443 2720 Hypanisque,
1476 2663 1573 2707 Cra-

1199 2732 1251 2762 tes
1281 2738 1335 2762 ue.

230 2788 326 2843 Γᾶς·
357 2793 452 2834 289.
483 2794 547 2835 16.
591 2791 795 2844 καλαμὶων
815 2787 1004 2842 συντόμια
1022 2787 1149 2831 πολλοὶ
1178 2738 1310 2841 ὅῖρτὲιν
1329 2784 1570 2838 διαιωνιζόν.
