1838 3230
304 194 400 240 618
742 189 1203 237 ANNOTATIONES.

413 305 515 357 Pag.
546 307 642 347 363.
671 303 712 345 4.
756 302 822 345 τὸν
853 301 1060 360 λεγόμενον
1080 306 1306 363 Ζτομμᾶν.]
1338 308 1536 350 cedrenus
1559 313 1748 386 Ζουμναν

304 373 392 398 eum
415 361 730 411 cognominatum
752 361 853 400 vult.

416 416 515 468 Pag
546 419 738 458 363.13.
781 416 850 457 καὶ
879 414 928 457 τα
954 414 1144 470 θεωρία]
1173 420 1248 458 Per
1276 416 1427 473 θεώρια
1455 420 1629 473 intelligo
1659 423 1749 463 loca

302 471 424 509 Ludis
442 471 662 522 spectandis
683 472 895 523 destinata,
925 474 1007 512 sive
1027 474 1215 525 'lheatra‚
1246 475 1398 527 Circes,
1428 483 1495 515 aut
1513 477 1747 530 hujusmodi.

305 526 550 578 Quandoque
569 528 682 565 etiam
702 529 863 579 ponitur
879 542 953 581 pro
975 532 1242 582 Spectaculis'
1230 532 1343 584 ipsis3
1374 539 1421 571 ut
1440 533 1564 583 infra,
1593 533 1661 573 lib.
1683 538 1748 577 17.

302 582 345 619 in
361 583 511 621 Justino
529 583 627 635 Imp.
647 583 715 624 καὶ
738 581 973 639 ἐπήρθησαν
1002 584 1050 626 τοὶ
1066 583 1241 642 θεωρία,
1272 588 1341 629 καὶ
1358 590 1399 630 οἱ
1428 585 1601 644 ὄρχισταὶ
1617 589 1661 632 ἐκ
1677 593 1748 643 τῆς

303 633 508 690 ἀνατολῆς,
536 645 611 677 etc.

415 696 516 746 Pag·
546 698 638 736 363
667 698 731 737 16
761 696 966 752 Περιτίω.]
996 698 1081 738 Scr.
1111 699 1316 754 Περιττίω.

416 759 521 800 lbid.
560 759 626 801 ἐπὶ
644 763 715 813 τῆς
730 760 918 810 ὖπατείας
937 767 1011 804 τοῦ
1029 779 1150 804 αυτου
1173 764 1387 806 Θεοδοσίου
1409 765 1479 806 καὶ
1497 767 1744 820 Ρομορίδου.]

305 817 346 854 Si
374 816 491 855 modo
516 815 578 854 his
598 818 709 854 Coss-
740 817 890 856 invasio
911 818 1010 857 haec
1037 820 1084 857 ab
1105 821 1247 859 Isamis
1273 822 1377 860 facta
1399 829 1479 872 est,
1521 823 1571 861 ad
1589 823 1746 862 Arcadii

304 873 437 925 potius
455 872 662 924 imperium
690 874 827 911 referri
846 874 992 914 debuit.
1049 875 1292 915 Theodosius
1316 877 1416 916 enim
1439 878 1586 929 junior,
1619 879 1746 918 bimus

305 935 473 978 tantum,
503 942 593 967 cum
612 930 828 968 Rumorido
851 931 1104 970 Consulatum
1120 933 1219 982 iniit,
1248 933 1372 985 patris
1388 933 1448 971 sui
1468 933 1626 972 Arcadii
1641 935 1743 986 Imp.

305 998 407 1022 anno
437 985 782 1032 v111,secundum
808 986 1076 1027 Marcellinum
1099 989 1238 1029 comit.
1264 989 1329 1029 vel
1348 1002 1412 1038 1x,
1441 994 1486 1028 ut
1514 996 1631 1042 putat
1650 989 1743 1031 Chr.

303 1040 416 1080 Alex.
443 1040 607 1080 Auctor.

419 1099 512 1149 Pag.
539 1099 633 1139 363.
662 1099 729 1139 22.
770 1093 848 1137 ἄπο
874 1100 952 1138 τῶν
981 1098 1199 1153 λεγομένων
1228 1098 1480 1153 Τροαδησίων
1501 1096 1743 1153 συμβόλων.]

304 1154 469 1204 Repono
495 1149 689 1204 ἐμβόλων,
729 1165 778 1191 ex
799 1152 888 1191 Chr.
910 1154 1020 1193 Alex.
1075 1155 1252 1194 Porticus
1279 1169 1372 1194 vero
1404 1155 1478 1194 hae
1503 1156 1745 1195 Troadenses

305 1209 407 1246 duae
427 1214 550 1254 erant,
579 1214 624 1245 ut
640 1221 688 1246 ex
704 1208 931 1248 Marcellino
953 1211 1147 1260 discimus,
1178 1209 1228 1250 ad
1246 1225 1388 1250 annum
1405 1211 1503 1254 448.
1538 1211 1745 1265 Utramque

305 1265 505 1303 Particum
528 1262 813 1311 Τνοίαᾶεηεεηι,
842 1274 1034 1320 turresque
1046 1278 1245 1320 portarum
1264 1277 1455 1321 utrasque,
1484 1268 1586 1320 ignis
1605 1265 1744 1306 subdi-

304 1329 366 1358 ius
383 1320 545 1358 exussit.

419 1389 512 1438 Pag.
544 1385 637 1427 364
673 1385 711 1428 5.
743 1384 837 1439 μετοὲ
866 1386 1066 1436 ἕξπεδίτου
1099 1388 1353 1441 πολεμῆσαι.]
1384 1386 1624 1438 Εξπὲδιτον,
1652 1386 1741 1428 Ex-

301 1438 495 1494 peditum,
525 1441 739 1480 exereitus:
770 1442 995 1494 frequenter
1015 1445 1187 1483 occurrit
1204 1443 1309 1496 apud
1332 1445 1582 1483 recentiores.

418 1508 632 1559 Peg-364.
666 1512 729 1550 11
760 1508 802 1549 ἐκ
821 1525 892 1550 του
914 1506 1108 1562 τάγματος
1126 1513 1204 1550 τῶν
1231 1509 1449 1565 λεγομένων
1471 1506 1711 1551 Αθανατων.
1722 1509 1739 1561 ]

303 1563 465 1614 Equites
483 1563 684 1602 lectissimi
705 1572 815 1603 erant
839 1565 901 1613 hi;
929 1571 1132 1617 totumque
1160 1579 1315 1617 agmen,
1346 1579 1452 1604 ccmo
1479 1566 1522 1605 in
1547 1579 1588 1604 se
1613 1566 1738 1604 conti-

304 1619 434 1657 nebat.
490 1615 711 1661 Αθανατοι,
753 1616 881 1673 τάγμα
902 1621 1052 1662 ἱππέων
1075 1619 1182 1688 παροὶ
1202 1621 1375 1674 Πέρσαις
1396 1623 1548 1688 μυρίων
1568 1616 1738 1689 ἀνδρῶν.

305 1676 488 1712 Socrates
498 1675 623 1721 etiam,
641 1675 708 1713 lib.
720 1679 757 1718 7.
776 1689 860 1727 cap.
871 1680 940 1720 20.
959 1673 1220 1735 παρελθόντες
1239 1678 1281 1717 οἱ
1295 1675 1529 1728 καλούμενοι
1550 1672 1647 1744 παρ’
1667 1692 1739 1716 αυ-

303 1734 386 1778 τοῖς
408 1726 624 1780 ἄθανατοι,
655 1727 857 1784 (οἷριθμος
885 1730 927 1772 δὲ
947 1734 1000 1783 ἦν
1021 1736 1135 1780 οὗτος
1162 1733 1313 1785 μυρίων
1336 1734 1528 1803 γενναίων
1545 1727 1739 1801 ἀνδρῶν)

304 1802 359 1837 μη
388 1783 574 1855 πρότερον
600 1787 752 1837 ε’φασαν
774 1803 847 1839 την
880 1785 1047 1858 εἰρήνην
1074 1789 1388 1840 προσδέξασθαι,
1416 1804 1511 1841 πριν
1537 1803 1588 1828 αν
1607 1784 1739 1835 αὐτοῖς

305 1841 382 1894 (ἴσ.
412 1839 547 1892 αὐτοὶ)
579 1838 821 1893 ἀφυλάκτοις
847 1839 961 1883 ουσιν
988 1848 1072 1893 τοῖς
1094 1845 1287 1896 Ρωμαίοις
1308 1843 1536 1884 ἐπιθωνται.
1603 1844 1738 1882 Caete-

303 1911 391 1935 rum
409 1898 649 1937 lmmortales
664 1897 727 1947 hi,
758 1899 830 1937 sub
852 1898 1072 1938 Theodosio
1102 1900 1279 1949 Juniore,
1309 1899 1465 1951 penitus
1492 1898 1611 1938 excisi
1635 1905 1738 1939 sunt.

303 1951 402 1990 Vide
419 1955 617 1993 Socratem
636 1955 725 1993 loco
747 1954 874 1996 citato.
931 1955 1008 1993 Sed
1028 1969 1100 1994 nec
1121 1956 1282 1994 Romani
1314 1955 1391 1994 ab
1379 1956 1485 1994 mani
1509 1954 1586 1992 hoc
1608 1954 1736 2002 titulo,

304 2007 467 2058 imperio
495 2010 609 2048 etiam
642 2010 723 2062 jam
753 2011 1041 2061 languescente,
1080 2012 1348 2063 temperabant
1374 2011 1467 2049 sibi.
1502 2010 1605 2048 unde
1632 2008 1736 2059 apud

304 2063 489 2103 Joannem
514 2066 735 2116 Cuiopalat.
763 2066 802 2104 in
830 2066 1168 2106 Michaele1)ucae
1185 2068 1226 2106 F.
1250 2071 1504 2137 cognomento
1526 2064 1736 2132 Parapina-

305 2119 387 2169 cio,
416 2116 645 2167 αθανατους
671 2120 787 2160 hosce
820 2121 1016 2161 habemus.
1085 2124 1120 2163 εἰ
1150 2139 1203 2175 μη
1233 2138 1305 2177 γαρ
1323 2118 1376 2173 ἦν
1398 2125 1532 2170 τοῦτο,
1563 2116 1735 2167 εὐκόλως

305 2170 358 2214 ‹322›
377 2190 446 2215 τον
462 2174 676 2242 Βρυέννιον
692 2179 980 2241 κατηγωνίσατο
992 2207 1002 2225 ,
1033 2176 1197 2230 στρατόν
1216 2194 1256 2219 τε
1276 2178 1487 2217 ἰδιαίτατον
1515 2175 1634 2227 ἔχων,
1664 2172 1735 2222 οὓς

308 2226 566 2282 ὄνομαζουσιν
584 2227 832 2282 ἀθανάτους,
861 2234 927 2274 καὶ
947 2234 1075 2288 ἕτερον
1097 2231 1170 2275 οὐκ
1189 2231 1310 2288 αγενῆ
1327 2229 1404 2274 απὸ
1423 2230 1647 2285 συγκλύδων
1663 2246 1733 2270 αν-

308 2286 415 2339 δρων
434 2288 697 2341 συγκείμενον.

420 2352 727 2405 Pag.264.12.
764 2350 1008 2405 Αρεόβινδὸν
1036 2370 1125 2395 τινα
1151 2352 1336 2402 Γότθον.]
1375 2355 1431 2392 De
1449 2353 1633 2405 singulari
1653 2352 1731 2391 hoc

305 2408 407 2446 inter
432 2408 696 2447 Areobindum
728 2415 766 2446 et
792 2410 943 2447 Persam
977 2412 1204 2462 certamine,
1241 2410 1377 2463 paucis
1403 2410 1511 2461 licet,
1555 2409 1732 2448 meminit

306 2470 433 2503 tamen
453 2467 652 2513 Socrates,
678 2464 748 2504 lib.
774 2467 812 2506 7.
831 2478 913 2515 cap.
940 2469 1001 2508 18.

420 2534 515 2584 Pag.
544 2533 636 2575 364-
669 2534 730 2572 13.
758 2527 903 2582 κόμητα
925 2527 1209 2584 Φοιδερᾶτων.]
1243 2529 1483 2583 Φοιὸερᾶτοι,
1507 2530 1731 2572 Foederat&

302 2586 381 2624 hoc
408 2600 502 2624 vero
531 2586 684 2624 nomine
709 2586 804 2624 dicti
832 2592 922 2624 sunt
952 2586 1088 2636 Gothi,
1118 2587 1188 2625 sub
1214 2587 1395 2625 Romanis
1421 2588 1647 2625 militantes:
1685 2591 1730 2623 ut

305 2649 470 2693 apparet
492 2657 541 2681 ex
558 2641 751 2680 Jornande
771 2641 821 2679 de
840 2642 931 2679 Reb.
956 2642 1041 2681 Get.
1066 2656 1149 2694 cap.
1170 2646 1235 2684 21.
1290 2642 1394 2680 Nam
1417 2653 1451 2681 et
1481 2641 1572 2681 dum
1584 2641 1728 2694 famo-

301 2699 491 2735 sis-simam
512 2708 546 2736 et
564 2696 717 2736 Romae
735 2696 960 2736 aemulam
945 2713 986 2735 m
1005 2712 1072 2736 suo
1102 2699 1250 2736 nomine
1272 2699 1286 2744 (
1306 2695 1600 2749 Constantinus)
1631 2711 1728 2735 con-

302 2750 403 2789 det-et
435 2754 493 2790 cit
496 2753 646 2802 itatem,
693 2750 906 2791 Gothorum
937 2751 1110 2806 interfuit
1143 2755 1337 2803 operatio‚·
1367 2769 1434 2806 qur.
1425 2752 1610 2808 'foedere
1632 2753 1727 2790 inito

302 2822 387 2846 cum
411 2806 642 2861 Imperatore
658 2821 710 2847 211.
732 2822 885 2848 cuorum
907 2807 1033 2847 millia-
1062 2806 1158 2846 illi
1144 2823 1182 2847 tn
1201 2807 1342 2848 solatia
1361 2818 1494 2848 contra
1513 2818 1641 2861 gentes
1656 2820 1727 2845 va-
