1838 3230
265 178 365 225 284
657 173 951 219 IOANNIS
983 177 1327 222 MALALAE

147 291 154 353 l
213 298 244 333 Β
368 293 453 335 Ἐπὶ
481 293 526 336 δὲ
550 297 624 349 τῆς
646 293 772 336 αὐτοῦ
790 296 998 346 βασιλείας
1020 296 1059 339 οἱ
1073 296 1286 352 Ἀντιοχεῖς
1305 294 1495 354 κτήτορες
1512 301 1580 342 καὶ
1599 303 1720 344 πολῖ-

148 356 151 358 ’
264 378 332 404 ται
357 360 529 416 μήνυσιν
556 360 793 416 ποιήσαντες
820 361 1050 419 ἐδεήθησαν
1078 371 1151 408 τοῦ
1182 366 1308 409 αὐτοῦ
1323 367 1523 420 βασιλέως
1542 365 1718 423 Κομμό-

264 432 362 482 ὁόυ,
396 431 466 471 ἵνα
495 429 573 471 ἀπὸ
604 431 722 479 θείας
752 429 879 472 αὐτοῦ
910 430 1122 483 κελεύσεως
1152 433 1423 492 προσκυρώσῃ
1454 439 1511 492 τῷ
1532 437 1715 495 δημοσίῳ

262 497 337 547 τὰς
369 495 597 553 προσόδους
628 497 676 548 ἃς
712 499 819 540 εἴασε
851 503 901 556 τῇ
935 504 1016 543 τῶν
1048 500 1281 557 Ἀντιοχέων
1311 502 1422 546 πόλει
1454 506 1656 557 Σωσίβιος
1693 495 1743 547 ‹5'

262 565 551 620 προειρημένος
576 563 680 623 λόγῳ
713 570 898 623 θεωριῶν
927 567 1192 625 πολυτρόπων
1221 572 1288 613 καὶ
1315 569 1524 628 διαφόρων
1552 569 1747 627 ἀγώνωνό

263 633 577 686 ἐπιτελουμένων
597 638 646 690 τῇ
669 633 772 691 αὐτῇ
793 633 919 687 πόλει,
957 639 1022 678 καὶ
1039 638 1107 679 ἵνα
1128 638 1186 694 μὴ
1206 640 1447 695 πορίζωνται
1470 639 1543 688 τὰς
1564 637 1719 696 προσό-

264 703 363 749 δους
381 701 419 743 οἷ
438 700 734 755 πολιτευόμενοι
743 735 756 755 ,
793 702 897 746 ἀλλὰ
914 704 960 747 τὸ
982 703 1176 760 δημόσιον
1207 709 1273 749 καὶ
1305 707 1406 749 αὐτὸ
1427 715 1596 764 χορηγεῖ
1611 705 1716 766 λόγῳ

262 773 344 811 τῶν
364 770 675 823 ἐπιτελουμένων
699 770 800 827 πρὸς
820 773 962 828 τέρψιν
986 778 1060 828 τῆς
1081 773 1232 824 πόλεως
1250 775 1482 829 Ὀλυμπίων
1498 777 1564 817 καὶ
1584 775 1718 819 ἄλλων

262 841 381 879 τινῶν
405 842 589 893 θεωριῶν
612 839 653 880 ἐν
675 843 725 895 τῇ
746 839 851 897 αὐτῇ
871 839 983 883 πόλει
1003 846 1083 884 τῶν
1104 842 1346 897 Ἀντιοχέων.
1417 845 1484 886 καὶ
1510 843 1664 894 εὐθέως
1692 842 1714 887 ὅ

263 905 386 954 αὐτὸς
414 906 604 958 βασιλεὺς
637 905 860 961 Κόμμοδος
888 909 956 951 διὰ
986 912 1104 960 θειάς
1129 910 1255 953 αὐτοῦ
1283 908 1496 961 κελεύσεως
1515 909 1714 968 προσεκῦ-
1726 923 1771 957 10

264 990 367 1028 ρωσε
388 977 446 1031 τῷ
466 975 649 1032 δημοσίῳ
672 975 747 1025 τὰς
766 974 1017 1032 προσόδους,
1059 980 1261 1028 θεσπίσας
1282 979 1334 1021 τὰ
1360 978 1562 1034 Ὀλύμπιοι
1585 980 1716 1023 ἐπιτε-

119 1038 152 1072 0
176 1039 243 1118 373
270 1045 432 1083 λεΐσθαι
459 1044 526 1083 καὶ
557 1042 759 1099 ἀφορίσας
796 1046 839 1087 ἐκ
869 1050 942 1088 τοῦ
983 1048 1180 1101 δημοσίου
1210 1047 1459 1103 παρέχεσθαι
1503 1049 1558 1098 εἷς
1597 1046 1715 1103 λόγον

264 1107 541 1163 ἀναλωμάτων
571 1115 653 1153 τῶν
680 1110 991 1169 ὑπουργούντων
1019 1119 1069 1172 τῇ
1091 1119 1172 1158 τῶν
1196 1115 1427 1170 Ὀλυμπίων
1445 1115 1532 1175 ἱερᾷ
1558 1117 1624 1158 καὶ
1645 1133 1718 1159 κο-

261 1182 385 1234 σμικῇ
408 1176 527 1235 ἑορτῇ
552 1180 707 1234 φανερὰ
728 1180 935 1236 χρήματα,
973 1181 1257 1238 νομοθετήσας
1279 1183 1383 1226 κατὰ
1405 1187 1595 1240 τετραετῆ
1614 1182 1717 1240 χρό-

262 1263 332 1288 νον
362 1247 632 1289 ἐπιτελεῖσθαι
663 1248 881 1301 ἀμέμπτως
919 1251 960 1291 ἐν
991 1258 1080 1300 ταῖς
1108 1243 1267 1307 ἑορταῖς
1309 1256 1388 1294 τῶν
1417 1249 1710 1307 ἀναθημάτων,
1727 1263 1770 1298 15

259 1313 351 1369 ἤτοι
372 1318 551 1366 θυσιῶν,
584 1320 666 1357 τῶν
687 1318 728 1366 ἐξ
745 1316 890 1370 ἔθους,
924 1318 1033 1360 τοῦτ’
1067 1320 1150 1361 ἐστὶ
1180 1324 1237 1377 τῷ
1265 1320 1429 1378 πανέμῳ
1457 1319 1547 1374 ἢτοι
1575 1321 1714 1378 ἰουλίῳ

259 1384 358 1437 μηνὶ
386 1384 453 1424 καὶ
481 1386 537 1440 τῷ
575 1381 667 1440 λιόῳ
701 1389 759 1442 τῷ
789 1386 984 1444 λεγομένῳ
1019 1385 1228 1445 αὖγούστῳ
1256 1390 1352 1442 μηνὶ
1382 1389 1444 1429 ἐπὶ
1471 1386 1625 1444 ἡμέρας
1650 1385 1714 1442 με’

261 1453 317 1499 εἷς
335 1449 477 1506 ἑορτὴν
496 1455 568 1493 τοῦ
594 1451 818 1506 Ὀλυμπίου
837 1452 963 1506 Διός,
1002 1452 1196 1504 ὡσαύτως
1211 1455 1412 1512 ἀφορίσας
1430 1457 1497 1497 καὶ
1517 1457 1571 1505 εἷς
1594 1453 1713 1511 λόγον

260 1519 532 1574 ἷπποδρομίου
566 1518 785 1573 ἀμέμπτως
813 1522 1117 1576 ἐπιτελουμένου
1147 1523 1251 1565 κατὰ
1277 1523 1350 1577 τὴν
1378 1521 1519 1566 Ἠλίου
1541 1521 1710 1580 ἡμέραν,

257 1586 367 1629 τοῦτ’
391 1588 476 1629 ἐστὶ
497 1587 602 1629 κατὰ
620 1587 828 1644 κυριακήν,
852 1589 978 1645 ἄλλην
1000 1591 1042 1641 ἐξ
1059 1590 1192 1633 αὐτῶν
1213 1591 1391 1647 φανερὰν
1400 1591 1571 1647 χρυσίου
1585 1589 1769 1638 ποσά-20

257 1671 374 1710 τητα.
447 1653 596 1709 ὁμοίως
630 1658 673 1699 δὲ
702 1659 768 1699 καὶ
798 1660 852 1707 εἷς
878 1656 995 1714 λόγον
1012 1663 1197 1714 σκηνικῆς
1217 1658 1359 1715 ἑορτῆς
1377 1663 1607 1715 νυκτερινῆς
1625 1660 1713 1701 ἐπι-

257 1722 496 1779 τελουμένης
525 1725 629 1767 κατὰ
653 1724 722 1781 ἔτη
752 1723 803 1781 γ’,
839 1731 920 1769 τῶν
938 1727 1159 1783 λεγομένων
1175 1727 1344 1784 Ὀργίων
1355 1760 1369 1780 ,
1407 1726 1503 1785 ὅπερ
1526 1729 1609 1770 ἐστὶ
1630 1744 1712 1782 μυ-

350 1855 385 1890 5.
408 1854 689 1901 προειρημένος]
716 1868 750 1902 p.
775 1857 830 1892 95.
855 1857 897 1892 Β.
989 1859 1023 1893 7.
1046 1858 1210 1905 χορηγεῖ]
1236 1858 1373 1904 χορηγῇ
1396 1858 1460 1891 Ch.
1506 1858 1549 1891 V.
1574 1869 1607 1903 p.
1632 1859 1710 1894 112.

347 1901 394 1942 1),
422 1903 498 1938 128.
524 1903 565 1938 e.
611 1903 677 1937 vol.
701 1903 746 1937 11.
770 1915 806 1950 p.
829 1906 885 1940 29.
907 1903 959 1946 D,
982 1902 1038 1940 43.
1061 1905 1106 1939 E.
1200 1906 1253 1940 17.
1277 1903 1378 1951 κώῳ]
1403 1903 1489 1951 Λοῷ
1511 1904 1578 1938 ox.

348 2014 458 2058 Hujus
481 2019 590 2049 autem
613 2017 673 2050 sub
696 2017 842 2062 Imperio
876 2018 1045 2053 Primores
1082 2023 1118 2054 et
1148 2019 1290 2064 populus
1323 2016 1553 2053 Antiochensis
1577 2015 1622 2051 ad
1644 2017 1711 2051 Im-

258 2065 451 2105 peratorem
474 2061 670 2096 referebant
701 2063 745 2097 de
768 2063 932 2098 reditibus
955 2064 1040 2107 illis,
1079 2076 1162 2109 quos
1185 2064 1335 2098 Sosibius
1356 2062 1567 2109 supradictus
1590 2062 1711 2097 Antio-

259 2105 358 2139 chiae
380 2105 579 2150 legaverat,
608 2107 643 2140 in
666 2107 761 2142 ludos
786 2110 989 2153 agonisticos
1021 2116 1056 2144 et
1078 2112 1238 2154 cujusque
1260 2108 1393 2154 generis
1427 2108 1620 2153 spectacula
1642 2107 1711 2141 ibi-

259 2151 335 2185 dem
359 2151 582 2192 celebranda3
616 2153 782 2197 supplices
807 2166 881 2188 eum
904 2161 1080 2200 rogantes,
1113 2157 1161 2189 uti
1187 2155 1313 2189 Edicto
1336 2166 1396 2189 suo
1420 2154 1534 2189 divino
1558 2156 1709 2194 caveret,

259 2208 304 2231 ne
335 2196 371 2230 in
402 2202 570 2241 posterum
600 2197 821 2241 Magistratus
851 2201 980 2235 reditus
1014 2202 1115 2235 hosce
1146 2201 1182 2234 in
1207 2201 1379 2246 proprium
1413 2211 1506 2234 usum
1530 2203 1710 2233 converte-

258 2246 356 2283 rent3
393 2242 471 2284 sed,
496 2246 534 2275 ut
556 2243 688 2276 aerario
712 2244 844 2287 publico
868 2247 1006 2287 asserti,
1042 2247 1210 2280 Ludorum
1233 2245 1464 2290 Olympiorum
1487 2245 1708 2287 aliorumque,

261 2287 319 2331 qui
350 2287 393 2321 ad
417 2287 670 2322 Antiochensem
704 2290 861 2333 populum
887 2292 1122 2326 oblectandum
1154 2291 1332 2325 exhibendi
1357 2295 1485 2331 essent,
1524 2288 1709 2333 sumptibus

225 2338 227 2341 ’
257 2332 422 2366 faciendis
444 2333 653 2367 inservirent.
700 2334 896 2369 Commodus
923 2336 1040 2381 itaque
1063 2338 1271 2382 Imperator,
1305 2336 1470 2371 reditibus
1492 2335 1584 2376 istis,
1618 2333 1709 2367 divi-

256 2389 300 2412 no
324 2391 383 2412 suo
404 2379 541 2422 Edicto,
567 2378 700 2412 aerario
725 2380 859 2424 publico
878 2382 1078 2423 vendicatis,
1101 2382 1196 2417 Jovis
1216 2381 1366 2427 Olympii
1387 2380 1421 2414 in
1444 2381 1616 2420 honorem,
1639 2380 1709 2413 Lu-

257 2424 316 2457 dos
341 2423 537 2468 Olympicos
558 2423 699 2458 indixit:
723 2430 847 2469 quarto
871 2437 1004 2470 quoque
1029 2439 1127 2470 anno,
1153 2439 1212 2472 per
1235 2439 1303 2460 xnv
1327 2426 1397 2459 dies
1419 2425 1616 2466 continuos,
1640 2425 1708 2459 rite

257 2469 495 2510 celebrandos,
519 2469 554 2502 in
578 2469 685 2504 Festis
710 2471 976 2512 Anathenmtum,
1000 2473 1071 2506 sive
1094 2473 1358 2512 sacrificiornm3
1392 2482 1480 2514 quae
1504 2483 1545 2504 ex
1568 2481 1708 2504 consue-

255 2514 377 2547 tudine
401 2515 521 2559 peragi
544 2514 716 2557 solebant,
741 2517 906 2556 Panemo,
930 2517 1002 2550 sive
1023 2518 1131 2559 Julio,
1156 2524 1192 2551 et
1215 2519 1299 2558 Loo,
1322 2517 1393 2550 sive
1416 2517 1564 2560 Augusto
1589 2515 1709 2550 mensi-

252 2559 335 2593 bus:
380 2566 542 2604 separata
564 2559 600 2593 in
623 2562 705 2602 hoc,
740 2573 782 2595 ex
804 2561 936 2595 aerario
961 2563 1115 2606 publico,
1147 2562 1363 2607 pecuniarum
1386 2572 1510 2595 summa
1531 2561 1613 2596 satis
1637 2572 1708 2594 am-

257 2605 327 2648 pla,
358 2604 394 2638 in
418 2605 595 2647 ministros,
631 2606 777 2640 officium
800 2618 891 2640 suum
914 2607 950 2640 in
973 2608 1203 2652 Olympiorum
1227 2618 1323 2641 sacra
1345 2606 1595 2652 universalique
1618 2606 1707 2640 cele-

255 2650 387 2683 britate
410 2656 619 2695 praestantes
642 2652 824 2696 eroganda.
871 2652 1035 2687 Similiter
1059 2653 1161 2686 etiam
1194 2651 1317 2686 eisdem
1353 2652 1518 2687 reditibus
1553 2651 1628 2686 auri
1652 2662 1707 2685 sa-

256 2694 302 2727 tis
329 2696 470 2740 amplam
493 2696 643 2740 seposuit
665 2698 912 2742 quantitatem,
940 2698 976 2732 in
1000 2697 1193 2732 Certamina
1216 2697 1418 2742 Equestria,
1442 2697 1580 2742 siugulis
1605 2696 1706 2738 Solis,

256 2739 295 2772 id
317 2745 388 2782 est,
424 2741 606 2775 Dominicis
629 2741 744 2777 diebus
766 2742 833 2777 rite
856 2743 1057 2788 peragenda.
1104 2743 1291 2776 Praeterea
1314 2743 1414 2777 etiam
1437 2742 1471 2776 in
1495 2753 1588 2776 usum
1611 2741 1705 2775 Festi

255 2783 344 2824 illius
367 2786 580 2829 Triennalis,
611 2793 775 2822 nocturno
796 2792 863 2823 tem
889 2800 948 2823 ore
970 2788 1124 2823 tentoriis
1147 2787 1314 2822 celebrari
1336 2787 1445 2828 soliti,
1478 2788 1553 2822 auri
1576 2785 1706 2832 portio-

256 2841 333 2864 nem
355 2832 577 2866 sufficientem
601 2833 807 2879 assignavit3
834 2800 886 2870 ati)
900 2834 1071 2881 lampades
1094 2834 1315 2880 candelasque
1336 2833 1526 2880 parandas3
1552 2842 1705 2879 quaeque
