1838 3230
270 206 364 253 148
585 230 587 233 v
665 197 957 244 IOANNIS
987 198 1326 245 MALALAE

264 320 339 364 νόν
356 312 422 362 nai
442 319 515 374 τὴν
535 322 631 375 γῆν,
667 315 927 372 εῗσάκουσον,
963 315 1100 376 κύριε,
1134 318 1375 373 ἔπίβλεψον,
1410 316 1553 374 κύριε,
1575 318 1646 362 τεαὶ
1661 315 1722 364 ῗδε

263 388 360 438 τούς
380 385 543 443 λόγους,
580 386 650 436 οὓς
673 386 876 429 ἀπέστειλε
900 387 1172 443 Σενναχηρείμ
1184 419 1196 438 ,
1234 386 1431 438 ὀνειδίζων
1452 387 1554 430 θεὸν
1575 389 1719 440 ζῶντα.

264 456 321 498 ἐπ’
347 456 543 510 ἀληθείας
571 454 647 510 γὰρ
677 452 902 510 ἠρήμωσαν
923 458 1103 508 βασιλεῖς
1128 455 1351 511 Ἀσσυρίων
1380 455 1454 510 τὴν
1485 455 1720 510 οῗκουμένην

265 521 365 578 ὅλην·
397 525 463 565 καὶ
491 522 564 571 τὰς
585 520 726 577 χώρας
757 522 884 578 αὐτῆς
891 554 906 575 ,
942 524 1008 565 καὶ
1029 523 1175 577 ἔβαλον
1194 522 1247 565 τὰ
1272 523 1420 566 εἴδωλα
1441 523 1576 566 αὐτῶν
1598 526 1653 572 εἷς
1673 523 1718 566 τῖι

264 596 345 648 πῦρ
361 604 371 615 ·
408 591 455 633 οὗ
474 590 550 645 γὰρ
570 591 663 632 θεοὶ
681 586 809 644 ἦσαν,
848 590 934 632 ἀλλ’
955 590 1051 648 ἔργα
1068 595 1212 647 χειρῶν
1231 589 1488 644 ἀνθρώπων,
1525 589 1627 642 ξύλα
1650 591 1754 637 καὶῦ

213 665 244 699 C
267 660 400 701 λίθοι·
438 659 504 700 καὶ
525 655 740 701 ἀπώλεσαν
764 655 924 708 αὐτούς.
981 661 1046 701 καὶ
1065 663 1150 711 νῦν,
1183 656 1291 715 κύριε
1312 657 1332 700 ὁ
1356 659 1454 708 θεὸς
1470 657 1600 713 ἡμῶν,
1637 662 1737 702 σᾶ]-4

264 742 337 769 σον
364 725 473 780 ἡμᾶς
501 725 545 767 ἐκ
572 726 707 782 χειρὸς
737 725 895 780 αὐτῶν,
926 727 996 771 ’ἶνα
1026 731 1106 786 γνῷ
1133 730 1246 770 πᾶσα
1266 729 1453 778 βασιλεία
1474 732 1546 782 τῆς
1564 731 1636 783 γῆς
1657 724 1721 770 ὅτι

265 794 315 837 σύ
341 792 378 836 εἶ
395 794 494 843 θεὸς
511 792 649 848 μόνος.

121 869 153 903 Ο
179 869 246 905 188
371 864 456 904 Καὶ
478 860 683 916 ἀπεστάλη
697 861 893 914 Ἠσαίας,
930 860 1017 911 υἱὸς
1037 859 1193 916 Ἀμώς,
1230 862 1331 916 πρὸς
1347 862 1541 914 Ἐζεκίαν,
1578 863 1645 904 καὶ
1665 859 1721 904 εἷ-

263 948 336 973 πεν
349 930 474 987 αὐτῷ,
501 929 611 971 Τάδε
625 930 723 985 λέγει
737 928 906 986 κύριοςὸ
923 931 1019 979 θεὸς
1033 928 1208 984 Ἰσραήλ.
1236 930 1436 982 Ἤκουσα,
1458 929 1484 972 ἃ
1503 928 1719 986 προσηύξω
1733 939 1777 974 10

264 996 367 1054 πρός
383 1014 433 1051 με
454 999 542 1052 περὶ
561 1000 832 1054 Σενναχηρείμ
842 1031 855 1050 ,
886 998 1084 1050 βασιλέως
1098 999 1333 1053 Ἀσσυρίων.
1381 997 1510 1047 οὕτως
1529 998 1628 1054 λέγει
1649 995 1721 1040 κύ-

268 1083 354 1123 ριος
373 1067 435 1107 ἐπὶ
452 1065 623 1118 βασιλέα
638 1065 872 1122 Ἀσσυρίων.
925 1066 986 1108 Οὐ
998 1067 1055 1121 μὴ
1070 1067 1233 1123 εἰσέλθῃ
1253 1068 1307 1116 εἷς
1327 1066 1400 1121 τὴν
1420 1064 1536 1108 πόλιν
1553 1063 1721 1120 ταύτην,

268 1133 364 1176 οὐδὲ
382 1132 437 1188 μὴ
457 1131 565 1190 βάλῃ
586 1133 643 1175 ἐπ’
669 1134 794 1188 αὐτὴν
812 1134 946 1187 βέλος,
985 1135 1079 1177 οὐδὲ
1098 1134 1153 1189 μὴ
1178 1132 1309 1190 στήσῃ
1330 1134 1387 1176 ἐπ’
1411 1133 1539 1188 αὐτὴν
1555 1132 1720 1190 θυρεόν,

269 1201 364 1244 οὐδὲ
381 1201 438 1256 μὴ
462 1199 645 1258 κυκλώσῃ
668 1202 727 1244 ἐπ’
752 1201 879 1256 αὐτὴν
906 1199 1094 1257 χάρακα,
1134 1202 1237 1244 ἀλλὰ
1257 1207 1308 1259 τῇ
1337 1200 1419 1259 ὁδῷ
1449 1196 1647 1258 {yffi-‘hm
1681 1202 1722 1243 ἓν

269 1269 375 1325 αὐτῇ
403 1267 784 1337 ἀποστραφήσεται,
822 1268 885 1311 ὅτι
917 1268 1014 1311 τάδε
1044 1271 1143 1325 λέγει
1172 1268 1320 1326 κύριος.
1372 1268 1632 1325 ιΥπερασπιῶ
1649 1274 1722 1323 τῆς
1735 1275 1777 1310 15

215 1343 247 1377 D
271 1335 426 1386 πόλεως
454 1334 605 1393 ταύτης
637 1342 708 1380 τοῦ
741 1341 871 1380 σῶσαι
902 1337 1029 1392 αὐτὴν
1065 1338 1120 1380 δι’
1153 1339 1222 1392 ἐμὲ
1254 1340 1321 1380 καὶ
1350 1338 1420 1380 διὰ
1451 1339 1614 1392 Δαβίδ,
1651 1337 1722 1380 τὸν

269 1402 398 1447 παῖδά
420 1421 515 1458 μου.
589 1417 602 1441 t

283 1500 286 1504 ·
334 1501 336 1504 v
372 1474 457 1523 Καὶ
481 1473 649 1527 ἐξῆλθεν
676 1471 839 1529 ἄγγελος
858 1473 996 1528 κυρίου
1017 1470 1185 1524 νυκτός,
1223 1473 1289 1515 καὶ
1310 1472 1461 1516 ἀνεῖλεν
1484 1473 1528 1515 ἔκ
1546 1476 1620 1528 τῆς
1641 1490 1723 1515 πα-

273 1544 475 1597 ρεμβολῆς
493 1545 573 1582 τῶν
588 1541 810 1597 Ἀσσυρίων
832 1540 916 1597 ρπέ
935 1538 1133 1595 χιλιάδας.
1203 1542 1267 1582 καὶ
1290 1539 1534 1591 ἀναστάντες
1551 1540 1599 1583 τὸ
1619 1542 1724 1597 πρωὶ

271 1603 398 1665 ηὗρον
421 1605 556 1651 πάντα
577 1608 629 1651 τὰ
650 1607 822 1663 σώματα
842 1606 961 1665 νεκρά
974 1622 983 1632 ·
1019 1611 1084 1651 καὶ
1103 1608 1377 1666 ἀποστραφεὶς
1397 1609 1580 1664 ἀπῆλθεν
1598 1607 1620 1651 ὅ
1638 1613 1778 1663 ,θα-20

274 1676 406 1725 σιλεὺς
437 1675 680 1733 Ἀσσυρίων,
722 1678 789 1719 καὶ
828 1675 956 1734 ᾤκησε
995 1676 1068 1731 τὴν
1103 1675 1266 1731 Νινευή.
1335 1679 1402 1719 καὶ
1437 1678 1478 1719 ἓν
1512 1681 1570 1735 τῷ
1599 1676 1724 1719 αὐτὸν

273 1751 510 1801 προσκυνεῖν
562 1746 602 1786 ἓν
650 1744 745 1804 οἴκῳ
793 1744 935 1801 Σαρὰχ
981 1744 1050 1786 τὸν
1089 1743 1324 1801 πάτραρχον
1370 1745 1615 1802 Ἀδραμέλεχ
1657 1746 1724 1788 καὶ

365 1851 398 1886 1.
424 1851 501 1895 ἴδε]
527 1849 600 1887 εἶδε
624 1850 689 1885 Ox.
797 1854 831 1888 3.
856 1848 1053 1898 ἦρήμωσαν
1078 1852 1162 1893 Ch.‚
1186 1850 1378 1897 ἐρήμωσαν
1401 1854 1470 1888 Ox.
1571 1853 1626 1888 13.
1650 1854 1723 1889 θυ-

362 1896 451 1940 ρεόν
473 1897 558 1939 Ch„
581 1895 741 1939 θυραιόν
764 1898 829 1931 Ox.
966 1900 1021 1933 22.
1057 1896 1204 1943 Σαροὶχ]
1231 1898 1410 1944 Νασαροὶχ
1432 1899 1574 1941 Esaias,
1607 1901 1725 1934 Μεσε-

365 1941 436 1986 ρυὶχ
456 1942 564 1986 Κες.,
585 1939 709 1987 Ἀῥρἃ
734 1943 858 1978 chron.
881 1945 1001 1979 Pasch.
1025 1956 1058 1990 p.
1071 1947 1147 1980 116.
1167 1945 1216 1986 Β,
1234 1942 1385 1991 Ἀράσκῃ
1407 1945 1566 1989 Iosephus
1588 1944 1634 1979 X.
1647 1946 1678 1979 1.
1688 1945 1725 1980 5.

364 1989 446 2022 ibid.
470 1987 535 2023 τὸν
556 1987 764 2034 πάτραρχον
787 1991 874 2033 Ch.,
897 1989 1039 2032 Esaias,
1064 1990 1211 2033 Chron.‚
1233 1993 1306 2026 τῶν
1327 1989 1544 2036 πατράρχων
1567 1990 1637 2025 Ox.

277 2076 354 2111 cisti
385 2080 419 2110 et
448 2082 586 2115 terram.
647 2079 783 2114 Exaudi
815 2080 977 2123 Domine,
1014 2081 1140 2126 inspice
1172 2081 1314 2116 Domine
1345 2082 1469 2123 verba,
1511 2092 1602 2126 quae
1635 2080 1725 2115 misit

276 2123 539 2164 sennacherim,
564 2125 607 2158 ad
631 2126 901 2169 exprobrandum
924 2127 1030 2160 Deum
1053 2127 1231 2161 viventem.
1278 2127 1317 2160 In
1339 2128 1490 2161 veritate
1513 2127 1600 2161 enim
1624 2127 1724 2162 ‹leso-

277 2168 435 2202 laverunt
457 2180 557 2213 reges
574 2170 782 2214 Assyriorum
806 2172 920 2205 orbem
943 2178 1056 2206 terrae
1078 2176 1206 2213 totum,
1230 2177 1264 2206 et
1286 2171 1441 2217 regiones
1465 2173 1556 2216 ejus:
1580 2177 1616 2207 et
1637 2172 1725 2216 inje-

279 2218 398 2248 cerunt
419 2213 512 2248 idola
545 2226 659 2249 eorum
681 2215 715 2248 in
747 2216 868 2259 ignem.
913 2217 992 2251 Non
1016 2217 1102 2252 enim
1124 2217 1183 2251 Dii
1204 2222 1320 2259 erant,
1354 2218 1413 2252 sed
1435 2228 1542 2262 opera
1569 2228 1724 2252 manuum

278 2258 511 2300 humanarum,
542 2260 637 2305 ligna
668 2265 705 2294 et
734 2260 886 2304 lapides3
926 2266 961 2295 et
983 2263 1254 2307 disperdiderunt
1277 2275 1344 2297 eos.
1403 2263 1452 2296 Et
1473 2274 1561 2297 nuno
1583 2263 1725 2297 Domine

279 2303 370 2337 Deus
394 2308 525 2346 noster,
555 2306 648 2339 saiva
671 2317 731 2339 nos
754 2306 797 2340 de
820 2317 919 2340 manu
942 2319 1075 2350 eorum3
1115 2312 1150 2343 et
1173 2311 1352 2353 cognoscat
1374 2319 1470 2343 omne
1492 2319 1630 2352 regnum
1652 2312 1725 2343 ter-

280 2360 361 2391 rae,
393 2350 472 2394 quia
493 2355 530 2384 tu
554 2363 589 2384 es
610 2350 702 2384 Deus
724 2352 819 2385 solus.

371 2395 420 2428 Et
440 2396 552 2430 missus
577 2401 627 2430 est
649 2396 788 2437 Esaias,
823 2395 909 2429 filius
933 2397 1048 2439 Amos,
1072 2398 1116 2433 ad
1138 2398 1340 2433 Ezechiam:
1375 2400 1410 2433 et
1433 2397 1518 2432 dixit
1540 2397 1583 2432 ei.
1628 2398 1725 2433 Haec

281 2439 367 2473 dicit
389 2441 566 2482 Dominus,
589 2441 681 2475 Deus
704 2441 824 2475 Israel:
863 2442 984 2475 Audivi
1006 2455 1094 2487 quae
1116 2445 1220 2478 orasti
1243 2444 1286 2478 ad
1309 2455 1382 2485 me,
1406 2444 1450 2477 de
1471 2442 1724 2486 sennacherim,

282 2496 365 2528 rege
396 2486 614 2530 Assyriorum.
660 2486 718 2520 Sic
742 2486 826 2520 dicit
846 2486 1025 2529 Dominus,
1061 2489 1102 2522 de
1134 2500 1216 2533 rege
1239 2489 1458 2533 Assyriorum.
1505 2489 1587 2523 Non
1608 2488 1726 2533 ingre-

284 2531 397 2564 dietur
427 2531 462 2565 in
485 2533 600 2566 urbem
631 2532 739 2573 hano,
771 2543 880 2576 neque
899 2533 1005 2575 jaciet
1033 2533 1068 2567 in
1093 2545 1163 2567 eam
1187 2533 1364 2577 sagittam,
1403 2545 1514 2578 neque
1544 2538 1670 2568 scutum
1692 2534 1724 2568 ei

285 2579 453 2619 opponet,
479 2589 588 2622 neque
613 2589 685 2611 eam
709 2577 797 2612 vallo
819 2577 1056 2612 circumdabit:
1082 2579 1142 2612 sed
1163 2578 1238 2618 via,
1262 2590 1331 2622 qua
1352 2579 1462 2620 venit,
1485 2579 1520 2612 in
1542 2591 1584 2613 ea
1605 2590 1725 2613 rever-

285 2622 388 2654 tetur.
436 2622 529 2662 Quia.
556 2624 642 2658 haec
671 2623 756 2657 dicit
775 2622 950 2658 Dominus:
991 2627 1164 2668 protegam
1186 2624 1302 2658 urbem
1324 2624 1431 2666 hanc,
1466 2624 1511 2658 ad
1531 2624 1723 2659 salvandam

286 2676 378 2705 eam,
400 2672 543 2711 propter
564 2680 635 2711 me,
659 2672 694 2703 et
714 2672 858 2714 propter
878 2668 1061 2710 Davidem,
1092 2680 1223 2702 servum
1245 2681 1363 2706 meum.

379 2710 425 2744 Et
453 2723 604 2755 egressus
638 2717 688 2748 est
710 2714 854 2758 Angelus
883 2713 1014 2748 Domini
1046 2725 1108 2759 per
1138 2719 1289 2755 noctem,
1332 2718 1368 2749 et
1390 2714 1513 2750 occidit
1540 2714 1584 2749 de
1606 2713 1725 2748 castris

287 2754 497 2797 Assyriorum
522 2769 656 2792 cnxxxv
678 2759 790 2794 millia.
837 2759 886 2793 Et
908 2764 1082 2804 surgentes
1103 2770 1219 2801 mane,
1253 2760 1454 2806 invenerunt
1475 2759 1582 2794 omnia
1604 2770 1724 2803 corpo-

288 2808 328 2831 ra
350 2805 495 2835 mortua.
537 2804 586 2837 Et
609 2804 683 2838 Rex
707 2803 913 2848 Assyriorum
935 2817 1108 2847 reversus,
1133 2805 1238 2847 abiit,
1262 2810 1298 2839 et
1320 2806 1491 2840 habitavit
1510 2805 1546 2838 in
1567 2804 1723 2838 Ninevee

287 2847 323 2878 et
355 2855 429 2879 cum
461 2846 535 2892 ipse
568 2849 734 2886 adorabat
763 2851 798 2884 in
819 2849 916 2887 domo
939 2850 1090 2893 Sarach,
1126 2850 1191 2886 Dei
1214 2850 1266 2886 sui
1286 2851 1416 2894 Pauli,
1447 2850 1666 2886 Adramelech
1687 2851 1725 2883 et
