1838 3230
262 192 326 237 82
660 178 949 226 IOANNIS
980 179 1319 223 MALALAE

265 303 434 359 μερίσας
463 302 537 357 τὴν
555 298 695 357 χώραν
716 303 854 342 πᾶσαν
880 300 935 348 εἷς
955 296 1030 342 δύο
1053 295 1175 341 ἴδωκε
1203 300 1261 355 τῷ
1285 295 1413 339 αὐτοῦ
1435 295 1598 354 ἀδελφῷ
1616 293 1722 340 Λά-

268 390 364 415 κωνι
387 371 432 413 τὸ
454 370 580 426 ἣμισυ
604 373 677 423 τῆς
694 366 834 424 χώρας
853 367 896 410 ἐκ
917 372 990 422 τῆς
1011 370 1208 423 πατρικῆς
1228 364 1362 408 αὐτῶν
1380 365 1602 419 βασιλείας.
1655 365 1723 407 καὶ

269 438 428 482 ἐκάλεσε
450 439 523 493 τὴν
544 437 609 479 ὑπ’
639 436 765 479 αὐτοῦ
787 435 1101 490 βασιλευομένην
1115 432 1256 491 χώραν
1277 435 1333 483 εἷς
1353 432 1480 487 ὄνομα
1499 433 1602 475 ἴδιον
1619 434 1722 475 Λα-

271 506 439 561 κωνικήν
455 521 463 529 ·
491 508 556 548 καὶ
577 506 809 558 ἐβασίλευσε
826 502 985 547 Λάκων
1004 503 1072 557 ἔτη
1092 500 1166 558 λγ’,
1192 504 1257 544 καὶ
1279 503 1396 554 κτίζει
1419 499 1535 548 πόλιν
1553 498 1722 556 ὀνόματι

272 579 311 618 Γ
309 575 486 618 ιθιλλίαν
506 576 560 622 εἷς
572 573 647 627 τὴν
661 571 857 629 πάραλον.
904 573 969 614 καὶ
983 571 1067 625 μετ’
1084 570 1209 613 αὐτὸν
1231 572 1496 624 ἐβασίλευσαν
1505 567 1755 616 Λακώνωνὸ

215 645 248 680 D
273 643 386 686 ἄλλοι
408 644 548 684 πολλοὶ
572 641 646 691 ἕως
666 645 740 695 τῆς
760 642 968 694 βασιλείας
980 643 1054 682 τοῦ
1069 640 1255 691 Θεστίου,
1276 635 1721 693 βασιλέωςΛακῶνων“

274 711 318 761 ὃς
334 711 459 752 ἔκτισε
481 708 598 752 πόλιν
617 711 672 759 εἷς
691 710 794 751 ἴδιον
812 707 940 762 ὄνομα
958 708 1132 751 Θεστιάν
1150 707 1263 763 παρὰ
1283 707 1354 750 τὸν
1378 706 1562 760 ποταμὸν
1574 705 1646 749 τὸν
1658 709 1724 748 λε-

269 778 436 835 γόμενον
446 776 657 834 Εὐρώταν.
695 779 761 825 καὶ
781 777 891 830 ἴσχεν
913 774 933 818 ὅ
953 776 1075 825 αὐτὸς
1090 775 1259 825 Θέστιος
1272 776 1502 831 θυγατέρας
1519 781 1636 830 τρεῖς,
1657 773 1724 816 εὖ-

272 853 432 902 πρεπεῒς
447 850 582 902 πᾶσαν
600 843 843 903 ὗπερβολήν,
858 845 931 900 τὴν
941 842 1096 899 Λήδαν
1108 846 1173 885 καὶ
1186 844 1259 898 τὴν
1271 845 1454 886 Κλυτίαν
1467 845 1531 886 καὶ
1544 842 1618 898 τὴν
1629 844 1724 885 Με-

273 917 475 969 λανίππην
491 928 499 937 ·
537 916 681 964 αἵτινες
705 916 921 956 ἐκαλοῦντο
940 917 1154 969 προϊοῦσαι
1175 914 1427 962 Λακωνίδες.
1463 911 1538 966 τὴν
1560 911 1604 953 δὲ
1623 908 1723 966 Λή·
1735 919 1780 954 10

275 986 351 1025 δαν
383 983 570 1032 ἐξέδωκεν
601 981 622 1024 ὅ
648 982 783 1037 πατὴρ
820 981 946 1036 αὐτῆς
977 981 1146 1029 Θέστιος
1174 980 1276 1035 πρὸς
1300 979 1430 1035 γάμον
1450 981 1527 1022 τινὶ
1554 977 1725 1034 ὀνόματι

125 1058 158 1091 Ο
184 1057 250 1092 101
278 1052 516 1107 Τυνδαρίῳ·
555 1049 665 1100 ὅστις
685 1050 787 1105 μετὰ
806 1050 879 1104 τὴν
901 1049 1088 1103 τελευτὴν
1108 1053 1180 1090 τοῦ
1206 1049 1378 1091 Θεστίου
1397 1049 1629 1101 ἐβασίλευσε
1646 1051 1726 1101 τῆς

275 1123 358 1162 τῶν
376 1115 595 1161 Λακώνων
609 1116 762 1175 χώρας.
834 1118 921 1172 ἴσχε
941 1119 985 1160 δὲ
1002 1117 1211 1173 θυγατέρα
1232 1118 1275 1158 ἐκ
1292 1121 1366 1172 τῆς
1381 1114 1536 1171 Λήδας
1558 1114 1579 1159 ὃ
1603 1114 1726 1164 αὐτὸς

276 1185 492 1243 Τύνδαρος
527 1184 693 1240 ὀνόματι
718 1184 1109 1242 Κλυταιμνήστραν·
1145 1184 1286 1240 ἥντινα
1304 1184 1408 1238 μετὰ
1431 1182 1581 1240 χρόνον
1601 1183 1726 1238 αὔξη·

275 1260 421 1298 θεῖσαν
437 1252 603 1310 ἠγάγετο
626 1262 796 1310 γυναῖκα
813 1254 1097 1309 Ἀγαμέμνων,
1135 1252 1155 1295 ὃ
1176 1253 1366 1306 βασιλεὺς
1382 1257 1454 1308 τῆς
1477 1253 1725 1308 Μυκηναίων
1737 1255 1781 1291 15

271 1322 424 1380 χώρας.
495 1321 521 1377 ἢ
548 1323 591 1364 δὲ
621 1321 848 1379 ἓπορνεύθη
876 1327 1137 1376 μοιχευθεῖσα
1168 1319 1248 1364 ὖπό
1278 1338 1384 1371 τινος
1413 1321 1607 1378 νεωτέρου
1629 1320 1725 1375 συγ-

278 1394 465 1447 κλητικοῦ
477 1423 489 1443 ,
549 1389 719 1445 ὀνόματι
750 1389 937 1442 Κύκνου,
994 1390 1085 1432 υἱοῦ
1122 1389 1377 1444 Ἒδερίωνος,
1428 1389 1627 1442 βασιλέως
1653 1392 1727 1443 τῆς

227 1466 259 1500 Ε
277 1459 461 1514 Ἀχαΐας,
493 1462 567 1501 τοῦ
591 1459 863 1515 καταγομένου
887 1460 929 1500 ἐκ
947 1463 1019 1500 τοῦ
1040 1459 1173 1500 Πίκου
1194 1455 1318 1512 Διός,
1359 1459 1614 1512 Τυνδαρίου,
1652 1460 1725 1499 τοῦ

273 1532 347 1582 τῆς
363 1525 516 1582 Λήδας
535 1525 696 1582 ἀνδρός,
733 1527 975 1582 ἀγνοοῦντος
996 1526 1070 1581 τὴν
1090 1528 1283 1580 μοιχείαν.
1339 1525 1364 1581 ἡ
1389 1527 1433 1568 δὲ
1451 1525 1584 1580 Λήδα
1602 1526 1723 1580 ε’πορ-

275 1594 402 1649 νεύθη
421 1597 733 1650 μετεωριζομένη
757 1596 797 1637 ἓν
819 1597 1046 1653 προαστείῳ
1073 1597 1161 1651 ἰδίῳ
1182 1595 1345 1653 κειμένῳ
1366 1595 1477 1651 παρὰ
1497 1594 1567 1637 τὸν
1584 1590 1725 1647 Εῦρώ-
1735 1598 1782 1632 20

276 1680 351 1705 ταν
377 1660 577 1716 ποταμόν,
615 1666 680 1705 καὶ
700 1663 837 1717 ἔγκυος
855 1664 1044 1718 γενομένη
1066 1661 1143 1705 ὑπὸ
1164 1662 1328 1705 Κύκνου
1346 1667 1419 1705 τοῦ
1438 1666 1598 1717 μοιχοῦ,
1635 1661 1728 1704 υἱοῦ

273 1730 506 1788 Ἐδερίωνος
531 1731 752 1784 βασιλέως,
790 1731 916 1774 ἔτεκεν
941 1733 982 1773 ἐν
1001 1730 1059 1773 ἑνὶ
1082 1735 1230 1790 τοκετῷ
1249 1731 1382 1788 βρέφη
1406 1732 1521 1787 τρία,
1559 1727 1728 1773 Κάστο-

366 1870 401 1908 4.
428 1868 582 1917 ὀνόματι
605 1873 820 1917 nmmum]
844 1872 1050 1915 „cedrenus
1074 1873 1268 1908 Γαθυνίαν
1290 1875 1427 1909 vocat.“
1451 1872 1516 1906 Ch.
1563 1871 1629 1906 Est
1651 1869 1728 1906 I'v'«

368 1921 488 1953 θειον.
599 1921 633 1954 5.
667 1920 701 1953 εἰ
722 1921 790 1954 Ox.
905 1921 938 1954 8.
972 1916 1160 1962 εὐπρεπεῖς
1183 1921 1305 1956 πᾶσαν
1328 1917 1554 1966 ὑπερβολήν]
1585 1918 1727 1960 „Prae-

367 1964 492 2008 positio
524 1963 578 1997 hic
609 1964 758 2006 excidit3
791 1964 911 2009 supple
943 1965 1014 2006 εἰς,
1047 1966 1098 1999 uti
1130 1967 1232 2000 habet
1263 1966 1438 2001 Cedrenus
1462 1964 1651 2010 εὐπρεπεῖς
1673 1964 1726 2006 εἰς

368 2007 584 2057 ὑπερβολήν.
594 2010 618 2029 “
642 2009 705 2043 Ch.
798 2011 854 2045 13.
887 2008 1074 2056 θυγατέρα
1096 2011 1181 2054 Ch.,
1211 2011 1417 2058 θυγατέρας
1442 2012 1511 2046 Ox.

279 2143 410 2190 gionem
431 2145 538 2178 totam
560 2144 595 2178 in
624 2144 706 2179 duas
727 2148 843 2190 partes
866 2146 1088 2190 distribuam,
1130 2149 1231 2184 fratri
1253 2160 1313 2184 suo
1337 2149 1468 2184 Laconi
1489 2149 1630 2184 alteram
1653 2152 1726 2184 tra-

278 2190 376 2224 didit.
422 2189 454 2223 Is
477 2200 558 2223 vero
581 2191 730 2234 regionis
754 2196 901 2235 partem,
934 2205 1021 2237 quae
1043 2194 1106 2229 sibi
1130 2195 1321 2238 obtigerat,
1354 2206 1375 2229 a
1396 2195 1529 2230 nomine
1551 2207 1633 2237 suo,
1658 2194 1727 2228 La-

279 2236 408 2270 coniam
431 2234 587 2269 vocavit:
622 2235 680 2269 ubi
705 2240 740 2269 et
759 2237 876 2271 urbem
899 2239 1094 2274 maritimam
1118 2241 1289 2282 condidit,
1323 2251 1425 2285 quam
1449 2241 1640 2275 Githilliam
1665 2251 1727 2285 ap-

278 2281 435 2326 pellavit:
461 2284 496 2315 et
517 2281 674 2324 regnavit
694 2281 742 2314 ibi
764 2293 828 2326 per
852 2295 954 2317 annos
978 2297 1098 2319 xxx111.
1135 2287 1217 2320 Post
1233 2287 1322 2321 hunc
1341 2287 1384 2321 ad
1403 2287 1584 2320 Laconiam
1602 2297 1727 2330 regna-

278 2331 358 2361 runt
374 2326 509 2371 plurimi
526 2325 596 2367 alii,
617 2338 720 2371 usque
736 2327 778 2361 ad
790 2328 973 2370 Thesffium,
991 2331 1161 2365 Laconum
1178 2343 1312 2376 regem3
1337 2333 1407 2377 qui,
1422 2333 1519 2376 juxta
1532 2331 1640 2376 ripam
1657 2330 1725 2364 flu-

277 2372 375 2407 minis
395 2371 567 2412 Eurotae,
591 2373 707 2405 urbem
731 2374 900 2415 extruxit3
932 2387 1031 2419 quam
1055 2389 1096 2410 ex
1117 2377 1250 2411 nomine
1272 2389 1352 2419 suo,
1379 2377 1553 2411 Thestiam
1577 2375 1725 2411 vocavit,

278 2417 410 2451 Habuit
427 2421 538 2452 autem
553 2417 711 2451 Thestius
727 2418 791 2452 iste
808 2419 906 2460 filias,
931 2420 1146 2456 admirandae
1164 2424 1302 2464 formae,
1325 2427 1414 2464 tres;
1438 2422 1565 2456 Ledam
1583 2421 1725 2463 scilicet,

277 2462 425 2506 Clytiam
441 2468 477 2497 et
493 2462 722 2508 Melanippen,
746 2475 832 2508 quae
851 2470 886 2498 et
902 2467 1149 2509 pulcherrimae
1169 2469 1359 2502 Laconidcs
1375 2467 1646 2512 appellabantur.
1670 2467 1726 2501 Ex

278 2508 329 2542 his
348 2509 473 2542 Ledam
489 2512 588 2553 pater
604 2508 729 2543 locavit
745 2509 885 2550 cuidam,
904 2510 1034 2545 nomine
1042 2513 1230 2556 Tyndar03
1255 2513 1325 2556 qui,
1340 2521 1417 2557 post
1430 2515 1566 2547 mortem
1577 2511 1724 2554 Thestii,

277 2554 469 2588 Laconibus
484 2553 674 2599 imperavit.
722 2554 904 2600 Tyndarus
921 2560 1031 2590 autem
1048 2569 1088 2590 ex
1104 2558 1198 2591 Leda
1214 2557 1318 2591 filiam
1335 2558 1464 2598 habuit,
1488 2557 1620 2592 nomine
1641 2557 1726 2603 cly-

277 2603 534 2641 taemnestram3
558 2611 656 2644 quam
672 2603 748 2645 post
764 2600 922 2646 temporis
940 2601 1138 2636 adultiorem
1155 2604 1291 2644 factam,
1314 2604 1350 2636 in
1373 2615 1511 2638 uxorem
1530 2604 1627 2637 duxit
1644 2603 1726 2647 My-

279 2656 437 2678 cenarum
463 2656 544 2686 rex,
571 2647 805 2690 Agamemnon.
852 2647 897 2679 At
919 2657 1002 2682 vero
1025 2648 1140 2690 Leda,
1175 2647 1279 2682 inscio
1303 2649 1444 2690 marito,
1479 2649 1604 2683 vitiata
1630 2651 1681 2682 est
1703 2659 1725 2682 a

279 2689 384 2723 nobili
407 2691 550 2735 quodam
568 2691 713 2735 juvene,
744 2691 876 2726 nomine
899 2691 1039 2737 Cygno,
1070 2693 1141 2727 filio
1165 2693 1364 2735 Ederionis,
1388 2695 1598 2728 Achaeorum
1620 2693 1724 2738 regis,

216 2753 223 2762 .
279 2745 301 2767 a
329 2734 415 2770 Jove
447 2736 531 2770 Pico
569 2735 712 2770 oriundi.
774 2737 970 2784 Vitiabatur
1003 2742 1112 2773 autem
1135 2738 1229 2772 Leda
1252 2738 1287 2772 in
1311 2739 1448 2774 aedibus
1470 2740 1537 2774 suis
1559 2739 1724 2773 suburba-

279 2778 349 2820 nis,
384 2780 427 2814 ad
450 2781 610 2816 Eurotam
633 2781 770 2816 fluvium
792 2782 881 2824 sitis,
904 2783 963 2817 ubi
986 2784 1220 2819 oblectationis
1243 2796 1343 2819 causa
1365 2789 1446 2819 tunc
1468 2784 1628 2830 temporis
1650 2795 1724 2818 mo-

278 2824 431 2861 rabatur.
479 2826 634 2862 Gravida
671 2831 781 2863 autem
814 2829 907 2864 facta
929 2841 950 2864 a
973 2830 1116 2876 Cygno,
1151 2830 1329 2867 Ederionis
1352 2832 1445 2878 regis
1467 2831 1508 2866 F.
1532 2842 1598 2866 uno
1621 2833 1722 2877 partu
