1838 3230
0 0 73 87 ες

0 106 126 246 f

0 532 13 552 ᾳ

649 171 950 218 EPISTOLA.
1435 175 1531 224 681

28 293 124 334 Et
143 299 233 346 pag.
197 291 350 346 g.126
382 286 483 344 Οὐχὶ
501 288 546 333 δὲ
564 288 634 331 καὶ
661 287 824 344 Ορφεύς
851 284 932 331 ἄπο
954 291 1027 331 τοῦ
1043 288 1137 330 Ωοῦ
1163 283 1345 342 παράγει
1373 285 1443 328 καὶ
1460 289 1535 340 τῆς

18 348 261 414 Νεφέλης
281 348 469 418 ῥαγείσης
496 346 597 402 (hac
613 345 732 385 modo
752 346 959 385 occasione
978 345 1132 396 cogita,
1162 358 1212 383 an
1241 344 1284 382 in
1309 344 1397 382 loco
1418 357 1538 396 supe-

70 405 180 445 riore
201 411 277 458 pro
296 401 448 459 ἀργῆτα
466 403 608 471 reponi
623 403 779 469 placeat
808 417 879 443 τον
912 401 1081 458 ῥαγέντα
1119 403 1265 455 χιτῶνα
1285 396 1315 453 ἢ
1335 399 1536 452 νεφέλην)

70 459 141 504 τᾶν
159 462 429 532 πολυτίμητον
447 475 643 513 φανηται,
672 455 862 511 πρόοδον.
893 458 962 500 καὶ
984 459 1135 506 ἐκεῖνος
1152 457 1195 499 έν
1213 459 1268 514 τῷ
1285 459 1342 512 νῷ
1359 455 1537 510 υποστη-

71 529 256 571 σαμενος.
311 535 339 570 η
322 513 500 572 ’“ρητέον
517 514 620 571 πρὸς
637 518 784 564 ταῦτα,
817 520 856 554 et
874 529 975 567 quae
995 521 1228 567 sequuntur.
1286 514 1386 564 Lege
1410 520 1449 552 et
1474 513 1536 552 di-

70 576 250 626 stinguo:
285 571 358 616 τον
385 573 653 628 πολυτίμητον
685 574 941 623 ΦΑΝΗΤΑ,
978 569 1156 627 πρόοδον
1180 570 1250 612 καὶ
1275 570 1427 619 ἐκεῖνος
1456 576 1531 609 etc.

0 629 25 676 ζ·
68 629 124 671 Et
137 636 342 684 praeterea
360 644 402 683 Ρ.
427 629 520 673 124.

287 691 430 728 Ενθεν
444 682 714 753 αποθροιίσκει
723 683 874 739 γένεσις
894 681 1174 725 πολυπιδάκου
1190 680 1309 736 ν’λης,

0 758 11 782 ,”
70 740 201 786 Kar*
179 746 433 786 οσατοιαῦτα
452 742 634 796 περὶτῆς
665 738 812 791 τάξεως
837 741 991 793 ἐκείνης
1024 741 1067 782 oi
1088 740 1182 782 θεοὶ
1184 740 1533 810 χρησμῳδοῦσιν·

71 796 173 842 ἄλλοὶ
187 800 280 842 καὶ
276 796 449 854 Ορφευς
473 797 542 841 τὸν
570 799 842 869 πολυτίμητον
867 800 1012 838 τοῦτον
1042 795 1141 838 θεὸν
1169 793 1441 849 ανευφήσαιμι
1467 794 1536 838 τὸν

71 857 227 911 σπέρμα
248 855 425 926 φέροντα
451 858 563 897 θεῶν
595 851 639 897 κ’
667 852 792 896 αυτὸν
813 850 1070 922 η’ρικεπαῖον,
1106 853 1174 894 καὶ
1212 853 1252 902 ἐξ
1279 850 1405 894 αὐτοῦ
1430 857 1542 895 ποιεῖ’

69 917 296 968 προϊοῦσαν
320 909 481 955 απασαν
498 927 575 965 την
596 914 676 953 τῶν
702 914 815 953 θεῶν
839 907 994 965 γενεάν.
1048 910 1260 950 Enimvero
1287 924 1369 948 non
1394 910 1537 949 leviter

0 998 5 1005 -
68 971 225 1010 mendis
246 983 403 1023 espeisa
420 974 479 1009 est
501 968 599 1008 haec
617 969 754 1038 ῥῆσις
789 981 907 1020 quam
931 968 989 1007 ita
1018 967 1252 1007 constitues:
1285 966 1354 1008 καὶ
1377 964 1538 1022 Ορφευς

68 1024 136 1069 τὸν
154 1028 424 1079 πολυτίμητον
439 1041 584 1067 τουτον
601 1024 704 1067 θεον
723 1021 950 1077 ανευφημεῖ

289 1085 386 1123 ΜΗ
389 1085 490 1123 ΤΙΝ
502 1081 658 1136 σπέρμα
672 1080 845 1151 φέροντα
862 1083 976 1122 θεων
995 1077 1140 1122 κλυτον
1157 1081 1536 1120 ΗΡΙΚΕΠΑΙΟΝ.

68 1139 217 1191 Pagina
235 1139 406 1191 denique
428 1141 524 1182 164.
549 1143 669 1180 Τοῖον
694 1134 903 1188 απέστιλβε
932 1133 1076 1191 χρόνος
1107 1132 1331 1178 ἐθανατοιο
1354 1138 1532 1178 ΦΑΝΗ-

74 1199 199 1247 ΤΟΣ,
229 1195 301 1236 ubi
320 1195 529 1247 legendum
547 1193 680 1249 χροὸς,
710 1201 756 1234 ut
775 1193 933 1246 quidem
951 1199 1059 1232 extat
1079 1192 1187 1246 apud
1205 1193 1414 1232 Proclum.

289 1250 505 1322 Θαύμαζον
523 1254 779 1321 καθορωντες
798 1251 842 1292 ἐν
865 1249 1000 1318 αἰθέρι
1020 1248 1165 1317 φέγγος
1189 1247 1380 1301 αελπτον,

292 1312 412 1350 Τοῖόν
430 1305 635 1361 ἀπέστιλβε
653 1323 771 1361 χροος
790 1304 1012 1348 αθανατοιο
1035 1308 1230 1358 Φανητος

65 1363 178 1404 Idem
197 1365 393 1405 Proclus'
380 1379 423 1404 m
441 1364 714 1405 Parmenidem
736 1365 812 1402 MS.
835 1363 933 1403 baec
959 1362 1098 1402 habet·
1129 1362 1151 1405 6
1170 1362 1243 1416 μὲν
1270 1379 1345 1416 γαρ
1377 1361 1538 1417 Ορφεῦς

65 1419 165 1475 μετα
180 1419 258 1475 τήν
275 1418 498 1464 καταποσιν
520 1424 596 1463 τοῦ
619 1422 890 1461 ΦΑΝΗΤΟΣ
909 1420 955 1461 ἐν
986 1423 1047 1490 τῷ
1065 1421 1140 1461 Διῒ
1162 1418 1210 1461 τοὶ
1228 1417 1359 1468 πάντα
1378 1419 1537 1474 γεγονέ-

65 1493 137 1519 ναι
157 1479 295 1531 φησίν.
327 1476 466 1532 ἐπειδή
494 1475 689 1532 πρότερον
718 1475 791 1530 μὲν
813 1476 883 1517 καὶ
910 1475 1128 1547 ηνωμένως
1148 1476 1191 1517 ἒν
1218 1476 1380 1545 ἐκείνῳ,
1411 1475 1539 1517 δευτέ-

66 1549 148 1588 ραις
169 1533 214 1576 δὲ
231 1535 301 1577 καὶ
323 1534 629 1603 διακεκριμένως
651 1534 693 1576 ἐν
714 1537 769 1590 τῷ
801 1535 1031 1588 δημιουργῷ
1058 1548 1106 1573 τα
1125 1548 1257 1574 παντα
1284 1548 1470 1585 ανεφανη
1489 1531 1538 1573 τοὶ

64 1594 147 1631 τοῖν
163 1588 475 1646 ἐγκοσμηματων
497 1592 615 1633 αἴτια.
648 1591 746 1630 etin
769 1589 1013 1629 Alcibiadem
1043 1589 1220 1659 priorem
1241 1590 1322 1629 MS.
1351 1589 1410 1628 sic
1438 1591 1539 1628 scri-

63 1647 147 1687 bitz
187 1649 271 1689 Καί
295 1665 364 1701 μοι
386 1650 500 1689 δοκεῖ
521 1647 591 1689 καὶ
617 1646 638 1688 6
671 1643 845 1687 Πλατων
879 1643 1008 1715 εὑρών
1037 1642 1139 1700 παρ’
1174 1649 1306 1699 Ορφεῖ
1327 1644 1399 1687 τόν
1417 1642 1539 1688 αὐτὸν

64 1707 209 1745 τοῦτον
226 1704 296 1745 καὶ
323 1708 468 1759 Ερωτα
494 1704 562 1744 καὶ
581 1704 766 1755 Δαίμονα
791 1702 915 1756 μέγαν
945 1698 1298 1770 αποκαλούμενον,
1329 1698 1537 1773 ἀγαπῆσαι

65 1759 136 1802 καὶ
157 1757 280 1809 αὐτος
299 1759 365 1802 ἔπι
385 1763 458 1802 τοῦ
477 1764 642 1829 Ερωτος
658 1775 729 1801 τον
748 1762 932 1801 τοιοῦτον
947 1756 1101 1812 ν’μνον·
1132 1775 1223 1813 περι
1244 1757 1318 1813 μὲν
1346 1776 1421 1815 γαρ
1442 1776 1535 1813 νοη-

65 1833 138 1859 του
162 1819 242 1859 νοῦ
259 1816 428 1872 λέγων’
402 1833 425 1859 ο
445 1813 661 1871 Θεολόγος,

284 1875 421 1946 Αβρος
450 1878 567 1928 Ερως
595 1873 665 1914 καὶ
686 1875 878 1913 ΜΗΤΙΣ
896 1868 1125 1922 ατασθαλος
1143 1893 1199 1903 -
1219 1894 1274 1902 -
1291 1871 1360 1913 καὶ
1385 1868 1529 1914 πάλιν·
1554 1881 1587 1916 O
1611 1880 1635 1919 4

285 1927 402 1972 Οἷσιν
422 1927 676 1984 ἐπεμβεβαως
697 1930 865 1999 Δαίμων
887 1928 1006 1984 μέγας
1029 1927 1117 1971 αἰὲν
1137 1924 1206 1971 ἐπ’
1223 1929 1329 1982 ἴχνη.

64 1987 158 2043 περὶ
177 1986 222 2030 δὲ
238 1990 313 2030 τοῦ
333 1990 480 2041 νοεροῦ
501 1990 580 2028 νοῦ
598 1986 667 2028 καὶ
689 1982 932 2040 αμεθέκτου,

133 2100 150 2143 ὶ
283 2044 368 2085 Καὶ
396 2047 589 2086 ΜΗΤΙΣ
617 2058 773 2098 πρωτος
807 2041 974 2098 γενέτωρ
1009 2041 1076 2084 και
1101 2046 1220 2098 Ερως
1255 2038 1526 2096 πολυτερπής·

65 2104 132 2142 Κα
170 2098 316 2143 παλιν-

282 2161 347 2198 Εν
363 2173 530 2212 κρατος,
562 2154 617 2206 εἷς
634 2157 802 2209 Δαίμων
823 2156 956 2210 γένετο
973 2155 1113 2210 μέγας,
1145 2153 1264 2209 αρχός
1287 2153 1486 2197 απάντων.

63 2214 190 2252 Multa
208 2215 384 2266 prudens
406 2221 444 2253 et
470 2215 597 2253 sciens
618 2220 847 2266 praetereo,
878 2227 976 2266 quae
999 2227 1050 2253 ex
1070 2212 1338 2264 Athenagora,
1370 2212 1527 2250 Macro-

63 2270 153 2318 bio,
183 2271 369 2323 Orphicis
388 2271 578 2323 Hymnis,
608 2278 693 2309 tum
719 2277 847 2309 autem
866 2271 1081 2323 praecipue
1114 2284 1134 2309 e
1156 2270 1296 2308 Proclo
1329 2270 1370 2306 in
1397 2269 1526 2307 Plato-

64 2327 127 2366 nis
157 2328 359 2367 Timaeum
389 2328 544 2367 adferre
579 2341 754 2379 possem:
791 2341 842 2366 ne
877 2328 978 2367 sorte
1008 2327 1076 2379 qui
1106 2341 1166 2364 me
1197 2326 1325 2364 minus
1365 2332 1525 2374 norunt,

63 2384 178 2423 Pauli
202 2398 266 2424 me
291 2385 488 2437 Leopardi
522 2385 666 2423 scrinia
702 2384 916 2437 compilare
953 2385 1191 2423 existiment.
1258 2381 1354 2421 Inde
1391 2388 1526 2434 petere

63 2447 256 2494 possunt,
287 2441 353 2480 vel
379 2455 401 2479 a
424 2441 635 2480 Theodoro
657 2442 851 2490 cantero,
883 2441 950 2492 qui
980 2441 1098 2494 plura
1131 2441 1179 2478 de
1206 2438 1269 2477 his
1289 2438 1407 2478 rebus
1426 2438 1527 2477 scire

63 2497 301 2538 desiderent.
365 2497 462 2537 Nam
494 2498 590 2550 quid
623 2512 695 2549 ego
728 2512 903 2537 censeam
934 2498 984 2536 de
1009 2498 1168 2535 illorum
1203 2495 1418 2544 sententia,
1458 2494 1526 2546 qui

63 2553 386 2605 significalionem
413 2555 592 2594 mendosi
618 2554 730 2593 verbi
761 2552 969 2607 Ερικεπεώ
998 2568 1046 2592 ex
1078 2552 1250 2591 anilibus
1282 2551 1526 2591 Cabbalista-

63 2623 152 2650 rum
173 2611 288 2661 nugis
310 2618 502 2650 conantur
521 2611 785 2665 exsculpere?
815 2612 885 2651 sed
906 2612 999 2650 nolo
1021 2609 1172 2661 aliquid
1195 2609 1450 2648 inclementer
1468 2607 1526 2646 di-

63 2681 166 2706 cere.
230 2668 320 2705 Non
350 2674 531 2707 nostrum
564 2675 624 2707 est
650 2667 847 2721 κειμένοις
878 2667 1147 2720 ἐπεμβαίνειν.
1216 2665 1378 2705 Veniam
1409 2665 1522 2704 etiam

63 2723 236 2762 libenter
251 2723 424 2774 dedero,
453 2725 488 2763 si
516 2725 644 2763 minus
664 2739 708 2764 ea
731 2725 1027 2778 perspexerint,
1059 2736 1160 2775 quae
1190 2737 1210 2760 a
1235 2722 1367 2761 munis
1387 2736 1520 2760 saecu-

63 2779 114 2818 lis
131 2779 308 2819 homines
332 2782 555 2830 latuerunt,
584 2781 750 2834 caligine
775 2788 814 2821 et
841 2781 1012 2820 tenebris
1042 2780 1295 2819 circumfusa.
1352 2779 1450 2818 Nam
1478 2785 1522 2817 ut

65 2837 279 2877 concedam
309 2837 428 2889 haec,
469 2838 669 2892 quomodo
699 2853 723 2879 a
751 2852 813 2879 me
848 2837 1048 2878 emendata
1086 2843 1199 2889 sunt,
1236 2835 1292 2876 ita
1319 2850 1340 2876 a
1375 2835 1520 2875 Joannc
