1852 3236
351 217 398 242 xv
406 217 421 241 1
428 216 442 242 1
449 215 468 242 1
850 195 1297 240 PROLEGOMENA.

350 309 592 349 Antiocheno
626 309 875 365 Presbytero,
905 313 1012 360 cujus
1051 313 1222 350 meminit
1260 311 1504 361 Gennadius,
1541 325 1591 352 ac
1622 325 1708 351 cum
1733 311 1791 354 Jo.

349 378 660 417 Diacrinomeno.
698 391 738 425 x,
769 391 825 417 XI.
858 376 904 415 V
899 375 996 416 ideri
1022 394 1105 416 eum
1133 380 1231 417 inter
1253 379 1508 417 orthodoxos
1527 378 1658 430 potius
1675 393 1793 432 quam

349 444 576 484 Haereticos
598 459 673 482 esse
690 442 1030 483 annumerandum.
1061 458 1134 483 x11.
1163 443 1421 484 Recensentur
1439 444 1511 484 alii
1529 445 1693 484 Joannes
1713 445 1794 483 An-

349 510 534 550 tiocheni.
591 509 650 548 De
666 510 722 550 Jo.
744 509 846 548 Mela
863 507 1094 550 Patriarclza
1117 510 1410 552 Alexandrino.
1439 525 1530 551 xm.
1557 512 1618 550 De
1632 513 1688 550 Jo.
1708 512 1792 550 Ma-

350 579 449 617 lelae
470 587 605 617 aetate.
661 575 752 614 Non
770 575 901 631 fuisse
930 591 1108 616 coaevum
1129 578 1342 616 Jusliniano
1369 580 1448 631 ejus
1472 579 1637 618 nominis
1652 579 1792 632 primo,

351 643 457 699 quod
488 643 620 683 volunt
647 642 894 681 Chilmeadus
922 653 957 682 et
978 642 1074 683 alii.-
1104 642 1169 682 sed
1193 643 1248 683 acl
1271 643 1438 684 seculum
1461 641 1612 684 nonum'
1628 661 1704 685 esse
1720 661 1792 700 po-

353 714 428 751 tius
448 707 740 762 conjiciendum,
768 707 829 748 vel
850 708 918 748 diu
936 708 1067 748 saltem
1082 720 1171 762 post
1192 720 1362 764 tempora
1382 711 1588 750 Justim'ani
1597 713 1790 766 floruisse.

350 792 434 817 xlv.
464 776 519 815 ad
546 789 690 816 xxxlx.
721 775 928 829 Scripsisse
945 786 1033 829 post
1051 777 1307 817 Justinianum
1324 776 1466 816 exinde
1486 787 1659 831 apparet,
1688 776 1793 831 quod

352 853 444 898 quot
465 858 587 882 annos
604 840 671 882 ille
689 852 860 895 regnaret
882 854 1162 883 commemorat.
1203 858 1274 884 xv.
1308 843 1423 895 Quod
1452 860 1520 884 nec
1540 845 1582 883 in
1610 845 1706 882 vivis
1721 842 1790 882 sub

351 914 568 952 Justiniano
598 910 768 950 extiterit
798 908 1078 948 demonstratur
1101 924 1153 948 ex
1184 911 1365 951 citatione
1395 911 1588 951 Actorum
1612 908 1792 964 publico-

352 997 435 1020 rum
465 978 641 1019 Civitatis
677 991 766 1015 suae
802 977 983 1029 propriae
1014 975 1060 1013 cle
1089 991 1128 1014 re
1158 976 1299 1016 ibidem
1322 978 1390 1016 sub
1422 970 1638 1017 ,Iustiniano
1668 986 1790 1029 gesta.

350 1061 432 1087 xvx.
469 1061 522 1085 ex
550 1045 685 1083 erratis
718 1045 797 1095 ejus
825 1042 957 1081 multis
982 1053 1016 1081 et
1040 1044 1281 1096 gravissimis
1301 1043 1347 1083 de
1371 1044 1479 1084 rebus
1501 1043 1788 1082 Iustinianaeis.

351 1127 453 1153 xv11.
491 1110 655 1164 aliisque
684 1108 841 1148 indiciis
868 1108 1083 1149 luculentis.
1127 1125 1250 1161 xvm,
1278 1126 1373 1160 x1x,
1400 1125 1468 1150 xx.
1495 1111 1673 1150 Malelam
1703 1124 1790 1150 cum

352 1179 559 1219 :Iustiniani
579 1179 722 1227 Legato
745 1191 821 1215 non
829 1175 962 1231 fuisse
983 1175 1230 1228 collocutum,
1262 1176 1368 1231 quod
1387 1179 1586 1218 existimat
1605 1177 1792 1216 Chilmea-

353 1249 451 1298 dus,
487 1245 554 1285 sed
586 1242 751 1283 Librum
777 1252 927 1281 tantum
956 1244 1034 1291 eius
1057 1241 1211 1295 legisse5
1237 1254 1271 1283 et
1298 1260 1381 1284 eum
1399 1260 1474 1284 non
1494 1243 1752 1300 aliumfuisse
1767 1259 1792 1282 a

352 1316 552 1355 Nonnoso.
583 1325 669 1351 XXI.
705 1307 820 1362 Quod
846 1324 915 1349 nec
941 1311 1085 1349 vixerit
1111 1321 1198 1349 ante
1223 1322 1384 1351 aetatem
1413 1312 1619 1364 septimam
1645 1325 1791 1350 exeun-

353 1392 425 1421 tem
450 1379 638 1434 probatur
665 1392 718 1416 ex
747 1378 928 1416 citatione
948 1378 1151 1416 Clementis
1183 1377 1500 1430 Chronngrapffi,
1527 1394 1638 1433 quem
1665 1387 1791 1416 osten-

355 1448 459 1488 ditur
479 1448 674 1501 scripsisse
705 1455 794 1498 post
825 1460 966 1484 annum
995 1445 1088 1488 685.
1127 1459 1229 1484 xxu.
1262 1444 1377 1497 Quod
1409 1461 1477 1485 nec
1491 1445 1675 1500 floruerit
1702 1453 1791 1482 ante

354 1516 506 1555 initium
526 1512 645 1554 seculi
663 1513 758 1552 noni
779 1514 979 1567 conficitur
998 1511 1154 1551 ulterius
1172 1526 1225 1552 eoe
1243 1513 1425 1552 citatione
1443 1510 1651 1564 Theophili
1669 1510 1791 1550 Chro-

354 1580 563 1633 nographi,
592 1595 702 1634 quem
729 1578 916 1632 probatur
944 1578 1080 1618 obiisse
1108 1594 1209 1618 anno
1238 1578 1379 1618 Christi
1397 1580 1490 1623 785.
1524 1593 1640 1619 xxm.
1669 1577 1791 1619 Hunc

354 1647 454 1687 male
475 1662 501 1685 a
518 1645 715 1685 nonnullis
738 1645 926 1701 confundi
951 1662 1035 1685 cum
1055 1646 1271 1698 Theophilo
1293 1646 1556 1695 Antiocheno,
1588 1646 1638 1684 ad
1660 1645 1791 1683 Auto-

353 1716 487 1767 lycum
515 1714 710 1766 scriptore.
767 1712 1002 1752 Producitur
1026 1713 1295 1766 Fragmentum
1315 1713 1411 1756 MS.
1441 1728 1494 1754 ex
1513 1712 1710 1765 Hesychio
1739 1712 1790 1752 de

355 1781 500 1819 Christi
519 1778 750 1830 Nativitate,
787 1781 828 1819 in
856 1795 932 1834 quo
957 1782 1125 1820 citantur
1149 1782 1341 1828 Clemens,
1371 1780 1631 1833 Theophilus,
1659 1787 1699 1819 et
1722 1780 1789 1818 Ti-

353 1846 534 1885 motheus
566 1846 874 1900 Chronographi.
940 1848 1175 1900 Hesychium
1199 1846 1311 1888 illum
1339 1863 1392 1887 ex
1419 1849 1503 1901 ipso
1531 1848 1669 1886 Malela
1692 1848 1790 1886 ecri-

353 1914 473 1967 psisse
491 1910 622 1950 videri.
652 1927 762 1953 xxxv.
791 1914 945 1953 Eusebii
965 1913 1180 1955 Chronicon
1200 1914 1306 1969 quocl
1333 1929 1359 1953 a
1378 1916 1518 1954 Malela
1544 1912 1640 1953 solet
1661 1914 1788 1963 citari,

353 1993 432 2017 non
463 1993 541 2017 esse
558 1980 779 2031 genuinum.
807 1995 905 2020 xxv.
938 1980 1053 2032 Quod
1081 1983 1223 2021 vixerit
1239 1983 1377 2021 Malela
1407 1997 1483 2021 non
1507 1990 1594 2020 ante
1618 1978 1788 2019 seculum

352 2059 525 2095 nonum,
563 2047 813 2098 confirmatur
840 2057 920 2085 tum
953 2046 1132 2097 aliunde,
1171 2058 1251 2087 tum
1283 2063 1337 2087 ex
1362 2047 1568 2088 locutionis
1599 2045 1787 2086 barbarie.

351 2126 450 2168 xxv,
476 2126 592 2162 xxvx,
619 2125 746 2152 xxvix.
773 2115 1047 2167 Proponuntur
1065 2115 1308 2167 Argumenta
1336 2129 1434 2169 quae
1453 2113 1560 2154 illius
1577 2115 1788 2167 antiquita-

353 2190 427 2218 tem
447 2177 648 2218 videantur
669 2189 853 2231 astruere..
905 2178 1011 2218 Inter
1034 2180 1142 2232 alia5
1172 2182 1285 2220 citari
1302 2195 1385 2220 eum
1402 2182 1444 2220 in
1465 2182 1651 2220 Oratione
1671 2180 1786 2220 tertia

351 2260 427 2299 pro
456 2245 689 2296 Imaginibus
718 2243 779 2287 Jo.
798 2245 1040 2286 Damasceno
1062 2246 1278 2300 adscripta:
1307 2258 1341 2286 et
1365 2249 1406 2286 in
1424 2247 1556 2287 multis
1573 2247 1786 2287 Narratio-

352 2311 466 2351 nibus
491 2326 577 2351 cum
595 2311 789 2350 Chronico
818 2312 995 2352 Paschali
1015 2315 1092 2353 sive
1120 2314 1404 2364 Alexandrino,
1435 2325 1523 2353 ante
1544 2329 1684 2354 annum
1698 2343 1711 2363 ,
1742 2324 1786 2353 ut

354 2378 544 2428 creditur,
574 2381 665 2421 630.
691 2380 920 2432 composito,
949 2378 1003 2417 ad
1024 2379 1176 2419 verbum
1205 2395 1433 2428 consonare,
1462 2397 1599 2434 quaea
1617 2381 1785 2420 Chroni-

353 2447 391 2484 ci
407 2444 557 2484 Autore
580 2461 599 2483 e
617 2445 755 2483 Malela
784 2445 1005 2484 Chihneado
1033 2456 1066 2484 et
1098 2446 1187 2486 aliis
1217 2447 1391 2486 videntur
1417 2446 1643 2499 desumptae.
1671 2461 1783 2489 xx1x.

354 2512 522 2549 Istat-um
549 2511 827 2551 Narrationum
854 2510 996 2551 Index.
1034 2527 1131 2553 xxx,
1164 2513 1414 2566 Argumentis
1443 2514 1547 2552 hisce
1575 2512 1783 2566 responde-

352 2588 423 2615 tur.
461 2592 576 2628 xxxx,
595 2589 663 2618 etc.
686 2594 760 2618 non
788 2580 884 2617 satis
903 2588 1076 2617 constare
1093 2580 1360 2631 Fragmentum
1381 2578 1481 2618 illuct
1499 2580 1658 2618 Mulelae
1676 2579 1782 2633 quod

349 2641 506 2682 habetur
535 2644 640 2698 apud
670 2646 783 2684 Orat:
817 2659 891 2697 pro
930 2646 1047 2696 Imag.
1077 2644 1339 2698 praedictam,
1381 2645 1431 2684 ab
1470 2647 1552 2699 ipso
1586 2646 1782 2685 Orationis

351 2708 501 2748 Autore
513 2712 644 2764 fuisse
669 2710 919 2765 descriptam.-
956 2722 991 2750 et
1022 2727 1097 2750 esse
1122 2721 1314 2764 praeterea
1344 2727 1412 2751 cur
1433 2714 1664 2765 suspicemur
1703 2727 1780 2752 non

341 2773 469 2827 fuisse
495 2777 550 2816 Jo.
584 2779 810 2819 Damasceni
835 2781 948 2820 istam
965 2779 1200 2819 Orationem.
1242 2793 1372 2818 xxxn.
1400 2778 1474 2818 Act
1499 2779 1779 2832 Argumentum
