1838 3230
409 132 1025 189 CHRONOGRAPHIA.
1084 142 1132 186 L.
1165 141 1280 186 vm.
1481 146 1580 194 201

110 282 188 316 σας
219 263 461 325 ἀνδριάντος
493 261 647 320 στήλην
672 266 829 319 χαλκῆν
860 266 935 319 τῆς
965 262 1292 321 σφαγιασθείσης
1311 259 1436 319 κόρης
1454 259 1581 319 τύχην
1604 272 1637 308 V
1660 274 1706 310 85

109 338 165 392 τῇ
186 333 300 378 πόλει
321 331 512 390 ῦπεράνω
539 337 615 376 τοῦ
642 335 856 387 ποταμοῦ,
896 332 1052 383 εὐθέως
1077 330 1251 388 ποιήσας
1271 331 1376 390 αὐτῇ
1396 336 1448 389 τῇ
1480 331 1584 390 τύχῃ

109 405 279 447 θυσίαν.
348 404 416 446 καὶ
448 401 642 445 ἀπελθών
670 401 922 457 κατέστρεψε
951 401 1027 457 τὴν
1044 401 1288 458 Ἀντιγονίαν
1307 399 1427 444 πόλιν
1444 405 1584 445 πᾶσαν

111 471 187 522 ἕως
215 469 395 529 ἐδάφους
402 503 417 525 ,
447 469 691 527 μετενεγκών
709 472 775 513 καὶ
796 469 872 519 τὰς
888 468 991 520 ῦλας
1014 470 1167 513 ἐκεῖθεν
1191 470 1259 514 διὰ
1280 474 1355 514 τοῦ
1376 474 1581 525 ποταμοῦ,

77 541 179 587 ὁκαὶ
219 538 394 596 ποιήσας
429 541 496 582 καὶ
529 543 580 597 τῇ
611 537 714 597 τύχῃ
740 539 967 598 Ἀντιγονίᾳ
998 537 1218 596 ἀνδριάντα
1247 537 1400 595 στήλης
1431 544 1586 596 χαλκῆς

107 606 282 665 ἐχούσης
299 609 551 662 Ἀμαλθείας
583 607 706 664 κέρας
737 607 976 664 ἔμπροσθεν
1006 608 1145 663 αὐτῆς.
1217 610 1283 652 καὶ
1308 607 1482 664 ποιήσας
1507 610 1589 652 ἐκεῖ

106 675 356 733 τετρακιόνιν
387 678 429 719 ἓν
457 675 554 732 ῦψει
585 676 751 732 ἔστησεν
787 677 916 732 αὐτὴν
947 676 1020 732 τὴν
1040 676 1188 732 τύχην,
1227 676 1490 734 καταστήσας
1511 677 1584 731 ἵμ-

106 750 294 803 προσθεν
324 745 453 801 αὐτῆς
482 745 626 801 βωμὸν
656 744 846 801 ὑψηλόν·
881 745 1024 801 ἥντινα
1058 745 1211 801 στήλην
1242 751 1315 802 τῆς
1334 744 1460 801 τύχης
1479 747 1585 802 μετὰ

105 814 294 866 τελευτὴν
325 811 526 858 Σελεύκου
561 814 803 871 Δημήτριος
834 813 855 858 ὃ
887 814 976 865 υἱὸς
1000 813 1230 871 Ἀντιγόνου
1251 821 1325 858 τοῦ
1343 819 1582 872 Πολιορκη-

51 875 96 927 io
107 888 181 927 τοῦ
211 881 414 940 ἀπήγαγεν
443 884 484 926 ἒν
508 881 647 942 Ῥώσῳ
684 886 725 926 ἐν
754 889 805 941 τῇ
836 882 949 927 πόλει
979 888 1052 939 τῆς
1082 885 1280 934 Κιλικίας.
1350 882 1376 941 ἢ
1404 885 1448 927 δὲ
1477 884 1581 940 αὐτ-ὴ

103 949 222 1003 πόλις
237 950 388 1002 Ῥῶσος
409 953 580 1008 ἐκτίσθη
603 951 684 995 ῦπό
709 954 877 1003 Κίλικος
897 957 971 996 τοῦ
991 953 1083 995 υἱοῦ
1095 951 1324 1010 Ἀγήνορος.
1604 965 1634 999 Β

202 1019 252 1065 Ὁ
272 1022 317 1064 δὲ
336 1021 533 1071 Σέλευκος
548 1021 653 1076 μετὰ
673 1021 719 1064 τὸ
750 1021 1034 1079 καταστρέψαι
1062 1021 1137 1076 τὴν
1157 1021 1404 1078 Ἀντιγονίαν
1439 1022 1579 1078 ἐποίη-

104 1105 150 1133 σε
176 1094 416 1146 μετοικῆσαι
443 1090 539 1140 τοὺς
562 1090 813 1146 Ἀθηναίους
846 1093 902 1141 εἷς
937 1089 989 1147 ἢν
1027 1089 1155 1133 ἔκτισε
1186 1089 1305 1134 πόλιν
1333 1089 1578 1146 Ἀντιόχειαν

103 1158 180 1214 τὴν
212 1158 390 1215 μεγάλην
422 1158 519 1209 τοὺς
546 1161 760 1209 οἰκοῦντας
789 1159 864 1214 τὴν
891 1159 1162 1216 Ἀντιγονίαν·
1200 1158 1391 1211 οὕστινας
1420 1155 1470 1216 ἦν
1501 1162 1582 1203 ἐκεῖ

50 1237 93 1272 15
107 1226 232 1278 ἐάσας
244 1227 470 1284 Ἀντίγονος
487 1227 591 1282 μετὰ
611 1230 870 1284 Δημητρίου,
893 1226 986 1270 υἱοῦ
1009 1227 1152 1282 αὐτοῦ,
1181 1231 1247 1271 καὶ
1268 1228 1418 1280 ἄλλους
1438 1230 1482 1272 δὲ
1504 1229 1579 1272 ἄν-

104 1298 208 1353 δρας
224 1294 488 1350 ΙΙἸακεόόνας,
519 1297 616 1347 τοῦς
635 1295 793 1347 πάντας
814 1297 969 1354 ἄνδρας
992 1295 1075 1356 ,ετ’,
1114 1297 1288 1353 ποιήσας
1312 1297 1332 1342 ὃ
1354 1299 1479 1348 αὗτὸς
1502 1299 1580 1342 Σέ-

103 1369 245 1416 λευκος
273 1366 315 1408 ἓν
336 1365 557 1426 Ἀντιοχείᾳ
585 1371 636 1423 τῇ
665 1365 820 1423 μεγάλῃ
849 1364 1074 1424 ἀνδριάντα
1100 1371 1282 1422 χαλκοῦν
1305 1368 1482 1425 φοβερὸν
1505 1372 1580 1422 τῆς

95 1432 278 1490 Ἀθήνης
311 1434 379 1477 διὰ
404 1434 784 1490 τοῦςἈθηναίους,
817 1433 872 1485 ὥς
899 1435 1026 1490 αὐτὴν
1048 1436 1306 1491 σεβομένους.
1379 1435 1579 1493 κατήγαγε

102 1502 148 1546 δὲ
173 1505 239 1545 καὶ
262 1503 358 1553 τοὺς
375 1506 548 1560 Κρῆτας
578 1503 657 1547 ἀπὸ
682 1509 755 1559 τῆς
785 1502 1064 1562 ἀκροπόλεως,
1104 1504 1176 1555 οῦς
1196 1505 1327 1549 εἴασεν
1349 1503 1369 1548 ὃ
1392 1504 1578 1556 Κάσοςὸ
1604 1511 1637 1546 O
1662 1512 1731 1548 257

2 1578 5 1582 “
44 1571 190 1622 Ξουὶὂς
206 1569 364 1627 Ἰνάχου
384 1571 469 1616 ἄνω
490 1575 630 1616 οἷκεΐν·
669 1574 811 1623 οἵτινες
834 1571 1145 1629 μετοικήσαντες
1165 1576 1220 1624 εἷς
1240 1575 1315 1630 τὴν
1337 1575 1466 1630 αὐτὴν
1489 1574 1580 1618 Ἀν-

98 1638 274 1695 τιόχειαν
303 1641 406 1696 μετὰ
437 1643 503 1684 καὶ
525 1646 608 1685 τῶν
629 1645 851 1698 Κυπρίων,
889 1642 1024 1697 ἐπειδὴ
1050 1641 1070 1685 ὅ
1091 1642 1237 1693 Κάσος
1262 1644 1455 1698 βασιλεὺς
1475 1642 1578 1700 ήγά-

98 1726 189 1765 γετο
220 1709 396 1765 Ἀμυκὴν
423 1710 498 1765 τὴν
526 1713 593 1754 καὶ
622 1713 793 1763 Κιτίαν,
820 1711 1031 1768 θυγατέρα
1062 1714 1356 1766 Σασαλαμίνου
1385 1717 1459 1757 τοῦ
1484 1716 1575 1757 Kv-
1599 1727 1630 1760 C

192 1841 247 1876 17.
272 1840 451 1889 φοβερὸν]
476 1840 643 1890 φοβεράν
667 1843 734 1879 Ox,
823 1844 879 1878 19.
910 1842 1029 1879 εἴασεν
1053 1844 1131 1886 Ch.‚
1156 1842 1261 1880 ἔασεν
1285 1846 1353 1880 Ox.
1441 1847 1497 1881 22.
1518 1843 1574 1880 ’A-

190 1890 338 1935 μυκήν]
374 1890 473 1926 Haec
504 1890 649 1924 fortasse
681 1889 724 1924 ad
758 1887 960 1936 Βαμβύκην
990 1896 1158 1937 spectant.
1297 1893 1380 1927 ibid.
1418 1895 1574 1931 ,Κιττίαν

189 1934 259 2016 gx.
311 1982 350 2017 Σ
373 1936 474 2018 ²ibid.
507 1937 796 2017 23⁶“ssffi⁹lv⁰v]
831 1937 1077 1979 „Vocabulum
1097 1941 1305 1985 suspectum:
1336 1940 1429 1974 sorte
1452 1939 1571 1986 legen-

215 1992 291 2025 um,
348 1995 372 2018 α
394 1995 540 2028 αμινου.
668 2009 676 2018 .
1185 1999 1189 2002 ·

97 2107 256 2140 aeream,
280 2097 373 2132 urbis
395 2097 431 2132 in
454 2097 659 2142 Fortunam,
683 2099 815 2134 erexita
856 2099 930 2143 cui,
952 2100 1054 2145 juxta
1075 2098 1214 2134 fluvium
1238 2100 1448 2144 collocatae,
1471 2113 1569 2139 sacra

94 2143 209 2178 statim
232 2145 382 2190 peregit.
435 2145 653 2189 Antigoniam
678 2146 801 2180 deinde
831 2151 1011 2192 repetens,
1049 2158 1123 2180 eam
1146 2147 1299 2181 funditus
1319 2148 1463 2190 evertit,
1500 2149 1569 2182 uti-

95 2188 229 2234 lemque
259 2192 431 2225 ruiuarum
464 2191 639 2226 materiem
671 2191 808 2227 flumine
840 2192 919 2227 inde
952 2192 1158 2238 deportavit.
1217 2194 1421 2239 Antigoniae
1455 2198 1567 2229 autem

96 2235 190 2269 urbis
212 2235 388 2271 Fortunae
409 2242 555 2272 statuam
588 2250 722 2272 aeream
757 2239 884 2282 erexit,
917 2239 1112 2274 Amaltheae
1137 2251 1241 2274 cornu
1265 2251 1364 2275 manu
1388 2245 1569 2275 tenentem.

35 2287 38 2293 '
98 2280 192 2322 Quin
216 2288 252 2316 et
273 2282 309 2316 in
331 2282 463 2317 sublimi
485 2285 601 2329 posuit
624 2285 810 2319 Fortunam
834 2285 947 2327 illam,
973 2291 1122 2330 quatuor
1144 2297 1248 2331 supra
1273 2287 1440 2321 columnas
1464 2286 1569 2320 collo-

97 2332 229 2369 σηοως
260 2340 322 2363 ara
345 2329 448 2363 etiam
471 2330 607 2365 excelsa
630 2342 743 2365 coram
766 2331 824 2365 illa.
850 2335 1015 2366 extructa.
1063 2331 1164 2366 Hanc
1187 2333 1361 2367 Fortunae
1385 2332 1477 2366 urbis
1499 2337 1569 2367 sta-

95 2376 207 2415 tuam,
239 2378 318 2420 post
340 2375 477 2410 Seleuci
501 2384 664 2419 mortem,
693 2377 912 2420 Demetrius,
939 2377 1103 2424 Antigoni
1127 2378 1350 2413 Poliorcretis
1373 2378 1481 2419 filius,
1506 2377 1567 2412 de-

95 2418 194 2454 vexit
213 2419 250 2454 in
272 2420 439 2463 Rhesum,
465 2421 609 2457 Ciliciae
632 2423 750 2456 urbem
774 2435 794 2458 a
819 2423 949 2466 Cilice,
980 2423 1146 2468 Agenoris
1170 2424 1208 2458 F.
1236 2424 1416 2459 conditam.

186 2465 348 2501 Seleucus
371 2478 468 2509 vero,
493 2473 572 2514 post
594 2468 809 2514 Antigoniam
834 2481 997 2511 eversam,
1034 2469 1266 2514 Athenienses,
1293 2470 1352 2515 qui
1376 2481 1449 2504 eam
1473 2469 1568 2505 inco-

94 2508 249 2553 luerunt,
271 2512 411 2547 relictos
435 2513 483 2547 ibi
506 2515 550 2548 ab
572 2515 768 2560 Antigono,
792 2527 866 2550 cum
888 2515 1063 2550 Demetrio
1087 2515 1177 2558 filio,
1202 2522 1384 2561 praeterea
1407 2515 1510 2550 etiam
1534 2518 1569 2551 et

94 2554 313 2599 Macedonas,
336 2559 497 2604 (quorum
521 2561 664 2594 omnium
688 2573 845 2597 numerus
866 2561 933 2596 fuit
955 2572 1079 2596 1ooccc
1103 2562 1272 2606 virorum)
1296 2561 1333 2596 in
1352 2561 1567 2598 Antiochiam

94 2612 261 2646 magnam,
285 2614 306 2637 a
328 2617 364 2638 se
387 2605 576 2648 conditam,
601 2607 795 2642 transtulit:
852 2608 889 2642 bi
911 2612 1057 2642 statuam
1083 2607 1184 2641 etiam
1210 2618 1346 2642 aeream
1371 2607 1471 2652 plane
1493 2613 1566 2643 stu-

95 2650 239 2692 pendam
263 2647 442 2685 Minervae
465 2652 599 2697 posuit3
635 2657 779 2699 propter
832 2653 1034 2695 thenienses‚
1057 2653 1115 2698 qui
1140 2665 1213 2688 eam
1238 2653 1430 2687 coluerunt.
1478 2654 1566 2688 Cre-

93 2698 204 2728 tenses
229 2693 330 2728 etiam
354 2695 497 2732 deduxit
518 2698 694 2740 Seleucus,
722 2711 808 2744 quos
832 2711 957 2742 arcem,
981 2710 1192 2743 summasque
1216 2699 1308 2733 urbis
1332 2704 1446 2744 partes
1468 2700 1567 2734 habi-

93 2743 169 2772 tare
195 2740 278 2773 fecit
310 2739 385 2774 olim
410 2741 516 2778 Casus
539 2744 658 2778 Inachi
681 2744 788 2779 filius=
829 2750 866 2780 et
888 2757 961 2780 cum
984 2746 1036 2780 his
1060 2744 1207 2788 Cyprios
1239 2745 1339 2779 etiam
1363 2745 1399 2779 in
1423 2746 1563 2783 eandem

94 2784 306 2819 Antiochiam
337 2786 503 2822 traduxit.
549 2790 658 2824 Casus
690 2790 778 2825 enim
808 2803 872 2826 rex
894 2802 1032 2825 uxorem
1063 2789 1182 2824 habuit
1205 2791 1377 2836 Amycen,
1414 2803 1503 2838 quae
1526 2796 1563 2827 et

93 2830 205 2866 Cittia.
228 2835 355 2868 vocata
381 2835 453 2876 est,
477 2833 697 2880 Sasalamini,
722 2837 929 2883 Cypriorum
952 2835 1063 2881 regis,
1089 2835 1211 2872 filiamz
1253 2848 1328 2873 cum
1351 2837 1416 2874 hac
1439 2838 1563 2886 Cyprii
