1838 3230
252 231 318 280 36
645 223 936 272 IOAN'NIS
964 225 1304 273 MALALAE

250 366 322 403 νην
339 361 348 370 ·
383 345 525 403 ἥντινα
556 343 774 399 ἓβάσταζεν
803 346 857 395 εἷς
878 344 986 387 ἰδίαν
1005 342 1205 400 βοήθειαν
1224 344 1328 400 πρὸς
1349 341 1506 394 πάντας
1528 336 1702 401 ἓχθροῧς

250 418 316 459 καὶ
337 417 553 470 πολεμίους
574 417 628 464 εἷς
647 414 694 456 τὸ
713 411 958 456 ὖποτάσσειν
980 415 1045 455 καὶ
1066 414 1254 470 ἀναιρεῖν.
1301 412 1377 468 τὴν
1397 414 1441 455 δὲ
1461 410 1591 469 κάραν
1607 410 1717 457 ἑκά-ῃ

251 489 337 527 λεσε
357 482 542 539 Γοργόνα
565 482 632 524 διὰ,
652 481 698 524 τὸ
720 481 790 531 ὀξὺ
809 486 882 524 τοῦ
902 478 1174 536 βοηθήματος
1191 483 1257 524 καὶ
1279 481 1347 523 διὰ
1363 481 1410 524 τὸ
1431 481 1583 536 ἔνεργές
1599 479 1701 536 πρὸς

251 552 347 602 τοὺς
374 550 650 599 ὖπεναντίους.
719 549 906 592 κάκεῖθεν
927 547 1108 606 περάσας
1126 546 1254 605 ἦλθεν
1275 550 1336 591 ἐπὶ
1355 549 1430 604 τὴν
1451 554 1526 603 τῆς
1543 550 1701 592 Azam-

249 622 344 670 πίας
367 618 528 676 χώραν,
563 616 650 677 ἥτις
685 616 939 671 ἐβασιλεύετο
971 616 1050 661 ὑπὸ
1083 622 1156 660 τοῦ
1186 618 1387 674 Κηφέως,
1425 618 1490 659 καὶ
1521 615 1733 672 εὖρηκώςό

250 690 329 731 ἐκεῖ
353 689 457 744 ἱερὸν
486 688 770 739 Ποσειδῶνος,
808 688 995 741 εἰσῆλθεν
1027 687 1069 728 ἐν
1099 685 1209 743 αὐτῷ
1242 688 1307 727 καὶ
1336 683 1437 728 εἶδεν
1459 686 1500 727 ἓν
1520 689 1578 742 τῷ
1607 685 1700 742 ἱερῷ

121 761 154 796 Ο
176 759 222 797 42
245 756 560 813 παραμένουσαν
592 752 738 811 κόρην,
770 754 875 797 κατὰ
904 752 1039 809 τάγμα
1071 758 1144 796 τοῦ
1177 755 1279 796 ῗδίου
1302 753 1429 808 αὐτῆς
1450 752 1605 809 πατρὸς
1626 756 1700 796 τοῦ

245 825 424 881 Κηφέως
443 823 705 876 ἐκδοθεῖσαν,
734 823 810 877 τὴν
832 822 1045 878 λεγομένην
1058 821 1332 879 Ἀνδρομέδαν
1353 821 1574 878 παρθένον.
1633 822 1700 864 καὶ

244 891 399 948 ταύτην
418 892 649 935 ἀπέσπασεν
671 891 713 934 ἐκ
734 895 806 933 τοῦ
829 892 937 946 ἱεροῦ
951 923 963 942 ,
1002 892 1067 932 καὶ
1089 891 1264 946 φθείρας
1286 889 1415 944 αὐτὴν
1440 887 1496 939 ὥς
1523 888 1698 945 εὐπρεπῆ

134 971 152 983 “
246 961 388 1015 ἔλαβεν
419 963 473 1010 εἷς
498 966 680 1015 γυναῖκα.
751 961 818 1002 καὶ
838 956 1120 1007 καταπλεύσας
1137 955 1385 1014 ἀνεχώρησεν
1406 959 1449 1000 ἐκ
1471 962 1544 1012 τῆς
1561 955 1698 1013 χώρας
1710 963 1754 1000 10

192 1041 225 1075 Ε
250 1030 395 1084 ἐκείνης
410 1042 420 1052 ·
457 1026 671 1084 ἐρχόμενος
697 1028 801 1070 κατὰ
825 1027 898 1082 τὴν
916 1027 1138 1082 Ἀσσυρίων
1154 1024 1294 1081 χώραν
1317 1023 1563 1080 κατήντησεν
1583 1026 1624 1068 ἓν
1645 1029 1698 1082 τῇ

240 1095 359 1157 χώρᾳ
379 1100 453 1152 τῆς
474 1096 737 1145 Λυκαονίας’
779 1097 844 1139 καὶ
866 1093 1025 1151 γνόντες
1047 1094 1200 1144 εὐθέως
1220 1092 1477 1142 ἀντιστάντες
1500 1092 1698 1148 ἐπολέμη-ι

243 1182 322 1208 σαν
352 1165 484 1222 αὐτῷ·
521 1165 586 1206 καὶ
608 1160 865 1220 χρησάμενος
891 1167 941 1220 τῇ
966 1163 1143 1222 βοηθείᾳ
1162 1166 1234 1215 τῆς
1252 1160 1380 1218 κάρας
1399 1165 1474 1220 τῆς
1498 1164 1533 1203 Γ
1531 1159 1700 1217 οργόνης

244 1234 397 1288 ἐνίκησε
425 1232 522 1281 τοὺς
548 1230 786 1280 Λυκάονας.
856 1233 922 1273 καὶ
950 1229 1128 1287 εὖρηκώς
1157 1228 1296 1285 κώμην
1321 1229 1533 1285 λεγομένην
1549 1227 1699 1284 Ἀμάν-

245 1304 349 1357 δραν
377 1302 559 1354 ἐποίησεν
589 1300 716 1355 αὐτὴν
743 1297 883 1352 πόλιν,
922 1300 986 1341 καὶ
1008 1298 1172 1353 ἔστησεν
1194 1297 1324 1357 ἑαυτῷ
1346 1296 1500 1353 στήλην
1518 1296 1594 1348 ἔξω
1614 1301 1696 1340 τῶν
1708 1303 1752 1338 15

244 1373 403 1421 πυλῶν,
432 1365 720 1422 βαστάζουσαν
743 1367 790 1410 τὸ
809 1365 1088 1420 ἄντεικόνισμα
1109 1371 1181 1421 τῆς
1200 1364 1424 1422 Γοργόνος,
1458 1366 1525 1407 καὶ
1542 1367 1695 1411 θυσίαν

243 1436 418 1492 ποιήσας
436 1435 595 1479 ἐκάλεσε
616 1437 689 1491 τὴν
707 1433 833 1490 τύχην
852 1439 925 1490 τῆς
944 1433 1098 1484 πόλεως
1112 1436 1299 1490 Περσίδα
1325 1436 1381 1483 εἷς
1406 1432 1456 1476 τὸ
1482 1433 1587 1476 ἴδιον
1618 1432 1695 1476 αὗ-

121 1517 151 1551 V
177 1516 220 1552 15
244 1510 318 1548 τοῦ
354 1505 483 1558 ὄνομα
497 1517 506 1527 ·
541 1503 631 1559 ἣτις
652 1502 780 1559 στήλη
805 1503 879 1553 ἕως
902 1507 975 1545 τοῦ
995 1501 1198 1558 παρόντος
1211 1503 1377 1545 ἵσταται
1397 1503 1485 1544 ἐκεῖ.
1551 1500 1694 1556 ἥντινα

244 1571 361 1616 πόλιν
383 1571 542 1615 ἐκάλεσε
562 1572 609 1614 τὸ
627 1570 812 1623 Ἰκόνιον,
845 1570 946 1614 διότι
964 1569 1125 1627 πρώτης
1143 1573 1255 1625 νίκης
1275 1568 1406 1612 εἰκόνα
1426 1569 1500 1612 σὺν
1515 1574 1566 1626 τῇ
1584 1572 1623 1611 Γ
1621 1586 1694 1625 ορ-

237 1640 335 1698 γόνῃ
354 1642 436 1682 ἐκεῖ
449 1640 603 1694 ἔλαβεν.
671 1638 843 1689 ὑπέταξε
866 1640 909 1681 δὲ
933 1641 998 1681 καὶ
1019 1639 1093 1688 τὰς
1116 1638 1242 1687 ἄλλοις
1260 1636 1400 1695 χώρας
1419 1637 1591 1692 μηδενὸς
1619 1637 1690 1679 ἀν-
1702 1641 1749 1676 20

241 1710 508 1763 θισταμένου.
580 1705 794 1763 ἐρχόμενος
822 1708 865 1749 δὲ
895 1708 956 1748 ἐπὶ
977 1707 1051 1761 τὴν
1067 1707 1270 1762 Ἰσαυρίαν
1293 1708 1358 1749 καὶ
1378 1707 1589 1758 Κιλικίαν,
1625 1706 1693 1748 καὶ

241 1775 494 1825 ἇντιστάσεις
527 1776 654 1819 αὐτοῦ
687 1776 886 1829 πολεμίων
919 1773 1213 1827 ὑπομένοντος,
1251 1775 1534 1830 ἐχρηματίσθη
1560 1777 1692 1816 ταῦτα

240 1844 303 1887 ὅτι
331 1845 429 1889 Ἀπὸ
463 1849 537 1887 τοῦ
565 1845 668 1886 ’ἰδίου
695 1845 822 1886 ἵππου
855 1843 1015 1897 ἀποβὰς
1038 1842 1108 1885 τὸν
1129 1843 1201 1885 σὸν
1221 1843 1374 1899 ταρσὸν
1395 1845 1469 1884 τοῦ
1491 1841 1617 1891 ποδὸς
1636 1843 1692 1891 εἷς

328 1941 384 1975 11.
419 1937 632 1985 ἐρχόμενος]
667 1939 729 1975 καὶ
761 1938 858 1973 addit
891 1938 1019 1973 Chron.
1114 1940 1169 1975 13.
1205 1936 1338 1984 κόρης]
1370 1935 1484 1981 τιάρας
1516 1937 1582 1970 Ch.
1614 1947 1689 1971 curn

327 1986 454 2020 Chron.
547 1987 601 2022 19.
637 1985 706 2030 πρὸ
733 1986 798 2030 τῆς
820 1985 923 2030 νίκης
946 1982 1071 2020 εἰκόνα
1092 1984 1159 2030 τὴν
1182 1986 1246 2031 τῆς
1270 1983 1458 2029 Γοργόνης
1481 1982 1606 2018 Chron.

237 2066 371 2106 fuerat,
406 2063 621 2098 caeremoniis
643 2063 884 2108 praeparavit3
918 2063 1048 2108 sibique
1069 2064 1106 2098 in
1129 2063 1288 2098 auxilium
1310 2061 1448 2104 habuit,
1474 2061 1518 2096 ad
1539 2060 1688 2102 inimicos

234 2111 416 2154 hostesque
455 2121 566 2144 omnes
605 2109 829 2143 devincendos
861 2109 1104 2154 tollendosque.
1165 2109 1280 2154 Caput
1311 2113 1423 2142 autem
1454 2108 1519 2141 hoc
1551 2109 1689 2152 Gorgo·-

235 2168 310 2190 nem
354 2154 561 2200 appellavit3
604 2155 648 2187 ob
681 2154 866 2188 auxiliandi
901 2155 1110 2189 celeritatem
1143 2160 1180 2190 et
1210 2154 1410 2198 singularem
1439 2165 1538 2198 quam
1567 2153 1688 2187 habuit

235 2205 355 2235 contra
379 2199 590 2235 adversarios
612 2199 811 2233 efficaciam.

325 2246 422 2280 illinc
445 2248 555 2280 autem
579 2244 750 2279 discedens
773 2244 809 2277 in
825 2243 1041 2289 Aethiopiam
1072 2243 1188 2286 venit,
1226 2255 1316 2289 quae
1337 2246 1410 2278 tum
1431 2242 1594 2289 temporis
1617 2242 1707 2277 (ie-⁸

233 2292 322 2338 pheo
375 2292 514 2331 arebatz
548 2291 607 2324 ubi
629 2294 800 2336 repertum
823 2290 980 2334 Neptuni
1002 2291 1160 2336 templum
1182 2290 1349 2334 ingressus
1373 2290 1539 2334 virginem
1560 2288 1608 2323 ibi
1633 2288 1685 2322 vi-

233 2338 308 2379 dit,
372 2337 474 2382 ephei
495 2335 601 2382 patris
621 2336 715 2379 jussu
739 2335 944 2380 expositam,
975 2337 1107 2370 nomine
1139 2335 1392 2370 Andromedam.
1439 2335 1538 2368 Hanc
1560 2346 1580 2368 e
1602 2335 1682 2368 fano

233 2382 403 2424 extraxit3
439 2384 494 2425 et,
526 2380 619 2426 quod
651 2386 793 2415 venusta
824 2385 928 2422 esset,
962 2381 1213 2425 devirginavit,
1248 2386 1284 2415 et
1314 2380 1348 2414 in
1377 2391 1514 2414 uxorem
1537 2378 1682 2424 accepit.

232 2428 318 2462 Inde
341 2440 424 2463 vero
447 2428 598 2469 solvens,
631 2429 666 2460 et
687 2426 854 2470 Assyriam
877 2437 992 2460 versus
1015 2427 1083 2460 iter
1106 2426 1254 2468 faciens,
1288 2426 1324 2460 in
1348 2425 1555 2470 Lycaoniam
1579 2424 1683 2458 deve-

232 2474 293 2507 nit.
340 2474 418 2508 Hoc
451 2477 562 2508 autem
596 2472 810 2517 Lycaonibus
845 2471 1005 2515 cognito,
1042 2471 1139 2505 armis
1165 2483 1238 2505 eum
1261 2471 1428 2516 repellere
1450 2469 1564 2504 conati
1584 2473 1680 2504 suntz

233 2531 317 2564 quos
338 2526 449 2554 tamen
471 2518 636 2553 beneficio
661 2516 782 2563 capitis
805 2516 973 2560 Gorgonii
1002 2516 1214 2562 profligavit:
1253 2521 1456 2561 repertoque
1488 2515 1589 2557 vico,
1626 2514 1682 2549 cui

231 2566 401 2599 Amandra
424 2575 543 2599 nomen
566 2566 665 2604 erat,
689 2574 731 2597 ex
755 2574 795 2596 eo
814 2562 985 2596 civitatem
1009 2562 1179 2602 condidit3
1205 2566 1239 2594 et
1262 2566 1379 2596 erecta
1401 2561 1465 2595 sibi
1487 2572 1548 2605 pro
1573 2560 1681 2606 portis

232 2614 365 2651 statua,
398 2609 571 2654 Gorgonis
594 2608 743 2653 effigiem
765 2608 919 2649 ferente,
954 2607 1124 2651 sacrisque
1147 2606 1313 2651 peractis,
1346 2606 1450 2640 Urbis
1482 2606 1680 2646 Fortunam,

228 2656 329 2698 juxta
351 2667 469 2690 nomen
493 2666 608 2696 suum,
640 2653 811 2688 Persidem
842 2651 998 2687 vocavit:
1033 2657 1145 2686 statua
1166 2662 1248 2686 vero
1273 2653 1357 2686 haec
1382 2652 1484 2686 etiam
1507 2651 1609 2686 hodie
1630 2651 1680 2686 ibi

232 2704 418 2744 spectatur.
463 2701 591 2735 Urbem
614 2700 701 2734 hanc
721 2698 868 2732 Iconium
891 2697 1094 2743 appellavit:
1125 2697 1174 2731 ibi
1201 2697 1286 2730 enim
1310 2702 1468 2741 posuerat
1489 2697 1612 2739 Icona,
1644 2696 1679 2730 in

231 2746 361 2788 signum
384 2745 510 2790 primae
531 2745 718 2786 victoriae,
742 2743 912 2788 Gorgonis
933 2754 1020 2788 ope,
1044 2754 1065 2777 a
1088 2754 1124 2776 se
1146 2748 1278 2788 partae.
1326 2743 1396 2776 Sed
1420 2747 1455 2777 et
1478 2742 1560 2776 alias
1578 2741 1679 2777 etiam

231 2790 388 2833 regiones
415 2791 568 2835 subegit,
604 2790 734 2824 nemine
755 2792 975 2835 repugnante.
1021 2788 1174 2841 Dumque
1196 2798 1260 2832 per
1278 2787 1438 2822 Isauriam
1462 2791 1498 2821 et
1526 2788 1678 2822 Ciliciam

230 2834 297 2868 iter
319 2840 492 2878 moveret,
516 2836 727 2880 hostiumque
749 2835 890 2880 impetus
913 2834 1022 2868 varios
1044 2838 1243 2874 sustlneret,
1268 2833 1415 2867 dabatur
1437 2834 1470 2867 ei
1495 2833 1677 2868 Oraculum

232 2880 316 2915 hoc:
365 2881 429 2916 Ubi
460 2892 500 2917 ex
535 2893 618 2927 equo
651 2881 872 2924 descendens,
916 2881 1110 2915 calcaneum
1144 2879 1242 2924 pedis
1276 2879 1314 2912 ἰπ
1346 2884 1476 2914 terram
1506 2878 1676 2923 defixeris,
