1838 3230
572 176 1038 223 ANNOTATIONES.
1430 181 1529 230 577

91 293 168 335 lem
205 293 337 334 vertit.
402 290 570 332 Palladii
585 284 707 332 vei-ba
730 290 828 332 haec
843 298 954 344 sunt,
985 306 1019 334 c.
1046 292 1096 332 de
1113 292 1348 333 Nathanaele
1370 293 1530 333 abbate.

93 350 359 404 Παραγίνεται
375 347 397 391 ὅ
413 349 567 415 δαίμων
583 347 628 389 ἕν
645 347 756 388 νυκτὶ
766 375 777 396 ,
806 348 976 402 ταυρέαν
993 348 1166 416 κατέχων
1192 363 1321 402 ωσπερ
1339 350 1381 390 οἰ
1397 351 1530 403 δῆμοι,

92 409 223 460 σχῆμα
249 405 346 459 ἔχων
370 417 603 458 στρατιωτου
627 404 963 457 ρακοδυτοῦντος,
1001 401 1168 458 ψόφους
1198 403 1454 460 ἐργαζόμενος
1480 409 1532 462 τῇ

89 461 247 518 scrupea.
317 462 407 510 Quo
437 461 478 500 iu
506 461 596 500 loco
623 461 768 513 ταυρέα
792 461 995 499 manifeste
1017 461 1183 528 ponitur
1205 476 1278 514 pro
1311 463 1530 515 Tympano,

89 519 150 556 uti
179 523 344 570 apparet
368 530 419 556 ex
445 517 550 566 istis,
589 518 718 569 σχῆμα
748 516 846 567 ἔχων
872 530 1128 567 στρατιωτουε
1155 518 1252 569 quid
1287 518 1386 556 enim
1415 519 1529 557 Militi

91 586 183 612 oum
214 573 376 613 sentinis
416 578 456 612 et
486 571 671 624 flagellis,
721 572 892 611 Lictoris
924 574 1067 612 armis?
1110 575 1174 612 cui
1211 574 1412 638 Tympano
1444 588 1528 624 suo,

87 629 320 682 praesertim
347 636 538 668 terrorem
563 628 682 668 alicui
710 628 916 667 incussuro
941 628 1041 667 nihil
1076 630 1383 670 convenientius.
1416 630 1533 670 Aeris

90 692 220 725 autem
253 684 457 749 purgandi·
475 684 662 723 virtutem
690 685 855 736 pulsatis
882 685 1114 737 Tympanis,
1145 686 1370 738 Campanis,
1400 692 1440 725 et
1455 685 1530 725 hu.-

84 741 257 795 jusmodi
273 741 426 779 sonoris
444 736 586 789 inesse,
600 740 680 792 jam
704 741 795 778 olim
813 741 980 779 invaluit
999 742 1144 793 opinio.
1181 742 1307 794 Hujus
1325 742 1384 781 rei
1401 738 1533 780 exem-J

86 799 196 850 plum
217 796 428 846 habemus,
469 797 575 848 apud
602 796 860 835 Menandrum
887 797 1108 836 Protector.
1135 799 1322 849 Excerpt.
1341 799 1390 837 de
1408 800 1530 849 Lega-

86 853 227 893 tionib.
253 853 304 892 de
334 853 474 891 Turcis
505 851 784 901 Zemarchum,
821 852 962 891 justini
986 853 1146 891 minoris
1178 855 1382 903 Legatum,
1422 854 1548 893 exci-'

85 909 304 962 pientibus,
333 909 454 948 verba
475 908 705 947 habentem:
734 908 843 946 haud
859 909 1023 948 multum
1050 909 1130 948 huc
1156 910 1391 948 facientibus
1415 924 1528 963 prae-

84 965 238 1015 missis,
268 964 410 1004 deinde
433 964 564 1004 addit.
594 968 945 1018 Επιπαταγοῦντες
965 963 1008 1005 δὲ
1032 963 1191 1006 midam!
1218 981 1314 1015 τινι,
1343 965 1410 1006 καὶ
1437 982 1530 1034 τυμ-

85 1037 205 1077 πανω
224 1019 404 1073 υπέρθεν
418 1023 491 1061 τοῦ
516 1016 695 1074 Φόρτου,
722 1020 957 1088 περιέφερον
976 1018 1021 1062 vo*
1049 1023 1250 1072 φυλλῶδες
1274 1024 1348 1062 τοῦ
1362 1019 1529 1073 λιβάνου

85 1079 137 1133 τῇ
156 1062 286 1144 φλογὶ
310 1072 580 1129 λακιζόμενον·
619 1076 688 1117 καὶ
717 1093 798 1129 αμα
825 1073 1024 1143 γινόμενοι
1048 1074 1293 1146 μανιωδεις,
1307 1077 1375 1118 καὶ
1390 1078 1530 1150 ἐμβρι-

86 1130 291 1187 μούμενοι,
311 1148 361 1173 τα
378 1148 536 1184 πονηρα
558 1128 795 1173 ἆπελαυνειν
813 1129 992 1174 ἐδόκουν.
1047 1130 1150 1174 ου’τω
1171 1131 1245 1186 γάρ
1266 1130 1530 1186 ἄποτροπαιοί

84 1204 189 1238 τινες
212 1185 336 1237 εἶναι,
373 1204 441 1228 και
465 1186 689 1237 ἀλεξίκακοι
714 1185 888 1230 ἐδόκουν.
953 1188 1054 1228 Vide
1085 1190 1202 1228 etiam
1226 1190 1530 1242 Pomporiatium

86 1245 136 1284 de
156 1245 348 1284 Incantat.
380 1257 466 1296 cap.
498 1248 563 1286 12.
592 1244 753 1284 Hieron.
780 1245 951 1295 Magium
972 1245 1252 1285 Miscellaneor.
1280 1246 1352 1286 lib.
1372 1246 1414 1287 4.
1442 1259 1525 1298 cap

86 1300 156 1344 14.
177 1307 216 1341 et
235 1299 368 1351 Angel.
390 1298 590 1338 Roccham
610 1300 658 1338 de
677 1300 897 1370 Campanis.

199 1358 423 1409 Pag.272.
453 1359 519 1398 19
567 1353 633 1395 δια
660 1358 731 1407 τῆς
766 1356 931 1407 χρυσέας
964 1359 1037 1408 τῆς
1069 1354 1299 1410 λεγομένης]
1338 1356 1526 1406 Subaudi,

81 1409 251 1466 πόρταςς
277 1413 335 1450 uti
354 1410 458 1450 infra
474 1410 614 1460 habet,
642 1410 685 1448 in
710 1410 932 1450 Theodosio
948 1412 1038 1452 Jun.
1068 1412 1369 1452 Prochronismo
1397 1420 1526 1451 autem

81 1467 150 1507 hic
173 1470 301 1508 utitur
322 1468 474 1506 Auctor
488 1473 642 1515 noster,
672 1467 829 1505 Portam
847 1467 949 1506 hanc
967 1468 1122 1507 nomine
1141 1469 1247 1519 quod
1264 1470 1438 1508 nondum
1455 1468 1525 1507 ha-

81 1523 172 1563 buit
191 1524 414 1576 appellans:
444 1538 466 1562 a
491 1522 715 1561 Theodosio
738 1524 838 1561 enim
858 1523 1084 1575 praedicto,
1115 1538 1211 1562 auro
1225 1526 1381 1564 tandem
1404 1524 1528 1563 obdu-

83 1587 144 1619 cta
163 1579 284 1620 Porta
309 1593 420 1618 aerea
451 1578 712 1632 Daphnetica,
742 1579 872 1617 Aurea
900 1579 1083 1630 deinceps
1113 1579 1218 1617 dicta
1241 1580 1336 1618 fuit·
1372 1581 1431 1619 uti
1454 1594 1526 1619 nos

84 1637 202 1675 docet
218 1641 357 1674 auctor
376 1641 510 1674 noster
529 1635 569 1673 in
581 1634 802 1673 Theodosio
817 1635 911 1673 Min.
941 1634 1003 1672 his
1022 1634 1163 1674 verbis.
1192 1637 1224 1675 Ο
1244 1633 1287 1675 δὲ
1301 1631 1413 1683 αυτὸς
1432 1638 1526 1676 Θεο-

85 1687 220 1740 δοσιος
237 1687 433 1761 ἕχρύσωσε
447 1693 706 1742 Δαφνητικῆς
721 1686 864 1742 πόρτας
884 1687 958 1731 δύο
981 1686 1116 1743 θύρας
1141 1705 1211 1738 τας
1233 1694 1397 1758 χαλκᾶς,
1432 1687 1527 1732 καθ’

86 1743 299 1800 ὁμοιότητα
314 1741 367 1799 ἦς
389 1743 582 1800 ἔχρύσωσε
598 1743 740 1798 πόρτας
758 1746 802 1786 ἐν
821 1743 1258 1797 Κωνσταντινουπόλει,
1283 1743 1372 1799 ἥτις
1396 1751 1525 1789 καλεῖ-

84 1819 149 1845 ται
170 1803 243 1851 ἕως
263 1818 374 1856 αρτι,
401 1818 429 1855 η
454 1801 615 1869 Χρυσέα
626 1799 759 1855 πόρτα.

199 1862 292 1912 Pag.
323 1861 415 1901 273.
449 1862 490 1901 6.
541 1855 734 1910 ἐμήνυσεν
764 1853 886 1898 αυτόν
914 1857 1076 1910 ταῦτα.]
1115 1855 1214 1896 Eum
1242 1873 1311 1910 per·
1330 1855 1462 1897 literas
1477 1855 1525 1896 ἆε

85 1915 147 1955 his
162 1915 331 1965 monuit;
358 1914 445 1963 vel,
475 1912 606 1953 literas
634 1913 705 1952 has
729 1914 764 1952 ei
794 1914 923 1953 misit.-
962 1927 1039 1965 quo
1076 1927 1195 1952 sensu
1240 1929 1380 1980 μηνυω
1415 1914 1525 1982 apud.

85 1977 263 2010 nostrum
281 1971 507 2021 frequenter
532 1976 760 2040 usurpatur.
824 1969 980 2008 Mallem
1003 1976 1152 2018 tamen,
1182 1965 1377 2022 ἐμήνυσεν
1402 1967 1522 2024 αὐτῷ.

198 2026 598 2081 Pag.273.15.193
615 2022 788 2079 ὑμετέρῳ
806 2022 939 2077 κράτει
962 2027 1240 2078 τροπαιουχοι]
1272 2026 1375 2065 forte
1394 2026 1522 2076 legen-

85 2083 202 2133 dum,
241 2079 510 2138 τροπαιούχῳ,
550 2089 597 2120 ut
622 2083 815 2120 reseratur
840 2081 890 2119 ad
915 2079 1071 2135 κράτει.-
1099 2082 1192 2120 licet
1212 2082 1412 2134 Principes
1434 2081 1525 2133 plu-

84 2139 160 2179 rali
173 2152 336 2179 numero
354 2124 665 2190 frequentissime
683 2138 957 2204 compellatus,
986 2138 1052 2177 vel
1068 2138 1180 2190 pueri
1198 2145 1357 2179 norunt.

197 2197 292 2247 Pflg·
321 2197 416 2238 274.
445 2194 484 2236 4.
530 2210 626 2247 μετα
656 2198 728 2234 τοῦ
757 2190 942 2246 πλήθους
970 2190 1115 2245 αυτοῦ]
1145 2198 1322 2246 πλῆθος,
1352 2206 1425 2244 pro
1454 2206 1523 2231 ex-

86 2250 232 2299 ercitu,
261 2263 382 2319 supra
409 2250 640 2300 habuimus,
669 2251 711 2288 in
739 2250 904 2301 August.
934 2249 1032 2302 Imp.
1071 2250 1139 2291 καὶ
1163 2264 1310 2291 κατιων
1326 2264 1422 2301 μετα
1449 2251 1524 2289 τοῦ

86 2303 269 2358 πλήθους
297 2302 444 2358 αὐτοῦ’,
474 2306 640 2356 ὑπέταξε
656 2322 726 2355 τας
745 2305 861 2354 α’λλας
875 2303 1017 2359 χώρας.

195 2360 421 2429 Pag·275·
454 2366 490 2405 1.
531 2364 587 2410 εἰς
619 2379 689 2404 τον
726 2358 931 2415 Δάνουβιν
968 2359 1168 2413 ποταμόν]
1207 2355 1412 2410 Δάνουβιν
1446 2372 1522 2410 pro

86 2414 328 2469 Λανούβιον.
385 2419 620 2470 Eutropius,
658 2418 728 2458 lib.
759 2422 796 2459 8.
833 2419 875 2455 in
903 2419 1090 2469 Tlajano:
1126 2416 1296 2454 Daciam
1325 2412 1522 2453 Decebalo

84 2473 186 2513 vicio
206 2472 372 2525 subegit,
399 2475 602 2526 provincia
621 2485 729 2512 trans
745 2471 969 2511 Danubium
979 2472 1127 2528 facia,
1157 2473 1198 2509 in
1220 2470 1279 2508 his
1301 2471 1409 2521 agris
1423 2483 1521 2523 quos

85 2542 201 2567 nunc
220 2527 407 2582 ΤαίρῘιαΖί
433 2538 578 2578 tenent,
607 2539 643 2567 et
667 2527 917 2582 Vicioplzali,
946 2540 980 2567 et
1019 2527 1222 2579 Theruingi
1250 2524 1405 2563 habent.
1460 2523 1522 2563 Ea

83 2583 286 2636 provincia
316 2583 438 2624 decies
466 2595 623 2624 centena
652 2582 780 2623 millia
803 2599 987 2637 passuum
1019 2585 1059 2621 in
1087 2583 1251 2622 circuitu
1280 2581 1410 2620 tenuit.

196 2636 292 2690 1³⁰3·
322 2641 418 2683 275.
448 2642 488 2684 6.
526 2641 637 2689 ἔτους
663 2642 960 2693 χρηματίζοντος
988 2635 1077 2693 ρξδ’.
1085 2638 1099 2689 ]
1137 2639 1410 2676 'terraemotus
1448 2635 1522 2675 iste

88 2692 362 2734 Antiochensis
398 2697 561 2748 contigit
587 2697 745 2750 Trajani
773 2697 868 2749 Imp.
902 2710 1001 2734 anno
1029 2707 1145 2733 xvm.
1183 2706 1323 2744 nempe
1363 2692 1416 2730 ad
1449 2705 1522 2730 nu-

89 2763 239 2788 merum
267 2751 526 2792 Eusebianum
555 2767 732 2793 maxxxx.
761 2760 809 2792 ut
837 2757 996 2805 apparet
1025 2764 1074 2790 ex
1102 2751 1249 2820 Dione,
1291 2747 1341 2787 de
1368 2747 1424 2786 eis
1453 2748 1524 2799 qui

89 2805 165 2845 hac
207 2806 317 2846 clade
355 2808 559 2860 perierunt
592 2810 827 2851 mentionem
865 2808 1054 2857 faciente,
1098 2800 1156 2847 αἷν
1192 2801 1250 2852 εἷς
1274 2803 1299 2845 ὅ
1328 2802 1470 2845 Πέδων
1497 2802 1522 2843 ὅ

146 2868 288 2902 Ioannes
325 2868 489 2904 Malalaa.
1200 2864 1253 2903 37
