1838 3230
470 148 1081 211 CHRONOG-RAPHIA.
1139 166 1186 208 L.
1217 166 1270 209 x.
1499 173 1608 219 '261

52 288 54 290 ’
109 316 114 319 -
137 288 225 348 χείςι
245 291 296 345 τῇ
315 285 472 346 μεγάλῃ
488 286 542 330 τὰ
560 284 754 343 λεγόμενα
769 286 986 342 Χερουβὶμ
1006 286 1086 344 πρὸ
1105 290 1179 342 τῆς
1197 284 1328 342 πύλης
1347 291 1421 342 τῆς
1442 285 1610 338 πόλεως.

136 358 220 400 ἐκεῖ
229 357 308 414 γὰρ
329 356 447 412 ἔπηξε
464 356 515 408 τὰ
527 357 742 413 Χερουβὶμ
761 354 815 398 τὰ
832 360 966 411 χαλκᾶ
987 355 1014 398 ἃ
1034 350 1122 412 εὗρε
1145 357 1269 406 Τίτος
1289 354 1309 399 ὃ
1327 356 1456 398 αὐτοῦ
1468 355 1557 406 υἱὸς
1569 359 1609 399 ἓν
1630 364 1663 397 Ε

137 430 196 484 τῷ
217 429 304 484 ναῷ
323 429 597 480 Σολομῶντος
614 424 859 479 πεπηγμένα,
884 426 950 467 καὶ
970 423 1036 467 ὅτε
1057 424 1128 467 τὸν
1147 424 1246 467 ναὸν
1263 424 1471 480 ἔστρεψεν,
1493 425 1610 482 ἀφεί-

137 498 237 538 λατο
259 493 367 538 αὐτὰ
387 495 540 536 ἐκεῖθεν
560 495 626 535 καὶ
646 493 687 535 ἐν
705 493 924 553 Ἀντιοχείᾳ1
947 493 1054 536 αὐτοὶ
1068 493 1205 550 ἤνεγκε
1219 493 1293 536 σὺν
1306 500 1394 543 τοῖς
1403 495 1609 551 Σεραφιζιι,

102 571 125 606 5
138 560 404 619 θριαμβεύων
426 562 502 618 τὴν
515 561 620 605 κατὰ
638 561 848 604 Ἰουδαίων
860 562 1074 617 γενομένην
1086 564 1200 617 νίκην
1221 563 1284 604 ἐπὶ
1298 566 1372 617 τῆς
1390 562 1517 617 αὐτοῦ
1528 567 1612 617 βα-

133 633 300 684 σιλείας,
322 629 494 687 [στήσας
511 630 596 674 ἅνω
610 628 763 686 στήλην
772 633 945 686 χαλκῆν]
972 630 1027 681 εἷς
1042 630 1163 686 τιμὴν
1176 635 1226 688 τῇ
1239 629 1387 688 σελήνῃ
1396 631 1500 685 μετά
1513 648 1605 674 τεσ-
1630 644 1662 678 Ο
1686 645 1756 680 338

132 698 274 758 σάρων
289 697 452 756 ταύρων
470 697 754 755 προσεχόντων
765 701 827 741 ε’πὶ
839 700 913 754 τὴν
925 697 1190 756 Ἰερουσαλήμ
1205 714 1214 723 ·
1236 699 1380 749 νυκτὸς
1391 700 1469 756 γὰρ
1482 700 1583 755 αὐτὴ
1593 719 1610 741 ν

133 768 339 824 παρέλαβε
352 767 595 823 λαμπούσης
609 773 682 823 τῆς
692 766 872 823 σελήνης.
910 768 1036 811 ἔκτισε
1049 770 1170 811 δὲκαὶ
1183 768 1230 811 τὸ
1242 769 1423 824 θέατρον
1431 767 1609 825 Δάφνης
1634 780 1664 813 V
1691 782 1753 814 111

131 835 363 894 ἐπιγράψας
381 839 423 880 ἓν
445 837 574 895 αὐτῷ,
602 837 671 888 Ἐξ
689 838 843 893 πραίδα
858 836 1051 880 Ἰουδαία.
1096 833 1145 891 ἦν
1165 838 1210 879 δὲ
1232 835 1374 894 πριιῦην
1394 835 1414 879 ὃ
1437 843 1511 880 τοῦ
1532 838 1609 880 αὖ-

76 911 205 950 1οτοῧ
226 904 410 963 θεάτρου
430 904 556 956 τόπος
578 906 791 962 συναγωγὴ
814 910 895 948 τῶν
914 907 1126 948 Ἰουδαίων
1140 919 1149 928 ·
1186 907 1252 948 καὶ
1271 906 1374 962 πρὸς
1391 906 1511 962 ὕβριν
1532 907 1609 949 αὐ..

130 979 214 1018 τῶν
233 975 308 1031 τὴν
331 975 567 1031 συναγωγὴν
588 975 723 1017 αὐτῶν
746 972 875 1023 λύσας
905 976 1067 1030 ἐποίησε
1089 974 1292 1027 θεάτρον,
1331 973 1486 1029 στήσας
1509 973 1607 1017 ἑαυ-

129 1049 188 1103 τῷ
211 1043 377 1099 ἄγαλμα
394 1042 655 1099 μαρμάρινον
675 1045 772 1095 ἐκεῖ,
809 1042 906 1100 ὅπερ
930 1043 1005 1093 ἕως
1023 1048 1096 1098 τῆς
1115 1047 1187 1085 νῦν
1203 1045 1383 1086 ἵσταται.
1657 1008 1669 1068 l

220 1112 379 1155 ’Έκτισε
408 1113 454 1154 δὲ
486 1114 552 1154 καὶ
581 1113 623 1154 ἐν
647 1113 878 1170 Καισαρείᾳ
911 1116 985 1167 τῆς
1008 1112 1292 1166 Παλαιστίνης
1314 1113 1358 1154 ἐκ
1378 1116 1452 1166 τῆς
1477 1111 1606 1166 αὐτῆς

126 1180 351 1236 Ἰουδαϊκῆς
386 1182 565 1238 πραίδας
602 1179 622 1223 ὃ
665 1180 792 1230 αὐτὸς
824 1179 1136 1229 Οὐεσπασιανὸς
1169 1179 1313 1239 ᾠδεῖον
1344 1180 1449 1236 μέγα
1481 1179 1603 1233 πάνυ,

75 1260 118 1293 15
130 1248 312 1307 θεάτρου
350 1249 442 1304 ἕχον
478 1247 687 1304 διάστημα
733 1249 838 1304 μέγα
847 1282 861 1302 ,
916 1248 1036 1299 ὄντος
1082 1250 1150 1291 καὶ
1191 1249 1320 1292 αὐτοῦ
1359 1253 1434 1291 τοῦ
1474 1247 1603 1291 τόπου

127 1317 271 1379 πρῴην
293 1322 529 1374 συναγωγῆς
546 1323 629 1361 τῶν
645 1318 869 1361 Ἰουδαίων,

221 1387 409 1443 Ἐποίησε
431 1387 474 1429 δὲ
491 1388 558 1429 καὶ
579 1388 776 1444 ἐπαρχίαν
786 1387 1052 1430 Μακεδονίαν
1071 1385 1279 1444 δευτέραν,
1299 1384 1382 1429 ἀπὸ
1404 1390 1476 1441 τῆς
1489 1383 1604 1443 πρώ-
1628 1395 1657 1428 Β

123 1474 199 1513 της
221 1455 350 1511 αὐτὴν
370 1456 636 1512 ἅπομερίσας.

221 1525 312 1567 Ἐπὶ
334 1525 379 1567 δὲ
397 1528 472 1579 τῆς
496 1524 624 1566 αὐτοῦ
645 1525 856 1578 βασιλείας
877 1523 1032 1567 ἔπαθεν
1054 1523 1134 1567 ὖπὸ
1154 1523 1380 1578 θεομηνίας
1398 1521 1422 1577 ἡ
1447 1520 1602 1577 Κόριν-

70 1597 220 1647 Ξοθος,
238 1591 491 1650 μητρόπολις
503 1597 577 1648 τῆς
591 1591 800 1646 Ἑλλάδος,
821 1595 918 1648 μηνὶ
937 1594 1075 1651 ιὀυνίῳ
1094 1598 1151 1651 τῷ
1167 1594 1234 1634 καὶ
1249 1593 1395 1648 δαισίῳ
1409 1589 1460 1643 κ’,
1480 1590 1600 1632 ἑσπέ-

127 1679 204 1717 ρας
230 1663 421 1716 βαθείας.
493 1663 560 1704 καὶ
589 1663 807 1717 ἐχαρίσατο
838 1669 925 1711 τοῖς
956 1659 1100 1716 ζήσασι
1131 1662 1198 1704 καὶ
1229 1664 1281 1716 τῇ
1312 1659 1425 1701 πόλει
1453 1659 1597 1701 πολλά.

126 1730 255 1776 ἔκτισε
282 1731 328 1773 δὲ
359 1731 426 1773 καὶ
457 1732 515 1780 εἰς
539 1731 777 1773 Παννονίαν
805 1732 873 1773 καὶ
903 1732 959 1779 εἷς
983 1730 1275 1785 Κομμαγενίαν
1302 1727 1378 1777 τὰς
1406 1728 1600 1784 ἐπαρχίας
1639 1769 1641 1771 ,

217 1864 253 1898 6.
276 1861 341 1918 ἐἰς
361 1861 474 1907 τιμὴν
495 1863 541 1910 τῇ
563 1860 715 1909 σελήνῃ]
750 1861 1019 1907 „Supplendum
1051 1874 1093 1897 ex
1126 1861 1210 1897 Chr.
1240 1861 1336 1895 Alex.
1361 1858 1496 1904 στήσας
1520 1855 1599 1895 ἅνω

218 1911 353 1961 στηλῃν
375 1911 529 1955 χαλκῆν,
553 1911 606 1951 εἰς
628 1909 738 1954 τιμήν
760 1907 825 1952 τῆς
847 1906 1034 1953 σελήνης.“
1060 1908 1125 1942 Ch.
1172 1907 1214 1941 V.
1240 1907 1368 1941 chron.
1392 1918 1426 1952 p.
1452 1907 1531 1943 247.
1555 1906 1596 1940 C.

217 1955 274 1991 15.
297 1954 464 2002 ἔχοντος]
490 1956 633 1999 „Forte
655 1967 721 1990 scr.
748 1952 868 2001 ἕχον.“
894 1954 957 1988 Ch.
1052 1956 1111 1990 20.
1134 1954 1253 1999 Δεσίῳ
1278 1954 1348 1987 Ox.

124 2069 288 2105 fabricam
311 2070 425 2113 illam,
456 2081 544 2116 quae
570 2071 752 2104 Cherubim
774 2070 988 2115 appellatur,
1014 2069 1133 2104 erexit.
1181 2069 1234 2103 Ibi
1256 2068 1344 2103 enim
1368 2067 1480 2113 posuit
1504 2067 1595 2101 Che-

123 2117 262 2152 rubinos
284 2116 359 2151 illos
383 2128 523 2157 aereos,
555 2128 639 2161 quos
662 2128 730 2150 una
754 2128 829 2150 cum
851 2115 1071 2160 Seraphinis,
1097 2126 1216 2150 everso
1239 2114 1428 2149 Salomonis
1452 2114 1593 2158 templo,

122 2163 225 2198 Titus
255 2162 343 2197 filius
365 2163 446 2197 inde
469 2167 638 2196 avexerat
668 2168 705 2196 et
728 2162 771 2196 ad
796 2161 1032 2203 Antiochiam,
1074 2161 1118 2195 de
1144 2160 1284 2194 judaeis
1308 2159 1452 2194 devictis
1475 2158 1594 2192 trium-

122 2209 226 2255 phum
247 2209 298 2244 ibi
322 2209 451 2243 acturis
472 2209 739 2253 deportaverat:
765 2207 822 2242 sed
848 2214 884 2242 et
907 2207 1091 2242 columnam
1116 2206 1217 2241 etiam
1242 2218 1375 2240 aeream
1393 2205 1510 2238 Lunae
1531 2216 1593 2248 po-

123 2254 208 2296 suit,
248 2266 322 2289 cum
345 2255 473 2289 Tauris
504 2259 652 2299 quatuor
675 2254 943 2299 Hierosolymam
978 2253 1255 2299 respicientibus:
1294 2264 1334 2286 eo
1359 2250 1451 2295 quod
1475 2250 1592 2283 urbem

121 2300 315 2336 internoctu
339 2301 495 2347 cepisset,
518 2300 616 2334 Luna
638 2299 866 2334 illucescente.
898 2299 1059 2346 Daphnes
1082 2300 1187 2333 etiam
1210 2299 1401 2332 Theatrum
1425 2295 1591 2336 condidit,

123 2357 197 2380 cum
220 2347 285 2381 hac
307 2346 549 2392 inscriptione:
574 2347 628 2380 Ex
646 2347 785 2391 praeda
802 2347 950 2380 audaea.
997 2346 1075 2387 Quo
1099 2356 1182 2379 vcro
1200 2344 1274 2378 loco
1299 2343 1488 2376 Theatrum
1507 2351 1589 2373 con-

123 2390 233 2434 didit,
270 2391 350 2427 olim
378 2391 474 2426 stetit
497 2393 689 2437 Synagoga
717 2391 944 2432 Judaeorum3
981 2403 1050 2437 qua
1074 2402 1214 2431 eversa,
1250 2389 1441 2423 Theatrum
1464 2385 1590 2420 ibidem

124 2446 186 2483 per
209 2438 442 2473 contumeliam
466 2439 651 2478 excitavit3
676 2442 790 2472 statua
811 2437 912 2472 etiam
935 2448 997 2472 sua
1019 2437 1135 2472 eodem
1157 2436 1232 2470 loco
1257 2446 1300 2469 ex
1319 2434 1490 2467 Marmore
1514 2443 1590 2466 ere-

122 2487 200 2525 αις
233 2494 322 2528 quae
346 2483 389 2518 ad
413 2483 502 2518 hunc
524 2495 632 2528 usque
653 2483 742 2518 diem
763 2483 813 2518 ibi
835 2483 968 2518 visitur.

215 2528 306 2564 [dem
331 2529 556 2574 Vespasianus
578 2529 614 2563 in
636 2530 807 2564 Caesarea
831 2541 967 2574 quoque
992 2527 1210 2564 Palaestinae
1236 2526 1368 2560 Odeum
1392 2523 1493 2568 plane
1516 2534 1587 2557 am-

120 2573 214 2654 plum
249 2579 285 2609 et
306 2575 454 2610 Theatri
484 2575 613 2618 instar,
647 2587 691 2609 ex
714 2575 918 2610 Judaeorum
948 2575 1081 2619 spoliis,
1119 2573 1236 2608 eodem
1260 2570 1362 2606 etiam
1384 2569 1480 2610 loco,
1518 2579 1585 2614 quo

142 2618 326 2655 udaeorum
347 2625 449 2655 antea
469 2625 614 2656 steterat
636 2622 835 2666 Synagoga,
860 2620 1021 2655 extruxit.

215 2665 448 2701 Macedoniam
470 2679 552 2701 vero
573 2667 768 2708 secundam,
799 2673 820 2702 a
844 2667 953 2712 prima
976 2676 1146 2712 separans,
1170 2663 1205 2697 in
1229 2660 1444 2696 Provinciam
1468 2661 1561 2694 fecit.

213 2710 372 2755 Ejusdem
402 2713 463 2746 sub
485 2713 651 2758 Imperio,
694 2713 842 2747 divinam
864 2712 948 2747 iram
980 2723 1079 2758 passa
1101 2715 1152 2744 est
1185 2707 1390 2749 corinthus,
1431 2706 1583 2740 Helladis

123 2756 346 2801 Metropolis,
369 2757 482 2801 Desii,
505 2759 577 2793 sive
599 2758 691 2794 Junii
714 2771 779 2801 xx,
802 2763 906 2794 nocte
926 2758 1149 2802 intempesta:
1184 2752 1303 2788 incolis
1323 2752 1441 2797 itaque
1461 2763 1582 2796 super—

123 2801 276 2843 stitibus,
300 2803 445 2847 urbique
466 2803 724 2846 instaurandae,
749 2805 855 2839 multa
875 2803 1018 2848 largitus
1041 2805 1103 2836 est,
1150 2799 1261 2833 Multa
1282 2798 1387 2834 etiam
1405 2809 1467 2844 per
1491 2798 1583 2831 Pan-

123 2847 257 2883 noniam
289 2853 326 2883 et
349 2848 572 2894 comagenam
604 2850 806 2886 Provincias
841 2848 1016 2889 extruxit3
1053 2846 1225 2891 Europam
1249 2844 1352 2879 etiam
1386 2856 1407 2879 a
1429 2843 1582 2878 Thracia
