1838 3230
434 159 1072 211 CHRONOGRAPHIA.
1131 164 1179 209 L.
1208 164 1325 210 XIII.
1520 173 1618 220 321

145 285 287 337 σιλεὺς
311 285 418 342 μετὰ
445 286 522 342 τὴν
545 285 736 342 τελευτὴν
753 287 997 342 Βαρβυσίου
1015 289 1091 330 τοῦ
1110 285 1267 342 πατρὸς
1287 284 1428 343 αὗτῆς,
1453 291 1529 330 τοῦ
1546 304 1619 331 το-
1643 295 1676 330 O
1700 297 1724 332 7

145 353 308 412 πάρχου
327 355 395 398 καὶ
418 352 602 412 φύλακος
617 359 692 398 τοῦ
711 354 839 398 αὐτοῦ
859 357 1067 412 ἐμπορίου.
1126 354 1238 405 ὅστις
1261 353 1501 413 Βαρβύσιος
1518 357 1620 411 μέλ-

149 427 232 467 λων
248 427 440 467 τελευτᾶν
459 423 637 466 ἐκέλευσε
655 423 728 479 τὴν
755 426 959 466 Φιδαλίαν
987 428 1153 479 ποιῆσαι
1173 431 1304 479 τεῖχος
1323 429 1383 484 τῷ
1403 423 1518 484 τόπῳ
1541 427 1617 476 ἕως
1639 433 1668 467 Β

145 490 378 548 θαλάσσης.
453 489 474 535 ὅ
495 493 540 535 δὲ
558 490 700 545 Βύζας
720 495 776 542 εἷς
799 493 845 536 τὸ
863 491 1012 536 ἑαυτοῦ
1034 493 1164 547 ὄνομα
1185 493 1362 545 καλέσας
1383 493 1458 549 τὴν
1472 491 1616 553 χώραν

112 561 405 616 mmmmm„
427 561 469 604 ἓν
491 565 542 618 τῇ
562 561 667 618 αὐτῇ
687 559 813 605 πόλει.

239 629 395 673 ’Ἐκτισε
422 630 467 672 δὲ
493 627 566 672 δύο
594 628 796 684 ἐμβόλους
826 630 907 673 ἀπὸ
935 635 1009 686 τῆς
1032 629 1194 674 εἰσόδου
1217 635 1291 674 τοῦ
1314 632 1517 675 παλατίου
1543 628 1619 682 ἕως

145 703 220 742 τοῦ
251 697 380 742 αὐτοῦ
409 696 542 754 φόρου
562 698 767 752 εὐπρεπεῖς
786 701 851 742 καὶ
872 701 1198 755 κεκοσμημένους
1216 699 1405 755 ἀνδριᾶσι
1424 702 1492 744 καὶ
1506 719 1620 758 μαρ-

144 765 292 824 μάροις
309 766 538 824 διαφόροις,
571 767 747 818 καλέσας
771 768 843 811 τὸν
866 767 994 812 τόπον
1015 774 1097 812 τῶν
1118 767 1304 823 ἐμβόλων
1320 767 1496 825 Ῥηγίαν,
1533 771 1620 813 κτί-

145 851 223 886 σας
247 836 363 893 ἔγγὺς
383 837 450 878 καὶ
468 837 684 891 βασιλικὴν
705 839 771 879 καὶ
794 837 869 887 ἔξω
889 836 1092 893 μεγάλους
1110 839 1249 887 κίονας
1267 839 1334 880 καὶ
1356 837 1617 894 ἀνδριάντας,

90 911 135 946 10
146 903 272 962 ἥνπερ
302 903 465 948 ἐκάλεσε
496 909 700 958 Σενᾶτον,
739 906 952 949 κατέναντι
981 905 1137 963 στήσας
1157 911 1209 963 τῇ
1233 907 1317 965 ἰδίᾳ
1338 909 1464 963 μητρὶ
1480 905 1618 965 Ἑλένῃ

144 972 300 1030 στήλην
318 971 568 1030 Αὐγούστας
590 975 631 1017 ἐν
653 980 854 1033 πορφυρῷ
872 980 1004 1034 μικρῷ
1025 977 1151 1028 κίονι,
1186 975 1362 1024 καλέσας
1390 976 1461 1018 τὸν
1489 974 1618 1019 τόπον

144 1043 457 1099 Αὖγουστιῶνα.
530 1040 683 1097 ὁμοίως
705 1044 749 1086 δὲ
771 1042 1029 1101 ἀνεπλήρωσε
1052 1047 1120 1087 καὶ
1139 1043 1187 1087 τὸ
1206 1041 1419 1099 λεγόμενον
1439 1043 1619 1095 Ζεύξιπ-

145 1129 222 1154 πον
252 1110 449 1167 δημόσιον
475 1110 669 1168 λουτρόν,
709 1111 919 1168 κοσμήσας
948 1115 1051 1156 κίοσι
1075 1114 1142 1156 καὶ
1166 1111 1405 1170 μαρμάροις
1422 1115 1619 1165 ποικίλοις

146 1182 214 1223 καὶ
235 1179 619 1237 χαλκουργήμασιν·
656 1175 745 1238 εὗρε
772 1181 850 1238 γὰρ
889 1181 989 1224 αὐτὸ
1030 1180 1297 1238 ἀπλήρωτον,
1344 1181 1501 1238 ἄρχθὲν
1539 1184 1615 1233 μὲν
1644 1188 1670 1222 C

91 1258 134 1293 15
146 1247 289 1307 πρῴην
315 1247 396 1292 ὑπὸ
422 1247 611 1305 Σεβήρου
637 1250 838 1304 βασιλέως
861 1251 907 1293 τὸ
930 1251 1031 1294 αὐτὸ
1053 1249 1263 1307 δημόσιον.
1336 1249 1465 1294 ἔκτισε
1485 1252 1531 1307 ,δὲ
1550 1253 1618 1294 καὶ

143 1318 192 1361 τὸ
214 1316 393 1361 Ἱππικὸν
415 1320 482 1361 καὶ
506 1318 612 1360 ἄλλα
632 1317 764 1361 πολλά
781 1333 790 1343 ·
826 1321 892 1361 καὶ
913 1318 978 1362 ὅτε
1004 1318 1138 1363 πάντα
1161 1317 1406 1376 ἐπλήρωσεν,
1438 1320 1617 1364 ἐπετέλε-

144 1403 214 1431 σεν
235 1385 408 1439 ἱππικόν,
442 1387 483 1430 ἓν
503 1385 682 1444 πρώτοις
701 1386 922 1444 θεωρήσας
940 1390 1023 1432 ε’κεΐ
1037 1391 1104 1432 καὶ
1125 1390 1307 1447 φορέσας
1331 1386 1423 1431 τότε
1440 1389 1482 1432 ἓν
1500 1387 1615 1445 πρώ-

143 1472 231 1506 τοις
265 1456 307 1498 ἒν
333 1460 385 1514 τῇ
417 1457 500 1516 ῗδίᾳ
529 1456 656 1499 αὐτοῦ
686 1462 848 1514 κορυφῇ
877 1456 1058 1513 διάδημα
1079 1459 1147 1501 διὰ
1175 1461 1442 1514 μαργαριτῶν
1465 1459 1532 1501 καὶ
1552 1459 1616 1500 λί-

143 1529 238 1568 θων
265 1526 431 1579 τιμίων,
468 1523 718 1580 βουλόμενος
747 1531 961 1582 πληρῶσαι
994 1527 1069 1582 τὴν
1099 1526 1354 1584 προφητικὴν
1378 1526 1520 1583 φωνὴν
1541 1526 1616 1582 τὴν

85 1594 342 1649 Ξολέγουσαν
377 1593 578 1650 ,,ἒ’θηκας
606 1595 670 1636 ἐπὶ
702 1594 775 1650 τὴν
810 1596 990 1652 κεφαλὴν
1021 1595 1149 1638 αὐτοῦ
1180 1596 1385 1651 στέφανον
1417 1596 1461 1637 ἐκ
1489 1596 1613 1638 λίθου
1639 1602 1672 1637 O
1697 1604 1720 1638 8
1778 1583 1786 1612 ³

142 1663 330 1716 τιμίου.“
400 1663 532 1713 οὐδεὶς
553 1662 630 1719 γὰρ
650 1667 733 1705 τῶν
753 1663 832 1718 πρὸ
861 1664 989 1707 αὐτοῦ
1007 1661 1342 1718 βασιλευσάντων
1366 1661 1554 1707 τοιοῦτόν
1576 1665 1620 1707 τί

145 1747 244 1774 ποτε
271 1728 452 1788 ἔφόρεσε.
525 1733 591 1775 καὶ
614 1732 842 1775 ἐπετέλεσεν
863 1733 1006 1790 ἓορτὴν
1024 1731 1205 1789 μεγάλην
1223 1734 1322 1788 μηνὶ
1337 1735 1449 1792 μαΐῳ
1468 1736 1526 1792 τῷ
1549 1735 1617 1775 καὶ

234 1843 270 1878 2.
295 1838 504 1888 Βαρβύσιος
526 1841 607 1884 Ch„
631 1841 825 1888 Βάρβυσος
848 1843 914 1876 Ox.
1007 1843 1043 1878 9.
1066 1840 1280 1890 βασιλικήν]
1304 1840 1461 1887 ἔχουσαν
1483 1840 1619 1888 κόγχην

238 1887 370 1923 addunt
402 1888 522 1923 Pollux
555 1892 590 1922 et
627 1888 755 1925 Chron.
781 1889 901 1923 Pascli.
924 1901 959 1936 p.
985 1889 1066 1924 284.
1090 1889 1132 1924 C.
1247 1890 1302 1925 12.
1333 1885 1618 1934 Αὔγουστιῶνα]

236 1934 298 1968 Sic
338 1938 374 1968 et
412 1934 589 1968 Cedrenus
623 1946 657 1979 p.
689 1934 768 1971 374.
801 1936 853 1977 C,
883 1935 929 1971 D.
986 1934 1253 1982 Αὐγουστεῶνα
1287 1934 1379 1970 infra
1409 1946 1445 1981 p.
1481 1937 1538 1972 78.
1571 1935 1616 1971 D.

236 1981 292 2016 19.
322 1979 579 2027 προφητικὴν]
606 1981 727 2015 Psalm.
751 1981 830 2015 XX.
855 1980 889 2016 4.

144 2077 214 2109 tem
234 2072 414 2118 Barbysii,
451 2072 560 2119 patris
584 2074 676 2118 ejus3
718 2073 777 2120 qui
801 2073 867 2108 loci
889 2073 977 2109 illius
999 2073 1164 2109 Dominus
1185 2074 1268 2116 fuit,
1304 2076 1341 2109 et
1366 2072 1519 2118 Emporii
1544 2074 1616 2108 Cu-

143 2119 225 2155 stos.
273 2119 342 2153 Hic
365 2130 446 2154 vero
481 2120 685 2162 moriturus,
721 2119 899 2155 Phidaliae
929 2120 965 2155 in
987 2121 1153 2156 mandatis
1176 2120 1338 2165 reliquit,
1379 2120 1429 2154 uti
1453 2131 1547 2154 muro
1570 2119 1614 2153 ad

143 2175 238 2201 mare
258 2165 427 2211 perducto
450 2165 559 2200 locum
581 2166 673 2200 illum
697 2166 936 2202 circumdaret.
982 2167 1095 2214 Byzas
1115 2167 1246 2213 itaque,
1270 2167 1346 2201 loco
1365 2166 1423 2201 illo
1441 2165 1476 2199 in
1494 2176 1614 2200 nomen

144 2222 239 2247 snum
261 2216 406 2253 vocato,
429 2212 541 2246 sedem
564 2212 634 2246 illic
658 2212 755 2257 regni
780 2212 903 2258 posuit.

235 2257 346 2292 Porro
371 2257 656 2302 [Constantinus]
682 2260 725 2292 ab
748 2259 892 2293 introitu
916 2258 1060 2300 Palatii,
1085 2259 1129 2293 ad
1153 2258 1277 2294 Forum
1300 2269 1427 2302 usque,
1458 2256 1616 2291 Porticus

146 2301 230 2338 (luas
250 2303 404 2338 extruxit
426 2304 595 2350 speciosas
620 2304 724 2338 variis
747 2306 880 2347 statuis,
904 2305 1132 2351 columnisque
1155 2304 1348 2339 marmoreis
1365 2307 1522 2337 ornatas=
1546 2302 1615 2336 Lo-

147 2358 221 2384 cum
251 2360 334 2383 vero
369 2350 458 2384 hunc
490 2351 640 2396 Regiam
670 2351 831 2385 vocavit:
865 2351 920 2385 cui
943 2350 1089 2386 vicinam
1111 2351 1213 2386 etiam
1238 2350 1417 2384 Basilicam
1442 2348 1615 2388 condidit3

148 2393 266 2429 statuis
289 2399 327 2430 et
349 2395 509 2431 columnis
542 2397 733 2441 ingentibus
766 2398 916 2432 exterius
948 2402 1120 2431 ornatam:
1158 2409 1259 2442 quam
1290 2399 1326 2429 et
1357 2398 1522 2428 Senatum
1552 2405 1616 2427 vo-

148 2438 250 2474 cavit.
296 2441 389 2475 Huic
413 2453 455 2475 ex
477 2442 623 2477 adverso
651 2442 768 2477 matris
791 2443 964 2485 Helenae,
990 2444 1183 2487 Augustae,
1207 2446 1374 2482 statuam,
1397 2439 1616 2473 columnellae

147 2484 418 2530 Porphyreticae
449 2487 660 2534 impositam,
694 2488 899 2524 collocavit=
937 2489 1046 2524 locum
1077 2500 1159 2523 vero
1183 2488 1271 2522 hunc
1294 2488 1530 2531 Augustaeum
1555 2496 1617 2518 no-

148 2529 300 2566 minavit.
347 2532 512 2568 Similiter
535 2545 673 2579 quoque
695 2534 859 2570 Balneum
882 2535 1082 2576 Publicum,
1108 2535 1317 2578 Zeuxippum
1341 2531 1481 2572 dictum,
1505 2541 1526 2564 a
1549 2531 1615 2564 Se-

147 2586 234 2619 vero
257 2576 467 2623 Imperatore
488 2579 702 2622 inchoatum,
727 2580 800 2626 ipse
823 2582 867 2616 ad
891 2582 1018 2615 exitum
1043 2580 1222 2626 perduxit:
1252 2577 1426 2622 variisque
1448 2575 1531 2610 illud
1555 2587 1615 2611 co-

148 2620 267 2656 lumnis
297 2624 486 2671 statuisque
516 2627 710 2661 marmoreis
740 2627 914 2672 aereisque
947 2626 1137 2669 exornavit.
1184 2623 1455 2668 Hippodromum
1479 2633 1615 2667 quoque

151 2666 304 2702 extruxit
339 2673 442 2715 atque
479 2671 547 2706 alia
575 2672 732 2717 plurima.
790 2673 953 2707 Omnibus
978 2683 1062 2707 vero
1087 2671 1181 2705 hisce
1204 2668 1384 2710 absolutis,
1421 2667 1618 2702 certamina

151 2712 338 2758 Equestria
368 2715 510 2759 indixit;
545 2729 628 2763 quos
657 2718 731 2764 ipse
756 2717 793 2753 in
816 2719 921 2754 Circo
958 2730 1016 2753 suo
1041 2717 1166 2763 primus
1197 2714 1375 2760 spectavit.
1431 2713 1521 2748 Tum
1545 2712 1619 2759 pri-

151 2770 240 2793 mum
262 2770 397 2804 quoque
420 2761 601 2805 Coronam,
625 2764 827 2809 Margaritis
851 2769 888 2799 et
909 2764 1034 2808 lapillis
1057 2761 1213 2808 pretiosis
1235 2760 1442 2805 insignitam,
1466 2759 1620 2804 Impera·

151 2808 208 2838 tor
238 2805 355 2850 capite
381 2807 547 2850 gestavit=
589 2810 700 2844 animo
732 2809 863 2844 scilicet
892 2808 1051 2855 explendi
1083 2807 1208 2841 dictum
1240 2806 1321 2840 illud
1354 2805 1617 2851 Propheticumz

151 2851 348 2896 Imposua'sti
361 2853 468 2897 capiti
484 2854 554 2896 ejvs
573 2865 733 2890 coronam
749 2867 789 2891 ea·
804 2857 922 2902 lapide
935 2855 1115 2900 pretiosae·
1136 2853 1383 2899 Imperatorum
1408 2851 1494 2886 enim
1519 2862 1620 2897 prae·

208 2904 354 2938 Ioannes
390 2905 555 2940 Malalas.
1289 2903 1314 2942 2
1321 2904 1339 2941 1
