1838 3230
261 190 362 237 276
631 177 954 224 ·10ANNIS
983 178 1318 224 MALALAE

257 299 463 358 Ἀντιόχου
496 299 607 345 πόλει
640 302 706 343 καὶ
734 296 929 354 δημόσιον
952 299 1017 341 καὶ
1036 295 1191 355 ἀγωγόν
1203 330 1216 350 ,
1254 296 1520 353 ἀποστρέψας
1538 295 1586 339 τὸ
1601 294 1714 353 ὕδωρ

263 372 311 414 τὸ
336 371 415 414 ἀπὸ
439 375 519 412 τῶν
542 374 679 423 πηγῶν
699 366 874 424 Δάφνης
896 365 1126 422 ἐκχεόμενον
1149 368 1203 415 εἷς
1223 365 1296 415 τὰς
1315 365 1530 421 λεγομένας
1542 365 1715 422 Ἀγρίας,

264 438 468 494 ἐπιθήσεις
484 440 549 479 καὶ
569 442 625 493 τῷ
647 437 828 493 δημοσίῳ
850 437 915 477 καὶ
937 439 993 493 τῷ
1014 435 1153 492 ἀγωγῷ
1177 436 1231 482 εἲς
1250 434 1295 475 τὸ
1315 434 1417 475 ἴδιον
1439 433 1580 487 ὄνομα.
1650 432 1717 475 καὶ

262 508 311 550 τὸ
329 507 507 561 θέατρον
524 505 568 546 δὲ
589 509 660 558 τῆς
677 503 805 559 αὐτῆς
817 503 1055 557 Ἀντιοχείας
1076 500 1354 557 ἀνεπλήρωσεν
1372 501 1506 550 ἀτελὲς
1525 499 1583 554 ἷίν,
1617 498 1718 555 στή-

264 591 341 624 σας
370 575 411 616 ἒν
445 572 555 630 αὐτῷ
585 570 774 628 ὑπεράνω
802 569 1010 627 τεσσάρων
1034 569 1175 612 κιόνων
1205 569 1244 611 ἓν
1276 570 1386 626 μέσῳ
1409 573 1482 612 τοῦ
1510 569 1750 625 νυμφαίουό

264 646 339 685 τοῦ
362 641 607 696 προσκηνίου
630 644 704 694 τῆς
725 640 1049 695 σφαγιασθείσης
1065 637 1130 680 ὑπ’
1159 638 1285 679 αὐτοῦ
1305 636 1428 692 κόρης
1448 635 1599 692 στήλην
1615 640 1720 691 χαλ-

266 714 341 764 κῆν
360 708 678 763 κεχρυσωμένην,
717 707 954 762 καθημένην
976 704 1109 748 ἐπάνω
1130 709 1204 748 τοῦ
1224 703 1418 760 Ὀρόντου
1441 709 1643 759 ποταμοῦ,
1667 706 1722 753 εἷς

211 785 244 819 D
268 776 386 832 λόγον
404 775 526 830 τύχης
544 780 616 830 τῆς
637 775 761 830 αὐτῆς
779 773 945 826 πόλεως,
968 774 1216 830 στεφρμένην
1234 771 1314 815 ὑπὸ
1335 771 1531 816 Σελεύκου
1550 774 1616 814 καὶ
1631 772 1723 815 Ἀν-
1760 775 1762 777 ’

264 844 403 900 τιόχου
419 843 632 898 βασιλέων.
704 842 724 885 ὁ
745 844 788 885 δὲ
811 843 934 891 αὐτὸς
953 842 1139 897 βασιλεὺς
1162 841 1367 897 Τραϊανὸς
1388 842 1430 883 ἓν
1451 845 1501 897 τῇ
1522 840 1626 897 αὐτῇ
1647 837 1723 882 πό-

267 917 322 956 λει
343 915 475 967 διῆγεν
495 911 560 954 ὅτε
581 910 605 965 ἦ
630 912 831 965 θεομηνία
853 911 1014 964 ἐγένετο.
1068 907 1320 965 ἐμαρτύρησε
1343 910 1386 951 δὲ
1405 910 1467 950 ἐπὶ
1486 909 1612 951 αὐτοῦ
1633 906 1722 950 τότε
1735 917 1779 951 10

118 992 151 1026 O
174 992 239 1027 361
266 979 288 1024 ὃ
320 979 434 1035 ἅγιος
461 978 651 1035 Ἰγνάτιος
686 977 706 1020 ὃ
739 980 954 1028 ἐπίσκοπος
985 982 1060 1032 τῆς
1089 975 1241 1026 πόλεως
1265 977 1526 1031 Ἀντιοχείας·
1569 973 1724 1031 ἠγανά-

267 1063 388 1103 κτησε
407 1048 484 1104 γὰρ
507 1047 592 1089 κατ’
619 1047 744 1089 αὐτοῦ
757 1080 769 1100 ,
797 1045 857 1089 ὅτι
874 1044 1065 1101 ἐλοιδόρει
1085 1043 1221 1087 αὐτόν.
1293 1045 1456 1099 συνέσχε
1481 1045 1525 1087 δὲ
1548 1042 1638 1086 τότε
1659 1044 1726 1086 καὶ

270 1116 385 1159 πέντε
415 1113 597 1169 ὀνόματα
629 1119 872 1170 χριστιανιῖιν
904 1118 1102 1170 γυναικῶν
1127 1113 1409 1167 Ἀντιοχισσῶν
1438 1114 1504 1155 καὶ
1537 1110 1727 1167 ἐξήτασεν

271 1182 399 1233 αὐτὰς
420 1184 557 1238 λέγων,
598 1185 673 1231 Τίς
696 1184 803 1225 ἔστιν
823 1181 848 1237 ἡ
868 1176 976 1231 ἐλπὶς
998 1180 1127 1235 ὖμῶν,
1151 1179 1212 1223 ὅτι
1237 1180 1366 1230 οὕτως
1385 1182 1560 1223 ἐκδίδοτε
1579 1179 1729 1230 ἑαυτὰς
1765 1174 1769 1177 ’

273 1254 327 1301 εἷς
348 1244 532 1294 θάνατον
543 1269 557 1305 ,·
594 1251 637 1292 αἱ
666 1252 710 1293 δὲ
728 1251 1010 1306 ἀπεκρίθησαν
1028 1250 1213 1304 λέγουσαι
1233 1248 1294 1291 ὅτι
1319 1249 1599 1303 Φονευομένας
1617 1246 1726 1303 ἡμᾶς
1740 1253 1780 1288 15

273 1319 367 1375 παρ’
392 1317 508 1373 ὑμῶν
528 1318 777 1361 ἀνίστασθαι
795 1317 903 1373 ἡμᾶς
923 1315 1044 1360 πάλιν
1066 1315 1121 1366 ὥς
1143 1316 1283 1371 ἔχομεν
1305 1315 1464 1370 σώματι
1485 1319 1540 1366 εἷς
1563 1317 1729 1359 αἰωνίαν

275 1384 391 1441 ζωήν.
463 1388 528 1428 καὶ
558 1386 758 1428 ἐκέλευσεν
788 1386 914 1435 αὐτὰς
934 1383 1231 1440 πυρικαύστους
1249 1385 1437 1439 γενέσθαι
1456 1387 1522 1427 καὶ
1543 1384 1613 1426 τὸν
1625 1388 1730 1439 χοῦν

275 1458 358 1497 τῶν
384 1453 532 1497 ὀστέων
556 1454 690 1496 αὐτῶν
704 1454 889 1507 ’συνέμιξε
915 1457 1054 1510 χαλκῷ
1085 1454 1150 1494 καὶ
1179 1453 1337 1506 ἐποίησε
1363 1452 1434 1495 τὸν
1457 1452 1608 1507 χαλκὸν
1632 1453 1686 1502 εἷς
1706 1450 1729 1494 ὃ

224 1530 257 1567 Ε
280 1523 438 1576 ἐποίησε
463 1519 658 1576 δημόσιον
681 1523 830 1576 χαλκία
857 1526 930 1563 τοῦ
951 1525 1122 1576 θερμοῦ.
1194 1521 1259 1562 καὶ
1280 1518 1345 1562 ὅτε
1372 1519 1523 1576 ἤρξατο
1547 1521 1731 1576 παρέχειν

278 1590 327 1633 τὸ
351 1587 560 1644 δημόσιον,
590 1589 630 1632 εἷ’
644 1606 704 1638 τις
727 1589 796 1631 ἐὰν
818 1587 977 1632 ἐλούετο
1000 1591 1054 1638 εἰς
1072 1587 1173 1630 αὐτὸ
1192 1587 1239 1630 τὸ
1260 1585 1477 1643 δημόσιον,
1515 1589 1788 1631 ε’σκοτοῦτοΞΟ

281 1659 348 1700 καὶ
389 1657 524 1699 ἔπιπτε
562 1659 629 1699 καὶ
669 1655 854 1712 ἐξήρχετο
898 1660 1135 1714 βασταγμῷ.
1208 1658 1273 1697 καὶ
1306 1656 1457 1710 μαθών
1489 1654 1510 1698 ὃ
1543 1656 1732 1708 βασιλεῦς

284 1725 490 1782 Τραϊανὸς
517 1729 639 1767 τοῦτο
671 1724 818 1780 ἤλλαξε
850 1724 902 1767 τὰ
932 1725 1038 1767 αὐτὰ
1062 1725 1211 1779 χαλκίοι
1231 1725 1297 1766 καὶ
1321 1725 1504 1779 ἐποίησεν
1525 1723 1629 1766 ἄλλα
1653 1724 1731 1766 ἀπὸ

376 1833 432 1868 13.
475 1828 742 1877 Ἆντιοχεισσῶν
775 1833 844 1867 Ox.
977 1834 1060 1870 ibid.
1109 1830 1280 1879 ἐξήτασεν
1313 1832 1401 1876 Ch„
1447 1830 1634 1878 ἐξαίτασεν
1665 1833 1732 1867 Ox.

376 1879 431 1913 17.
477 1877 544 1914 τὸν
566 1879 650 1921 Ch„
695 1879 768 1914 τῶν
790 1880 862 1913 ΟΧ.
1614 1901 1617 1904 >

287 1970 342 2004 ter
365 1967 432 2003 alia
454 1979 536 2003 vero
559 1970 715 2015 plurima,
740 1981 827 2015 quae
850 1969 1050 2005 Antiochiae
1073 1971 1237 2012 extruxit,
1258 1970 1420 2004 Balneum
1444 1968 1544 2004 etiam
1562 1968 1735 2003 publicum

289 2019 327 2048 et
350 2014 602 2058 Aquaeductum
637 2016 808 2057 condidit,
848 2028 967 2061 aquam
991 2028 1010 2050 e
1034 2017 1182 2050 fontibus
1215 2015 1399 2061 Daphnicis
1431 2018 1659 2056 emanantem,
1699 2014 1736 2048 in

290 2060 412 2103 Agrias
434 2059 613 2094 diducens:
656 2061 754 2106 operi
777 2073 860 2096 vero
893 2062 1029 2106 utrique
1059 2073 1176 2096 nomen
1202 2073 1294 2095 suum
1321 2060 1490 2105 imposuit.
1548 2060 1737 2093 Theatrum

291 2116 427 2149 quoque
447 2104 683 2148 Antiochense,
705 2106 936 2150 imperfectum
962 2112 1080 2148 antea,
1105 2107 1148 2141 ad
1172 2108 1295 2141 exitum
1319 2105 1497 2151 perduxit:
1521 2106 1612 2149 cujus
1636 2104 1737 2139 etiam

290 2149 464 2183 Proscenii
493 2150 529 2182 in
552 2151 680 2192 medio,
717 2152 808 2185 urbis
831 2152 959 2186 scilicet
981 2152 1017 2186 in
1048 2153 1238 2194 fortunam,
1273 2150 1422 2195 Virginis
1446 2162 1466 2184 a
1488 2161 1524 2184 se
1545 2149 1738 2184 immolatae

291 2199 436 2229 statuam
458 2206 594 2228 aeneam
618 2195 821 2238 deauratam,
846 2198 972 2232 Oronti
993 2197 1096 2232 fluvio
1110 2197 1318 2236 insidentem,
1343 2201 1379 2231 et
1402 2207 1423 2230 a
1442 2196 1586 2230 Seleuco
1612 2200 1650 2230 et
1668 2198 1738 2229 An·-

291 2240 408 2274 tiocho
438 2240 575 2284 regibus
602 2252 727 2275 corona
753 2243 961 2284 redimitam,
1006 2248 1151 2287 quatuor
1182 2241 1340 2277 columnis
1370 2246 1514 2275 erectam
1545 2240 1740 2275 collocavit.

293 2285 372 2326 Quo
402 2290 553 2331 tempore
576 2290 686 2320 autem
720 2290 941 2322 terraemotus
965 2288 1164 2322 Antiochiae
1195 2287 1340 2328 accidit,
1375 2287 1585 2331 Imperatore
1613 2285 1663 2320 ibi
1687 2291 1739 2320 et-

293 2330 360 2364 iam
384 2330 495 2364 adhuc
525 2335 770 2372 commorante,
805 2334 967 2377 martyrio
992 2339 1169 2368 coronatus
1193 2339 1244 2367 est
1274 2333 1311 2366 S.
1338 2331 1511 2376 Ignafius,
1548 2331 1738 2377 Episcopus

293 2375 546 2417 Antiochensis3
577 2376 632 2410 cui
655 2377 825 2420 Trajanus
847 2378 1054 2412 irascebatur
1077 2380 1119 2413 ab
1143 2390 1184 2413 eo
1206 2379 1408 2422 increpatus.
1454 2376 1585 2410 Eodem
1606 2381 1739 2421 tempo-

293 2431 334 2455 re
356 2421 544 2465 Imperator
564 2422 805 2466 comprehensis
829 2422 978 2467 quinque
1003 2423 1201 2458 Christianis
1223 2422 1411 2458 mulieribus
1433 2421 1663 2463 Antiochenis,
1685 2422 1739 2455 in-

293 2466 484 2510 terrogavit
507 2478 584 2508 eas3
617 2479 716 2512 „qua
738 2467 893 2508 tandem,
916 2468 1085 2512 inquiens,
1108 2481 1167 2515 spe
1189 2470 1310 2510 fretae,
1334 2468 1382 2502 sic
1404 2472 1532 2502 vosmet
1552 2467 1652 2502 morti
1675 2468 1737 2502 ob-

291 2510 425 2554 jicitis?
448 2511 664 2557 Respondent
686 2512 855 2554 mulieres3
878 2513 952 2546 Nos
975 2515 1140 2557 equidem,
1164 2526 1185 2548 a
1207 2513 1300 2547 vobis
1322 2512 1398 2547 neci
1420 2513 1582 2555 traditae,
1602 2513 1738 2554 iterum,

295 2559 401 2600 atque
424 2556 550 2591 hisdem
574 2558 782 2603 corporibus,
805 2557 841 2591 in
863 2563 1033 2592 aeternam
1055 2559 1158 2593 vitam
1179 2561 1424 2602 resurgemus-‘⁶
1462 2559 1551 2592 Tum
1573 2570 1655 2592 vero
1678 2557 1741 2591 im-

296 2606 437 2645 perator
460 2614 517 2636 eas
536 2603 669 2646 ignibus
692 2603 839 2646 comburi
866 2604 985 2648 jussit,
1023 2604 1206 2649 ossiumque
1239 2605 1483 2638 combustorum
1513 2604 1639 2639 cineres
1669 2603 1742 2638 aeri

295 2646 518 2681 commisceri:
544 2659 585 2681 ex
599 2649 665 2682 hoc
683 2660 765 2684 vero
781 2660 862 2683 vasa
888 2650 1016 2683 ahenea
1038 2649 1073 2682 in
1096 2661 1187 2684 usum
1203 2649 1348 2684 Lavacri
1373 2649 1567 2684 fabricavit.
1613 2649 1740 2690 Quam-

296 2690 438 2734 primum
460 2699 578 2727 autem
611 2694 736 2739 populo
769 2694 929 2728 Balneum
958 2694 1126 2736 exhibuit,
1164 2695 1193 2728 si
1217 2694 1290 2739 quis
1313 2695 1460 2729 lavatum
1491 2694 1739 2739 ingrederetur,

296 2735 465 2814 V0{t{gine
485 2738 599 2773 statim
620 2742 796 2785 correptus
817 2739 959 2782 cecidit,
986 2751 1049 2775 nec
1071 2739 1134 2774 nisi
1157 2741 1200 2775 ab
1224 2740 1296 2774 aliis
1318 2744 1523 2775 sustentatus
1546 2739 1640 2775 exire
1661 2738 1741 2772 inde

295 2790 340 2823 po
358 2787 417 2815 unt.

389 2826 561 2872 Trajanus
593 2841 676 2866 vero
711 2830 917 2878 Imperator,
952 2831 996 2867 de
1026 2830 1075 2866 his
1108 2831 1232 2867 certior
1261 2832 1393 2874 factus,
1428 2841 1509 2866 vasa
1531 2830 1591 2865 illa
1612 2829 1741 2864 ahenea
