1838 3230
591 177 1058 225 ANNOTATIONES.
1456 186 1487 236 5
1498 189 1555 242 13

100 289 194 342 lale,-
210 291 279 333 hie
301 293 546 347 appelletur,
578 306 628 334 ex
644 292 816 335 Hebraei
839 296 1025 336 vocabuli
1047 309 1162 336 sensu
1184 296 1452 350 amphibolice
1481 313 1555 339 ex-

102 349 246 390 oritur.
303 358 369 399 ln:
390 351 492 390 enim
518 357 602 390 tum
621 352 887 402 sacerdotem,
918 359 1003 392 tum
1032 354 1276 393 Praefectum
1304 361 1374 394 aut
1400 356 1556 395 Praesi-

101 405 193 445 dem
215 406 419 458 significat.
486 407 544 446 Ita
571 406 824 460 Potiphartes
851 411 1077 450 Praefectus
1105 410 1285 450 Civitatis
1311 411 1396 462 On,
1424 424 1468 464 12<
1488 422 1554 466 jn:

102 459 234 502 Colum
259 461 321 502 οη
339 463 586 516 appellatur,
619 463 716 503 Gen.
745 464 814 508 41.
845 467 914 511 45.
1276 491 1278 493 >

212 521 310 572 Pag.
339 521 406 563 63.
439 522 502 562 18.
549 521 863 574 πεπαιδευμένος
899 524 1035 564 πᾶσαν
1073 522 1252 577 σοφίαν]
1291 520 1400 582 πάσῃ
1430 525 1555 582 σοφίᾳ

97 573 194 627 legit
236 574 448 616 cedrenus.

209 631 311 685 Peg.
341 634 406 675 63.
439 635 506 675 17.
552 632 594 673 εἷ’
612 648 668 682 τις
705 628 780 675 οὖν
809 631 881 676 ἐὰν
911 631 1116 689 ἐβούλετο]
1148 635 1220 678 ἕιὶν
1241 635 1449 692 παρ-ἕλκεις
1475 637 1552 676 nisi

95 685 200 728 forte
228 683 280 728 ἄν
297 687 507 738 legendum
522 689 583 727 sit.

207 741 320 798 Peg..
349 747 417 788 63.
451 748 515 788 19.
554 748 686 786 ποιεῖν
714 744 938 799 ἓργατείαν]
979 744 1164 802 ἐργάτης,
1194 750 1399 802 operarius
1410 764 1421 800 ;
1459 750 1553 789 inde

94 798 249 839 Auctor
269 808 408 840 noster
421 801 623 856 ἔργατείαν
642 802 806 852 format,
837 804 888 842 ad
911 818 1048 844 eorum
1075 804 1281 845 hominum
1308 820 1469 859 operam
1486 821 1553 846 ex-

93 855 363 908 primendam:
393 857 554 912 ἐργασία
582 859 743 897 Graecis
767 860 929 911 proprie
952 861 1112 902 dicitur.

205 910 264 951 Pa
293 945 302 954 .
334 913 399 956 64.
432 917 496 957 19.
526 918 716 967 ποταμῶν
737 913 897 956 ’ὑδάτων
930 914 1248 972 διαυγεστοέπον]
1291 918 1394 957 sorte
1411 916 1551 959 ὕδατα.

93 967 240 1007 Verum
292 969 328 1008 ic
353 971 590 1023 notandum,
620 973 809 1010 Autorem
839 980 1022 1012 nostrum
1048 973 1325 1013 Miraculorum
1355 975 1551 1014 editorum

91 1025 256 1063 modum
277 1032 316 1065 et
337 1027 515 1066 ordinem
534 1028 691 1081 penitus
713 1036 961 1079 pervertere:
1000 1030 1128 1069 Moses
1159 1031 1260 1069 enim
1291 1037 1330 1069 et
1346 1032 1483 1070 Aaron
1508 1034 1552 1069 in

93 1081 383 1121 certaminibus
422 1083 532 1122 hisce
569 1084 744 1123 Mirificis
779 1086 928 1137 primas
968 1099 1120 1138 semper
1159 1086 1404 1126 habuerunt:
1451 1101 1551 1140 quos

93 1137 263 1188 deinde,
293 1153 368 1192 pro
390 1139 563 1189 viribus,
594 1142 715 1179 secuti
740 1148 832 1180 sunt
854 1142 972 1192 Magi.

205 1197 300 1248 Pag.
330 1199 397 1239 66.
425 1199 465 1238 2.
495 1193 668 1250 ἆγγέλων
685 1196 826 1250 ἡμεῖς]
858 1195 1180 1252 Οεᾱϊοημῦμεῖς,
1208 1199 1409 1242 mendose.

205 1253 302 1305 Pog.
331 1255 397 1295 66.
429 1255 493 1294 13.
525 1253 703 1307 ἔφυγαν]
735 1255 815 1293 Scr.
846 1254 1008 1307 ἔφυγον.

202 1305 300 1361 Peg.
330 1311 398 1351 68.
429 1311 467 1350 3.
513 1307 588 1361 τήν
617 1308 720 1363 ’ὑπὲρ
749 1306 976 1363 μνήστραν]
1006 1311 1079 1362 leg.
1107 1309 1182 1364 τήν
1207 1308 1549 1367 Ὑπερμνήστραν.

90 1361 254 1402 Gedren.
278 1363 399 1404 habet
417 1362 796 1419 Κλυταιμνήστραν,
826 1367 1025 1406 mendose.

86 1474 115 1513 h
138 1474 165 1514 b
200 1417 298 1474 Pag.
335 1424 401 1465 68.
444 1425 484 1465 7.
551 1422 779 1475 ἐβασίλευσε
828 1420 1060 1478 Τριόππας]
1113 1422 1276 1465 Cedren.
1331 1422 1550 1480 Μεριόπας

117 1489 139 1513 a
168 1481 216 1514 et.

94 1553 98 1556 ·
201 1532 299 1587 Pag.
329 1535 395 1577 68.
426 1537 490 1577 12.
518 1537 598 1576 τῶν
617 1535 709 1577 νυνὶ
733 1535 953 1590 λεγομένων
981 1534 1239 1588 Ελλαδικοῖν]
1267 1536 1376 1575 Licet
1413 1534 1548 1584 Ελλοὲς

89 1587 197 1640 apud
217 1588 388 1630 Antores
407 1591 610 1631 Graeciam
628 1594 851 1632 universam
871 1601 917 1632 ut
935 1594 1150 1645 plurimum
1170 1593 1381 1642 significet,
1411 1599 1548 1631 noster

86 1650 220 1683 tamen
242 1659 341 1685 voce
369 1645 445 1684 hac
471 1649 757 1699 Peloponesum
786 1656 938 1688 tantum
967 1649 1134 1699 intelligi
1163 1649 1271 1686 vult:
1302 1648 1469 1699 ideoque
1487 1649 1546 1686 Si-

89 1700 278 1752 cyonios,
317 1702 545 1742 Helladicos
570 1705 874 1756 interpretatur,
906 1706 1098 1756 Sicyone,
1141 1717 1242 1755 quae
1273 1710 1332 1743 est
1362 1705 1404 1742 in
1433 1705 1545 1744 Pelo-

86 1770 237 1809 poneso
261 1757 448 1810 Stephan.
478 1759 527 1798 de
555 1760 643 1798 urb.
669 1758 853 1810 Σικυών,
882 1757 992 1808 πόλις
1013 1756 1310 1812 Πελοπονήσου.

204 1817 298 1867 Pag.
327 1818 394 1858 69.
421 1819 460 1857 2.
488 1815 688 1856 ἐδιοίκουν
706 1814 780 1868 τήν
799 1813 959 1869 χώραν]
989 1818 1072 1855 Scr.
1102 1813 1308 1871 ἐδιῴκουν.

200 1869 301 1924 Peg.
333 1874 399 1913 69.
430 1875 467 1913 3.
497 1871 562 1924 ἔτη
585 1872 705 1924 Phae]
735 1887 856 1911 annos
878 1875 971 1915 980.
1001 1875 1153 1912 tantum
1178 1877 1361 1911 numerat
1378 1871 1542 1912 Cedren.

85 1926 280 1966 Eusebius
311 1941 362 1966 ex
393 1928 552 1966 Castore
590 1943 712 1967 annos
741 1935 924 1968 numerat
955 1931 1049 1971 983.
1117 1928 1191 1976 ἕως
1217 1924 1362 1974 τούτου
1386 1931 1544 1969 Σικυω-

85 1984 207 2034 νίων,
236 1980 326 2034 ἤτοι
347 1986 684 2037 Πελοπονησίων,
718 1985 906 2038 λεγομένη
926 1985 1106 2037 βασιλεία
1133 1983 1372 2036 διαρκέσασα
1406 1985 1449 2024 ἐν
1481 2000 1542 2038 γε-

83 2043 206 2090 νεαῖς,
236 2037 326 2091 ἤτοι
343 2041 548 2093 βασιλεῦσι
567 2038 639 2087 υς’.
671 2038 687 2090 (
698 2039 757 2082 κν’
774 2039 873 2093 σις’.)
908 2037 1143 2092 κατεπαύθη
1165 2047 1237 2079 etc.
1270 2037 1360 2091 μεθ’
1382 2038 1467 2087 οὓς,
1488 2038 1543 2088 ὥς

85 2108 207 2148 φασι,
234 2094 408 2149 ἡγοῦντο
438 2094 571 2138 αὐτῶν
603 2098 645 2138 οἱ
671 2098 789 2152 ἱερεῖς
814 2100 889 2139 τοῦ
914 2098 1100 2150 καρνείου
1128 2095 1193 2149 ἔτη
1221 2095 1290 2151 λγ’.
1355 2100 1468 2150 Ομοῦ
1494 2094 1542 2137 τοὶ

75 2149 215 2194 ’πάντα
233 2155 304 2205 τῆς
322 2155 558 2194 Σικυωνίων
579 2153 658 2206 ἔτη.

198 2211 293 2261 Pag-
325 2213 389 2253 69-
419 2210 459 2253 5.
488 2207 626 2259 ὅέστι,
656 2207 703 2250 τοὶ
725 2209 790 2251 ἐπὶ
812 2206 887 2261 τὴν
910 2208 1095 2257 Ιταλίαν]
1127 2208 1243 2248 Italia
1271 2207 1416 2258 ubique
1433 2207 1540 2260 apud

84 2264 298 2304 Auctorem
317 2265 423 2304 hunc
442 2280 517 2318 pro
539 2267 716 2319 partibus
739 2266 1054 2305 occidentalibus
1072 2272 1311 2317 usurpatur3
1344 2264 1401 2302 uti
1419 2277 1538 2315 supra

85 2320 320 2388 monuimus.
352 2322 410 2361 Ita
440 2323 507 2361 lib.
538 2327 575 2366 8.
606 2337 645 2375 p.
676 2322 769 2364 428.
801 2326 891 2391 „Ev
921 2319 1027 2378 αὐτῇ
1056 2320 1100 2363 δὲ
1130 2325 1182 2377 τῇ
1209 2317 1317 2390 πόλει
1346 2316 1538 2387 ἐκάθισεν

86 2381 760 2487 ἓὲἵθὲἴᾷἷζῗὲἒἶίἷνιιῖῗέζῗιῗέ
774 2380 1537 2486 533⁶..35²3ngisszssssfvssssnffiffss‘ffi

203 2488 295 2544 Peg.
323 2494 389 2535 69.
419 2495 456 2534 8.
486 2491 646 2532 ἔὸιοίκει
668 2489 734 2532 τὸν
751 2487 930 2546 Ἰσραὴλ]
961 2490 1126 2532 ἐδιώκει.
1546 2533 1553 2540 ,

201 2547 292 2598 Pag·
324 2550 390 2591 69.
422 2551 485 2590 12.
516 2546 646 2602 ᾤκησε
662 2545 736 2598 τήν
751 2547 966 2602 λεγομένην
980 2532 1101 2589 mim
1119 2542 1265 2598 Συχὲμ]
1287 2544 1392 2583 unde
1408 2543 1535 2583 haec?

86 2599 227 2639 Josuae
247 2602 347 2641 enim
368 2603 471 2643 libro
496 2605 625 2643 omnia
646 2605 772 2646 aliter.

202 2659 298 2710 Pag·
330 2661 394 2702 69.
424 2660 487 2702 15.
517 2658 576 2713 ιγ’.
605 2660 759 2714 κριταὶ]
789 2661 939 2700 scilieet
964 2672 1090 2711 usque
1112 2657 1162 2696 ad
1188 2657 1250 2696 Eli
1278 2655 1533 2706 sacerdotem,

86 2712 157 2763 qui
185 2713 361 2764 primus,
401 2729 451 2754 ex
474 2717 762 2766 sacerdotibus,
802 2724 892 2769 post
918 2717 1094 2769 jndices,
1135 2727 1260 2765 remp.
1289 2712 1534 2752 administra-

83 2769 154 2808 vit.
212 2769 367 2808 Judices
393 2784 488 2810 vero
511 2773 553 2811 hi
570 2774 758 2812 tredecim
777 2787 800 2811 a
822 2773 911 2812 Chr.
938 2774 1101 2811 Alexan.
1131 2776 1269 2809 autore
1295 2783 1534 2808 enumeran-

83 2831 152 2863 tur
176 2825 253 2866 isti.
313 2826 543 2880 Gothoniel,
571 2830 726 2879 Aodus‚
765 2831 968 2881 Semegar,
1007 2828 1186 2877 Debora,
1227 2825 1407 2878 Gedeon‚
1442 2826 1531 2864 Abi·

136 2887 282 2923 Ioannes
316 2888 481 2923 Malalas.
1206 2885 1259 2925 33
