1838 3230
679 148 978 195 APPENDIX.
1175 177 1182 182 f
1458 157 1557 204 673

213 265 312 317 Pag.
340 266 436 308 377.
465 268 504 309 7.
533 264 712 318 Βερίνης.
756 264 799 303 C.
819 265 1009 319 Βηρίνης.

212 334 312 384 Pag-
341 335 436 376 377.
469 336 536 376 12.
576 330 630 380 ὥς
651 330 729 372 ἔστι
746 329 946 384 βασιλεῦς.
988 332 1029 370 C.
1050 329 1104 381 ὥς
1122 325 1174 384 ἦν
1194 333 1282 384 βασ.
1303 333 1372 371 ubi
1391 333 1557 389 Dufres-

95 398 164 439 m'o
182 397 343 438 videtur
365 400 574 451 legendum
604 394 681 450 ἐφ’
709 391 780 448 ἧς,
810 405 856 437 ut
883 405 944 438 est
962 399 1072 452 apud
1090 399 1326 452 Procopium
1342 401 1368 442 l.
1395 405 1431 443 1.
1451 402 1556 441 Van-

95 454 174 494 dal.
195 467 232 495 c.
252 459 293 498 7.
323 455 380 504 εἰς
396 457 586 509 Ισαυρίαν
605 451 684 505 ἀφ’
704 450 755 506 ἧς
773 452 824 505 δή
845 453 1004 508 ὁρμᾶτο
1021 453 1299 510 διαφυγόντος.
1338 457 1368 498 i.
1394 472 1429 501 e.
1448 460 1557 500 unde

95 516 208 550 ortus
234 511 385 560 fuerat,
413 518 460 551 ut
479 511 621 551 scribit
643 510 787 550 Victor
807 511 910 551 Tun.

197 580 309 645 *Paga
337 581 434 622 380.
467 583 531 624 12.
562 580 733 632 Λίμνας.
761 577 820 617 sic
842 578 884 619 C.
914 577 992 617 Ubi
1014 578 1107 618 vide
1126 579 1281 620 Dufres.

211 648 310 700 Pag.
340 648 436 690 380.
467 649 534 689 13.
565 641 796 698 ἆνεχρίσθη.
830 646 870 686 C.
892 642 1205 701 ἀνῳκοδομήθη.

211 715 310 767 Pag.
339 716 434 756 382.
466 715 507 754 6.
531 710 718 764 Δέκιμον.
748 713 798 753 de
817 714 970 753 decimo
989 714 1083 754 vide
1100 715 1284 755 Dusresn.
1306 715 1348 754 in
1359 716 1431 755 GP.
1444 716 1555 756 Chri-

7 751 23 801 ⁴,
94 770 158 810 sti.
180 769 252 810 lib.
274 774 312 814 2.
342 775 431 808 sect.
455 772 492 810 1.
515 781 554 809 n.
574 770 614 811 5.

210 829 308 879 Pag.
337 828 434 870 382.
466 828 533 868 11.
565 822 795 866 Ιουστασᾶν.
841 826 882 865 C.
904 824 1148 868 Ιουστουσᾶν
1164 826 1296 867 Editio
1318 829 1416 869 Scal.
1464 833 1557 870 Iov-

94 880 243 924 στασοέν
259 883 390 938 31311131Ι
409 895 456 920 ac
473 881 618 920 iterum
640 882 828 934 praefert.
885 882 981 921 Mox
1001 883 1043 921 in
1063 883 1105 923 C.
1133 879 1336 926 Ουίστασᾶ
1354 892 1554 940 corrupte,

92 945 133 980 et
146 939 278 978 statim
310 940 546 979 Ιουστασᾶν.

208 998 307 1048 Pag.
336 997 434 1038 382.
466 994 529 1036 14.
571 990 644 1034 τόν
661 990 778 1047 ἅγιον
798 989 1039 1048 Προκόπιον.
1084 995 1128 1034 C.
1154 992 1228 1046 τήν
1251 994 1463 1048 ἐκκλησίαν
1482 1000 1557 1039 τοῦ

91 1049 210 1105 ἁγίου
229 1048 409 1106 Πρόβου,
441 1049 628 1089 mendose
647 1056 692 1088 ut
710 1056 822 1102 patet
840 1064 890 1090 ex
908 1064 988 1103 seq.
1019 1049 1089 1089 ubi
1110 1050 1257 1090 Nostro
1276 1054 1558 1094 convenienter

92 1104 324 1156 ἅνανεαῖσας
341 1107 410 1148 καὶ
426 1104 497 1147 τόν
516 1102 629 1147 οἷκον
647 1109 720 1147 τοῦ
735 1105 853 1160 ἁγίου
878 1107 1124 1162 Προκοπίου.

202 1163 306 1217 Peg.
334 1166 430 1206 382.
461 1166 525 1206 16.
554 1161 578 1204 ὅ
593 1158 915 1216 Ληστοδιαὶκτης.
954 1164 997 1204 C.
1017 1161 1071 1211 ὥς
1089 1167 1214 1215 Ληστ.
1236 1163 1306 1202 ubi
1328 1164 1406 1215 legi
1423 1165 1557 1217 placet

91 1220 304 1259 Dufresnio
336 1218 405 1260 καὶ
427 1223 555 1271 Ληστ.
584 1219 651 1258 vel
682 1217 737 1267 αῖς
759 1218 827 1260 καὶ
856 1224 985 1273 Ληστ.
1015 1219 1065 1259 de
1090 1218 1170 1258 hoc
1199 1220 1431 1272 Magistratu
1462 1222 1555 1262 vide

91 1277 261 1317 eundem
280 1279 323 1316 in
343 1276 472 1315 Gloss.
490 1274 594 1315 Med.
616 1275 786 1315 Graecit.

206 1336 307 1386 Pag.
335 1335 430 1376 382.
462 1335 528 1374 17.
557 1332 837 1385 Αρκαδιακῶν.
878 1331 920 1370 G.
940 1331 1219 1386 Αρκαδιανῶν.
1248 1332 1327 1372 Sed
1347 1333 1442 1375 Cod.
1467 1334 1551 1375 Vat.

91 1402 182 1429 cum
200 1394 337 1428 nos‘tro
361 1388 551 1428 concinit.

206 1449 307 1498 Pag.
334 1446 431 1488 384.
467 1447 508 1486 9.
553 1440 794 1498 δικολόγους.
844 1441 1075 1484 causidicos
1103 1444 1225 1482 vertit
1247 1444 1445 1497 Interpres
1475 1460 1551 1486 no-

90 1508 192 1542 ster:
227 1501 367 1541 haeret
387 1501 638 1551 Dufremius,
669 1515 757 1540 nam
788 1501 820 1539 si
843 1500 1058 1549 Advocati,
1088 1500 1235 1551 inquit,
1264 1514 1335 1539 seu
1352 1503 1552 1542 Causidici

90 1558 175 1598 sive
191 1553 364 1608 Patroni,
395 1571 496 1610 quae
514 1558 576 1596 vis
593 1564 650 1596 est
674 1557 871 1606 vocabuli,
892 1557 1177 1607 intelligantur,
1205 1557 1236 1593 ii
1254 1569 1333 1594 non
1347 1557 1549 1609 judicant;

90 1615 123 1652 si
140 1615 295 1667 judices
310 1614 402 1667 ipsi,
431 1627 619 1652 numerus
639 1614 797 1652 videtur
813 1613 1014 1662 obsistere,
1045 1612 1197 1651 tametsi
1215 1613 1244 1650 ii
1263 1613 1356 1651 satis
1374 1614 1551 1654 indican-

90 1676 160 1709 tur
179 1684 278 1710 voce
303 1671 552 1718 καθίσαντες.
612 1670 712 1708 Eum
736 1669 839 1709 vide.

205 1729 302 1778 Pag.
333 1725 430 1768 384.
463 1729 527 1768 13.
568 1723 729 1779 κηροΰς.
781 1739 870 1763 cum
898 1724 1022 1762 cereis
1053 1723 1227 1763 accensis
1254 1723 1549 1766 Theodericum

90 1783 276 1823 convenit
295 1783 475 1821 Senatrix
492 1782 577 1831 illa,
607 1795 687 1833 quo
713 1781 944 1833 ampliorem
964 1780 999 1818 ei
1020 1778 1212 1820 honorem
1229 1779 1445 1822 exhiberet.
1491 1785 1547 1823 De

91 1853 171 1890 quo
197 1852 308 1879 more
326 1839 512 1878 videatur
532 1838 689 1877 Dufres.
714 1838 764 1876 ad
791 1838 935 1876 locum.

205 1898 304 1948 Pag.
334 1896 430 1938 385.
463 1899 500 1936 1.
529 1890 739 1947 Αλάριχος.
768 1894 810 1931 C.
833 1887 1114 1944 Αταλλᾶριχος.

200 1950 299 2004 Pag.
331 1951 427 1994 385.
454 1955 494 1993 2.
525 1951 798 2002 Εξακιονίτης.
834 1950 875 1988 C.
899 1948 1089 1987 hocloco
1108 1949 1389 2002 Εξωκιονίτης.

204 2010 300 2060 Pag.
332 2008 426 2050 394.
458 2008 522 2051 15.
553 2005 670 2059 ἅρμα.
709 2007 776 2045 sic.
798 2007 839 2045 C.
859 2005 927 2043 ubi
947 2003 1177 2043 Holstenius
1196 2001 1316 2047 αὐτὸν
1335 2018 1544 2059 perperam

89 2063 307 2114 substituit,
334 2062 571 2118 Dufresnius
592 2063 740 2102 mavult
763 2058 980 2116 ἆρμᾶτους·
1011 2060 1112 2099 nihil
1129 2062 1374 2101 mutandum.

206 2123 304 2173 Pag.
341 2119 435 2162 394.
484 2123 552 2162 21.
597 2117 754 2172 χαλκῆν.
811 2117 912 2158 Vide
952 2117 1107 2158 Dufres.
1146 2118 1219 2161 ΟΡ.
1251 2118 1411 2159 Christi.
1437 2119 1464 2158 l.
1499 2124 1542 2165 2.

91 2182 185 2217 sect.
214 2177 254 2219 4.
282 2190 323 2216 n.
341 2179 379 2218 2.

204 2236 303 2285 Pag.
334 2230 431 2276 394.
459 2236 527 2275 22.
569 2231 744 2285 ἕμβολος.
785 2231 832 2272 V.
853 2231 947 2271 ibid.
968 2238 1063 2272 sect.
1086 2234 1123 2273 3.
1140 2244 1180 2269 n.
1200 2234 1240 2274 2.

202 2292 303 2342 Pag.
334 2287 431 2332 395.
464 2292 502 2330 1.
534 2290 774 2337 Εξαϊππὶου.
810 2288 856 2331 V.
875 2288 933 2329 ib.
951 2294 1045 2327 sect.
1068 2290 1133 2329 16.
1152 2302 1190 2325 n.
1206 2287 1278 2329 46.

204 2348 301 2398 Pag.
318 2345 426 2388 ¹395.
456 2349 496 2388 2.
527 2342 656 2398 φόρου
675 2344 753 2396 Κ.]
790 2344 836 2384 V.
858 2344 912 2383 ib.
932 2351 1024 2385 sect.
1044 2347 1108 2388 24.
1130 2356 1169 2382 n.
1191 2346 1227 2383 1.
1250 2348 1324 2382 etc.

199 2400 301 2454 Pag-
331 2403 424 2443 398.
453 2404 494 2443 7.
531 2405 618 2449 ταῖς
645 2402 777 2449 θείαις
799 2403 1033 2454 λαργιτιοῖσι.
1079 2399 1157 2439 MS.
1181 2397 1379 2449 quoddam
1404 2397 1538 2440 Oxou.

89 2450 274 2509 Πρῖβατᾶ
292 2456 383 2508 ἔστι,
413 2454 462 2496 τοὶ
479 2460 528 2513 τῇ
546 2458 726 2513 βασιλείᾳ
746 2454 971 2506 ἰδιαζόντως
993 2454 1243 2508 διαφέροντα.
1273 2451 1372 2494 ἅλλα
1389 2452 1439 2507 δή
1459 2455 1538 2496 ἔστι

88 2509 138 2552 zoi
168 2509 361 2565 δημόσια,
391 2509 457 2553 οἷα
479 2516 574 2569 τελῇ
597 2510 678 2554 ’ὑπὸ
694 2511 761 2554 τὸν
782 2510 948 2566 Κόμητα
978 2515 1059 2553 τῶν
1078 2506 1345 2565 λαργιτιοίνων
1367 2515 1453 2559 ταῖς
1469 2513 1538 2563 δη-

88 2569 245 2619 μοσίαις
283 2566 564 2622 ὑπουργοῦντα
601 2570 757 2623 χρείαις.
825 2570 885 2610 Αἱ
908 2566 1147 2622 λαργιτίονές
1176 2565 1254 2618 (sic
1278 2565 1355 2605 hoc
1380 2567 1421 2605 in
1448 2567 1538 2606 loco

89 2623 198 2678 MS.)
229 2624 303 2665 εἰσι
320 2622 392 2665 δύο
405 2638 415 2649 ·
444 2623 493 2665 τὰ
518 2621 644 2678 σάκρα
663 2625 731 2666 καὶ
749 2623 796 2666 τα
814 2626 998 2679 πρίβατα.
1057 2619 1133 2664 δύο
1151 2618 1226 2676 γάρ
1246 2623 1321 2663 εἰσι
1341 2623 1540 2675 βασιλικοὶ

87 2679 311 2735 θησαυροὶ,
341 2680 362 2722 ὅ
383 2679 542 2730 ἰδιάζων
566 2679 688 2735 αὐτῆς
702 2683 901 2734 βασιλείας
921 2677 1008 2722 οἷον
1026 2678 1051 2722 o‘
1077 2681 1155 2720 τῶν
1173 2675 1442 2732 λαργιτιόνων“
1471 2682 1540 2720 καὶ

88 2733 300 2790 δημόσιος,
331 2735 356 2777 ὅ
379 2739 453 2777 τοῦ
481 2739 640 2787 φίσκου.

194 2791 296 2844 Pag.
325 2795 420 2835 399.
450 2795 515 2835 13.
557 2790 692 2848 Δόρας
708 2794 853 2848 χωρίον
872 2791 981 2834 ὄντα.
1021 2791 1078 2831 sic
1097 2791 1139 2833 C.
1167 2790 1243 2830 nisi
1262 2791 1372 2844 quod
1397 2788 1541 2845 Δωρὰς

142 2853 286 2889 Ioannes
313 2853 478 2891 Malalas.
1212 2847 1267 2890 43
