1838 3230
274 156 374 207 472
670 152 950 201 IOANNIS
978 155 1319 200 MALALAE

272 277 363 322 ταῖς
386 270 489 329 πρὸς
511 269 620 328 ὖμᾶς
646 276 913 327 καταλαβεῖν·
964 273 1058 318 οὔτε
1085 274 1164 332 γὰρ
1195 272 1451 331 ἕπιστάμεθᾶ
1481 293 1527 321 σε
1554 278 1725 333 βασιλέα

271 342 461 398 Περσῶν.
1478 401 1480 403 .
1744 392 1746 394 ,

373 411 459 453 Καὶ
478 408 588 467 αὐτῷ
607 412 665 467 τῷ
682 405 819 467 χρόνῳ
839 407 859 452 ὃ
881 410 1074 464 βασιλεὺς
1089 413 1265 466 Περσῶν
1294 411 1392 462 τοὺς
1415 410 1538 463 ὄντας
1554 411 1634 457 ὑπὸ
1651 413 1727 470 τὴν

152 482 183 516 V
207 480 252 519 74
274 475 401 519 αὗτοῦ
420 477 623 520 πολιτείαν
649 478 910 532 Μανιχαίους
938 478 1114 522 ἐκέλευσε
1143 477 1382 536 θρησκεύειν
1408 478 1470 536 ,ῶς
1490 479 1723 535 βούλονται.

273 545 310 588 οἳ
328 545 372 587 δὲ
387 543 510 600 μάγοι
529 548 719 600 Περσῶν,
745 546 994 600 λυπηθέντες
1013 547 1075 589 ἐπὶ
1094 551 1151 605 τῷ
1171 546 1388 601 συμβάντι,
1410 548 1725 604 βουλευσάμενοι
1737 558 1758 594 5

271 612 372 666 μετὰ
400 617 483 655 τῶν
509 616 781 668 συγκλητικῶν
808 612 1104 669 ἠβουλήθησαν
1138 616 1318 668 ἐκβαλεῖν
1349 615 1475 659 αὐτὸν
1503 621 1578 672 τῆς
1604 622 1728 670 βασι-

273 683 382 730 λείας
406 681 472 722 καὶ
489 685 655 735 ποιῆσαι
675 680 759 723 ἄντ’
781 681 907 724 αὐτοῦ
928 682 1000 724 τὸν
1022 681 1199 738 ἀδελφὸν
1218 682 1358 726 αὐτοῦ.
1404 686 1470 726 καὶ
1487 684 1607 740 γνοὺς
1625 689 1728 728 ταῦ-

271 765 324 790 τα
345 746 365 790 ὃ
387 748 577 801 βασιλεὺς
586 752 775 805 Περσῶν,
799 749 871 792 τὸν
889 750 963 803 μὲν
984 748 1159 807 ἀδελφὸν
1173 750 1300 793 αὐτοῦ
1319 751 1601 808 ἀπεκεφάλισε,
1628 769 1728 809 συγ-

272 816 483 871 κλητικοὺς
501 817 546 859 δὲ
566 818 632 859 καὶ
658 814 814 872 μάγους
842 815 1047 874 φονεύσας
1089 815 1236 875 γράφει
1264 823 1322 877 τῷ
1340 823 1504 871 βασιλεῖ
1517 814 1728 874 Ῥωμαίων

108 931 123 942 ‚
273 884 487 940 ἐπιστολὴν
504 884 766 942 περιέχουσαν
784 889 907 942 τριῶν
925 890 1066 940 μηνῶν
1085 885 1242 928 ἔνδοσιν
1263 886 1454 941 πολέμου.
1523 890 1589 930 καὶ
1609 889 1726 932 ἀντέ-
1739 897 1783 931 10

126 961 158 994 O
182 961 250 997 213
273 964 430 1009 γραψεν
464 950 718 1006 ὃῬωμαίων
747 953 940 1006 βασιλεὺς
975 957 1034 1011 τῷ
1067 955 1277 1012 μαγίστρῳ
1312 959 1386 997 τοῦ
1425 955 1625 1006 δέξασθαι
1652 956 1728 1012 τὴν

274 1010 359 1062 τῶν.
384 1024 508 1077 τριῶν
539 1025 679 1076 μηνῶν
709 1019 866 1064 ἔνδοσιν
895 1021 962 1063 καὶ
993 1023 1135 1064 δοῦναι
1167 1020 1350 1078 ὁμήρους
1379 1024 1446 1065 καὶ
1479 1026 1618 1077 λαβεῖν
1645 1024 1727 1067 ἀπὸ

274 1092 473 1143 Περσῶν,
523 1086 714 1138 κελεύσας
743 1090 982 1148 Στρατηγίῳ
1011 1091 1079 1132 καὶ
1112 1087 1308 1149 Ῥουφίνῳ
1349 1097 1435 1141 τοῖς
1463 1096 1728 1148 πρεσβευταῖς

276 1156 460 1198 ἀνελθεῖν
480 1156 522 1198 ἓν
540 1157 766 1215 Βυζαντίῳ.

221 1235 252 1271 Β
376 1225 462 1265 Καὶ
490 1223 601 1282 αὐτῷ
629 1228 688 1283 τῷ
712 1221 849 1283 χρόνῳ
884 1219 1032 1268 Οῧννοι
1062 1222 1250 1282 Σάβηρες
1277 1223 1523 1282 περάσαντες
1551 1227 1620 1270 διὰ
1647 1231 1728 1270 τῶν
1740 1232 1782 1268 15

273 1292 475 1334 Κασπίων
502 1295 642 1334 πυλῶν
677 1290 939 1349 ἀνεφάνησαν
972 1294 1014 1335 ἓν
1036 1300 1123 1343 τοῖς
1141 1292 1379 1348 Ῥωμαϊκοῖς
1407 1295 1569 1351 μέρεσι,
1605 1312 1725 1351 πραι-

276 1357 461 1408 δεύοντες
482 1359 544 1401 ἐπὶ
563 1359 637 1414 τὴν
649 1359 864 1416 Ἀρμενίων
877 1358 1018 1417 χώραν
1032 1373 1043 1385 ·
1077 1362 1143 1403 καὶ
1171 1359 1432 1411 ἁπλῶσαντες
1454 1361 1625 1413 ἑαυτοὺς
1653 1381 1729 1406 κα-

276 1426 419 1481 τέσχον
438 1427 512 1476 ἕως
534 1431 609 1483 τῆς
626 1426 919 1484 Εὗφρατησιάς
935 1429 1002 1469 καὶ
1020 1431 1095 1482 τῆς
1128 1427 1319 1486 δευτέρας
1342 1431 1528 1479 Κιλικίας
1556 1433 1623 1473 καὶ
1647 1435 1729 1473 τῶν

275 1496 561 1551 Κυρηστικῶν.
599 1496 665 1537 καὶ
682 1495 802 1550 γνοὺς
819 1499 939 1537 τοῦτο
962 1493 982 1538 ὅ
1005 1496 1196 1550 βασιλεὺς
1206 1493 1429 1550 Ῥωμαίων,
1463 1497 1728 1551 μεταστειλά-

275 1577 398 1615 μενος
422 1561 495 1605 τόν
519 1563 729 1619 πατρίκιον
757 1560 970 1619 Ῥουφῖνον
1012 1563 1211 1606 ἐκέλευσεν
1248 1564 1360 1622 αὐτῷ
1389 1565 1564 1614 ἐξελθεῖν
1592 1567 1655 1608 ἐπὶ
1674 1566 1725 1608 τὰ
1736 1575 1784 1609 20

276 1628 497 1671 ἀνατολικὰ
515 1629 617 1685 με’ρη
640 1632 707 1673 καὶ
725 1635 877 1685 μαθεῖν
899 1632 934 1672 εἰ
963 1627 1041 1673 ἀπὸ
1069 1635 1143 1674 τοῦ
1167 1631 1367 1684 βασιλέως
1394 1635 1570 1688 Περσῶν
1593 1629 1726 1688 ἦλθον

277 1696 380 1739 κατὰ
396 1695 619 1752 Ῥωμαίων.
687 1699 753 1741 καὶ
772 1698 948 1748 ἐξελθὼν
961 1696 1171 1755 Ῥουφῖνος
1191 1700 1258 1741 καὶ
1284 1696 1470 1754 μηνύσας
1490 1705 1548 1758 τῷ
1568 1705 1733 1754 βασιλεῖ

277 1766 467 1821 Περσῶν,
503 1759 615 1823 εὗρεν
631 1763 693 1809 ὅτι
713 1765 760 1808 οὗ
782 1766 886 1808 κατὰ
903 1764 1066 1822 γνώμην
1085 1770 1159 1810 τοῦ
1176 1767 1375 1820 βασιλέως
1394 1770 1568 1824 Περσῶν
1593 1770 1633 1811 οἱ
1652 1769 1727 1811 αὗ-

277 1833 342 1875 τοὶ
370 1827 516 1876 Οὗννοι
543 1837 785 1892 παρῆλθον·
820 1835 890 1902 καὶ.
919 1832 1084 1890 γράψας
1116 1835 1330 1894 Δωροθέῳ
1371 1839 1429 1896 τῷ
1466 1835 1726 1894 στρατηλάτῃ

368 1939 404 1977 5.
425 1941 499 1977 τῶν
519 1941 588 1979 Ox.
679 1944 735 1979 19.
763 1943 1001 1989 Κηρυστικῶν
1024 1941 1091 1976 Ox.

278 2030 369 2064 dum.
414 2031 594 2076 „Legatos
615 2031 762 2068 Nostros
783 2032 828 2068 ad
850 2036 888 2068 te
910 2032 1027 2068 venire
1049 2043 1116 2068 non
1137 2032 1378 2079 permittimus=
1409 2045 1474 2070 nec
1494 2033 1581 2068 euim
1602 2034 1726 2069 Persa-

274 2086 348 2111 rum
370 2087 486 2120 regem
508 2077 564 2112 Te
585 2078 803 2123 agnoscimus.

367 2121 437 2156 Per
458 2122 495 2156 id
516 2126 646 2168 tempus
668 2124 849 2159 Persarum
873 2123 947 2158 Rex
969 2123 1189 2168 Manichaeis,
1215 2136 1279 2170 per
1299 2124 1477 2171 Imperium
1500 2124 1572 2167 ejus
1594 2123 1724 2169 degen-

276 2166 385 2208 tibus,
419 2167 595 2202 Haeresim
627 2179 718 2204 suam
740 2169 956 2214 indulgebat=
999 2170 1090 2215 quod
1116 2181 1184 2204 non
1205 2171 1354 2205 ferentes
1375 2170 1411 2204 in
1433 2181 1474 2204 eo
1498 2168 1616 2213 Magi,
1651 2182 1725 2204 cum

274 2211 479 2246 Proceribus
501 2212 599 2257 regni
621 2214 792 2248 consilium
813 2214 980 2257 inierunt,
1011 2215 1140 2260 Regem
1161 2215 1303 2260 imperio
1326 2227 1384 2250 suo
1409 2214 1626 2256 deturbandi,
1651 2216 1726 2249 fra-

277 2263 436 2301 tremque
466 2257 503 2292 in
521 2258 630 2292 locum
653 2259 724 2302 ejus
757 2259 966 2294 sufficiendi:
1003 2260 1080 2295 Hoc
1101 2260 1161 2294 ubi
1193 2260 1412 2296 intellexisset
1433 2260 1612 2293 Persarum
1635 2260 1725 2302 Rex,

275 2301 378 2335 fratri
401 2314 460 2338 suo
483 2306 586 2347 caput
608 2304 817 2347 amputavit3
853 2309 889 2338 et
910 2305 1022 2350 Magis
1045 2305 1167 2347 etiam,
1201 2306 1328 2351 quique
1347 2304 1480 2340 sceleris
1502 2305 1627 2339 conscii
1649 2305 1725 2339 fue-

278 2350 360 2392 runt
381 2347 585 2382 Proceribus
607 2348 683 2383 neci
701 2348 860 2391 traditis,
883 2350 1034 2385 inducias
1056 2362 1118 2396 per
1139 2354 1209 2385 tres
1231 2362 1357 2385 menses
1378 2350 1578 2395 Imperatori
1599 2350 1724 2385 Roma-

279 2403 323 2426 no
345 2403 409 2437 per
427 2392 544 2427 literas
566 2393 655 2427 ultro
677 2394 854 2429 concessit.
899 2395 1088 2440 Imperator
1109 2406 1191 2430 vero
1215 2395 1380 2440 Magistro
1403 2394 1590 2429 rescribens
1609 2396 1723 2439 jussit,

278 2437 452 2472 obsidibus
473 2437 614 2473 invicem
645 2436 732 2475 datis
754 2439 988 2484 acceptisque,
1023 2440 1122 2474 trium
1156 2441 1311 2475 mensium
1343 2439 1494 2474 inducias
1517 2440 1723 2485 acciperent.

280 2482 372 2523 Quin
396 2483 542 2527 Legatos
567 2495 712 2528 quoque,
735 2484 944 2528 Strategium
966 2488 1004 2519 et
1024 2485 1192 2526 Rufinum,
1217 2486 1417 2530 Byzantium
1438 2486 1625 2524 revocavit.

368 2527 491 2562 Iisdem
513 2529 719 2573 temporibus
738 2528 853 2564 Hunni
874 2529 1009 2570 Sabim,
1042 2530 1150 2575 portis
1174 2530 1306 2575 Caspiis
1326 2531 1500 2574 trajectis,
1522 2530 1557 2565 in
1580 2530 1723 2566 ditiones

279 2571 446 2607 Romanas
476 2573 694 2618 irruperunt,
734 2574 890 2619 regiones
922 2574 1088 2619 undique,
1125 2576 1312 2610 Armeniam
1334 2587 1442 2620 usque
1463 2576 1724 2622 depraedantes.

280 2616 371 2657 Quin
394 2622 430 2651 et
451 2618 553 2662 longe
574 2618 710 2663 lateque
733 2622 970 2660 excurrentes,
1006 2631 1069 2665 per
1090 2620 1347 2665 Euphratesiam
1372 2632 1527 2666 quoque,
1567 2621 1722 2655 Ciliciam

278 2662 457 2696 secundam
479 2668 515 2696 et
538 2664 764 2708 Cyrresticam
787 2664 931 2709 grassati
953 2668 1040 2699 sunt.
1087 2665 1165 2705 Quo
1189 2665 1317 2707 audito,
1339 2666 1530 2711 Imperator
1551 2666 1721 2700 Romanus

278 2706 436 2740 Rufinum
458 2707 643 2742 Patricium
664 2708 700 2743 in
721 2710 895 2744 Orientem
927 2709 1101 2754 expedivit
1124 2710 1335 2755 exploratum
1357 2722 1401 2745 an
1423 2723 1444 2745 a
1466 2712 1642 2746 Persarum
1665 2723 1721 2745 re-

278 2763 322 2795 ge
354 2752 514 2787 adversus
547 2753 715 2788 Romanos
745 2754 833 2789 missi
864 2755 1019 2796 fuerant,
1055 2765 1170 2790 necne.
1218 2756 1398 2791 Profectus
1427 2756 1547 2801 itaque
1569 2757 1720 2797 Rufinus,

277 2807 418 2842 eumque
449 2798 628 2834 Persarum
651 2809 732 2845 rege
764 2811 830 2846 per
850 2800 965 2836 literas
995 2799 1039 2835 de
1061 2800 1112 2835 his
1135 2811 1260 2846 agens;
1295 2801 1426 2836 omnino
1455 2802 1551 2846 hujus
1582 2805 1721 2847 praeter
