1838 3230
311 158 410 204 710
603 216 606 220 ,
894 151 1165 197 BENTLEII

191 273 220 307 V
242 273 287 307 22
426 266 516 318 Peg
547 270 640 311 172.
697 264 852 315 Καθως
875 265 897 308 ὅ
924 263 1153 319 σοφώτατος
1184 263 1408 320 Ευριπίδης
1445 264 1599 333 ἐξέθετο
1626 267 1756 321 δρᾶμα

312 339 547 376 ποιητικως,
578 319 635 364 ὧν
650 322 767 376 μέρος
791 319 924 375 ο’λίγον
951 323 1031 364 ἐστὶ
1058 327 1194 366 ταῦτα.
1250 324 1374 363 Multa
1396 313 1554 376 quidem
1575 324 1759 363 transcri-

314 380 392 433 psit
410 381 565 418 Malelas
588 394 635 419 ex
657 378 891 433 Iphigenia‘
876 394 918 418 ιη
942 380 1103 431 Tauris3
1131 393 1229 431 quae
1260 393 1310 419 ex
1330 393 1406 419 usu
1433 379 1552 419 fuerit
1570 379 1620 418 ad
1641 379 1759 418 Euri-

315 436 431 488 pidea
451 436 625 486 exigere,
657 448 736 486 quo
759 435 807 473 de
830 434 912 487 ejus
931 434 1108 473 doctrina
1130 442 1168 474 et
1186 436 1262 474 fide
1286 448 1587 487 cognoscamus:
1615 436 1648 474 si
1669 435 1758 487 quis

191 496 222 530 Ο
246 494 289 532 41
316 492 384 529 ilia
413 498 491 530 tam
516 492 612 529 dura
640 491 800 539 habeat,
828 496 875 528 ut
908 503 989 528 eam
1017 491 1232 530 molestiam
1257 491 1447 531 devorare
1468 491 1612 555 possit.
1662 490 1761 530 Mihi

317 548 441 596 enim,
472 548 538 598 qui
554 548 634 599 jam
650 547 779 586 lentus
798 553 837 585 et
867 546 1090 584 fastidiosus
1117 561 1198 585 esse
1226 548 1358 599 coepi,
1388 547 1499 586 dabis
1522 547 1698 595 veniam3
1726 546 1761 584 si

315 605 430 655 plura
457 603 638 654 :ejiciens
672 609 709 641 et
734 615 966 655 aspernans,
1001 603 1318 654 unumquidquid
1347 603 1458 655 quod
1489 602 1562 642 erit
1591 602 1760 642 bellissi-

317 673 425 698 mum
446 672 643 710 carpsere.
701 658 818 696 Velut
845 657 946 696 illud
965 672 1005 710 p.
1027 662 1120 701 172.
1147 660 1189 697 in
1211 659 1404 698 oraculo:
1438 659 1493 699 Εἰ
1513 655 1567 711 μή
1587 653 1765 724 περάσας

320 711 477 754 Πόντου
494 711 650 767 κύματα
667 714 851 764 Σκυθίης
867 728 908 753 τε
907 717 1043 782 γαῖαν
1062 711 1320 766 καταλάβοις,
1350 711 1523 763 Αυλίδος
1551 729 1592 755 τε
1610 710 1763 767 χώραν.

321 776 359 809 et
380 773 471 812 173
504 770 754 821 κατέφθασεν
780 769 845 809 ἐπὶ
869 784 943 820 την
973 765 1128 810 Αὐλίδα
1156 767 1287 823 χώραν
1318 773 1389 821 τῆς
1413 770 1606 818 Σκυθίας.
1662 770 1764 809 Male

318 839 414 863 xero
435 827 486 864 sit
504 827 614 865 vobis
643 831 829 876 quantum
862 831 920 863 est
949 825 1285 877 Geographorum.
1342 827 1451 876 Rogo
1474 840 1568 876 vos,
1598 839 1647 863 an
1668 827 1764 877 Scy-

319 881 463 920 thicam
483 882 593 920 illam
617 881 794 920 Aulidem
817 880 972 919 silentio
994 883 1304 950 praetermissam
1324 882 1534 934 oportuit?
1560 881 1685 933 quid?
1715 894 1764 919 an

319 930 425 975 ultra
443 938 737 976 cimmeriorum
764 937 859 975 fines
886 937 1055 976 latitabit
1079 933 1169 991 ηὲρι
1197 937 1264 978 καὶ
1301 936 1446 993 νεφέλῃ
1478 936 1764 990 κεκαλυμμένη,

322 993 418 1031 adeo
437 1000 482 1031 ut
505 1007 619 1032 nemo
636 1000 811 1031 vestrum
833 1005 957 1043 usque
982 1006 1027 1030 eo
1058 993 1231 1044 potuerit
1253 993 1377 1031 oculis
1398 978 1659 1032 contendere?
1688 994 1768 1030 Eu-

322 1061 369 1097 ge
388 1062 481 1086 vero
495 1079 505 1098 ,
536 1065 565 1089 ω
590 1049 844 1090 Ιωαννίδιον·
879 1049 1055 1100 profecto
1077 1056 1190 1100 aptus
1208 1055 1322 1087 natus
1349 1062 1389 1087 es
1409 1048 1460 1086 ad
1489 1049 1616 1087 onmia
1635 1048 1768 1087 abdita

322 1110 361 1142 et
380 1111 527 1142 retrusa
548 1105 870 1155 contemplanda:
898 1110 976 1142 tam
998 1105 1076 1142 acri
1097 1119 1136 1143 es
1159 1105 1242 1143 acie
1273 1111 1311 1143 et
1331 1104 1470 1143 meniis
1491 1111 1530 1143 et
1550 1105 1767 1144 oculorum.

540 1161 617 1199 Sed
636 1167 765 1199 tamen
785 1166 914 1198 amoto
943 1173 1172 1210 quaeramus
1191 1161 1287 1199 seria
1308 1160 1418 1200 ludo.

326 1214 528 1253 Geminam
546 1215 790 1267 Iphigeniam
807 1215 919 1254 etiam
945 1216 1055 1267 pueri
1074 1216 1201 1254 sciunt
1222 1216 1448 1268 Euripidem
1467 1215 1669 1263 docuisse,
1695 1230 1771 1267 την

323 1269 368 1310 ἐν
393 1267 562 1322 Ταύροις
581 1278 619 1309 et
640 1269 713 1322 τὴν
733 1272 774 1311 ἐν
789 1268 944 1310 Αὐλίδι.
1003 1271 1190 1321 Joannes,
1219 1286 1307 1310 cum
1329 1273 1480 1310 Tauros
1499 1285 1583 1310 esse
1604 1270 1770 1323 Scythas

326 1325 375 1363 ab
399 1325 531 1376 aliquo
552 1327 769 1375 didicisset,
799 1327 912 1364 etiam
931 1327 1133 1375 Aulidem,
1164 1341 1263 1378 quae
1281 1328 1462 1366 Boeotiae
1492 1327 1679 1379 oppidum
1699 1333 1771 1375 est,

325 1381 525 1431 regionem
551 1382 598 1420 iis
624 1382 824 1419 finitimam
853 1395 933 1419 esse
961 1382 1171 1420 arbitratus
1200 1389 1268 1422 est.
1327 1383 1372 1421 Ρ.
1396 1386 1487 1424 173.
1532 1380 1705 1430 Τούτους
1728 1381 1772 1422 δὲ

327 1433 540 1489 ἑωρακότες
569 1434 755 1490 βουκόλοι
782 1437 948 1503 ε’δραμον
971 1435 1066 1490 πρὸς
1092 1436 1166 1488 τὴν
1195 1436 1430 1504 Ιφιγὲνειαν
1443 1436 1618 1490 λέγοντες
1645 1435 1768 1492 αὐτῆ·

326 1492 612 1543 Αγαμέμνονος
631 1492 699 1532 καὶ
717 1489 1064 1544 Κλυταιμνήστρας
1086 1491 1210 1545 Κόρη,
1239 1490 1359 1545 ἤκασι
1381 1489 1456 1533 δύο
1478 1495 1679 1534 νεανίσκοι
1698 1507 1771 1533 πα-

327 1545 377 1601 ροῖ
395 1563 467 1600 την
486 1548 679 1589 κυανέαν·
721 1561 819 1598 quae
834 1561 884 1586 ex
904 1547 964 1586 his
984 1549 1203 1600 Euripideis
1223 1562 1405 1615 expressa
1422 1554 1527 1589 sunt.

439 1607 559 1644 Βουκ
623 1603 926 1658 Λγαμὲμνονος,
959 1608 1053 1651 παῖ,
1081 1604 1149 1644 καὶ
1168 1600 1515 1671 Κλυταιμνήστρας
1545 1599 1659 1658 κόρη,

625 1665 759 1702 Λκουε
785 1662 937 1699 καινῶν
965 1659 1004 1709 ἐξ
1032 1659 1129 1726 ἐμοῦ
1156 1673 1432 1714 κηρυγματων.

441 1719 507 1761 Ιφ.
631 1717 678 1756 Τί
705 1711 744 1755 δ’
780 1714 861 1755 ἐστι
887 1718 959 1755 τοῦ
987 1712 1178 1767 παρόντος
1213 1717 1447 1783 ἐκπλῆσσον
1464 1709 1603 1769 λόγους

440 1774 559 1812 Βουκ.
629 1774 807 1811 Ηκουσιν
836 1771 892 1818 εἷς
921 1774 1000 1823 γῆν
1028 1775 1214 1812 Κυανεαν
1242 1767 1530 1827 συμπληγαδων

629 1823 766 1882 Πλάτῃ
797 1823 990 1879 φυγόντες
1024 1828 1202 1880 δίπτυχοι
1230 1828 1393 1868 νεανίαι.

329 1881 446 1921 Vides
478 1867 780 1921 Antiochensein
809 1882 916 1920 hunc
944 1883 1000 1921 ita
1031 1882 1287 1936 ἐπαριστέρως
1318 1883 1518 1947 accepisse
1546 1880 1773 1919 sententiam

330 1938 551 1989 Euripidis,
582 1945 768 1988 tanquam
790 1938 822 1976 si
841 1938 896 1985 εις
917 1941 993 1991 γῆν
1017 1939 1197 1979 Κυανὲαν
1219 1939 1456 1991 conjunctim
1462 1937 1649 1976 'dixisset
1694 1936 1772 1974 Vos

330 1993 474 2030 iterum
503 1994 629 2043 apello
660 1994 708 2032 de
729 2000 832 2032 terra
851 1993 927 2031 hac
955 1995 1129 2046 Cyanea3
1157 2009 1229 2034 vos
1259 1995 1326 2045 qui
1359 1991 1626 2045 Geographiae
1654 1992 1774 2041 magi-

335 2054 437 2086 stros
466 2061 538 2085 vos
561 2049 812 2099 pollicemini.
872 2050 977 2096 Quid
997 2057 1125 2088 autem
1153 2050 1391 2089 mussitatis?
1419 2063 1508 2087 nam
1526 2048 1710 2086 Joannem
1730 2060 1775 2084 ea

333 2104 421 2141 loca
444 2103 655 2141 convisisse
674 2104 870 2143 cedrenus
887 2105 1066 2155 assumat,
1095 2120 1258 2170 prorsus
1274 2106 1436 2146 οἴκοθεν
1454 2104 1478 2146 o‘
1493 2100 1651 2156 μάρτυς.
1700 2103 1775 2140 Da-

333 2172 424 2196 mno
454 2158 585 2209 itaque
623 2160 825 2198 stultitiam
857 2175 1002 2210 meam,
1048 2163 1114 2212 qui
1143 2164 1330 2202 Κυανεσῖν
1366 2174 1456 2198 cum
1485 2154 1776 2210 συμπληγάδων

335 2215 615 2266 componebam
639 2214 836 2253 hactenus.
893 2216 1023 2267 Atque
1047 2217 1179 2256 hercle
1204 2231 1301 2256 vero
1328 2216 1450 2264 serio,
1479 2215 1624 2265 nequid
1657 2214 1776 2252 dissi-

334 2271 497 2319 mulem,
529 2284 603 2308 non
636 2270 764 2321 placet
792 2271 866 2309 iste
895 2271 1028 2311 locus:
1060 2287 1184 2325 neque
1205 2273 1305 2311 enim
1333 2271 1450 2310 video
1479 2271 1597 2308 curii
1611 2269 1775 2307 bubulci

209 2333 242 2369 0
264 2330 310 2370 42
336 2339 514 2363 sermone
542 2326 685 2364 Dorico
711 2332 926 2364 uterentur.
983 2328 1112 2378 Quid,
1153 2330 1317 2378 malum,
1363 2340 1412 2365 an
1439 2325 1592 2364 Siculos
1624 2338 1666 2364 se
1692 2338 1776 2365 esse

334 2381 593 2430 somniabant,
629 2394 706 2420 non
732 2382 1077 2434 Tauro-Scythas?

548 2438 749 2488 Δωρίσδεν
777 2434 819 2477 δ’
854 2436 992 2486 ἔξεστι,
1031 2440 1154 2488 δοκῶ,
1189 2442 1272 2486 τοῖς
1299 2436 1545 2489 Δωριέεσσιν.

336 2491 457 2542 Atqui
484 2493 733 2542 quantumvis
762 2499 885 2531 esse'nt
906 2494 1126 2543 Dorienses,
1156 2495 1188 2532 si
1216 2490 1538 2534 πλατειάσδοισαν
1557 2506 1665 2530 suam
1691 2491 1775 2530 dia-

335 2547 461 2585 lecton
497 2553 606 2585 extra
638 2548 801 2588 chorum
837 2548 1119 2594 adhibuissent,
1149 2563 1216 2587 rus
1245 2547 1427 2587 continuo
1456 2549 1520 2586 vel
1550 2549 1591 2586 in
1620 2548 1775 2585 ultimas

337 2608 463 2640 terras
488 2603 658 2640 mandati
688 2611 811 2642 essent
829 2619 909 2642 non
930 2600 1010 2643 sine
1034 2606 1262 2645 infortunio.
1319 2603 1456 2642 Sciunt
1482 2604 1523 2642 id
1544 2605 1612 2655 qui
1634 2603 1773 2641 harum

335 2657 535 2696 literarum
574 2665 727 2708 gustum
760 2660 925 2710 aliquem
956 2660 1113 2702 habent.
1184 2660 1296 2698 Adde
1328 2661 1550 2698 Orationem
1582 2660 1775 2698 soloecam

337 2726 443 2761 esse3
471 2721 516 2751 ut
535 2714 688 2764 quidem
706 2728 809 2752 nunc
825 2715 1010 2756 habetur:
1039 2717 1106 2755 sed
1124 2721 1246 2769 certe,
1266 2714 1308 2754 >si
1327 2729 1400 2767 pro
1419 2729 1513 2754 sano
1533 2717 1687 2755 locutus
1704 2722 1774 2763 est,

339 2769 395 2806 sic
414 2770 569 2820 scripsit
587 2770 814 2823 Euripides:
