1838 3230
443 154 1055 201 CHRONOGRAPHIA.
1111 153 1159 197 L.
1189 153 1264 198 lX.
1496 159 1597 206 217

119 276 236 335 ὕδωρ
269 276 351 321 ἀπὸ
384 277 472 321 τῶν
509 276 735 333 λεγομένων
773 272 938 319 ὑδάτων
978 281 1053 332 τῆς
1087 277 1357 330 Λαοδικηνῆς
1393 273 1494 318 ὄδοῢ
1529 275 1598 318 διὰ
1623 282 1656 317 0
1680 282 1749 318 279

121 351 198 390 τοῦ
225 346 321 404 παρ’
346 345 475 390 αὖτοῧ
503 345 741 395 κτισθέντος
770 345 943 401 ἇγωγοῦ.
1016 346 1144 388 ἔκτισε
1165 346 1209 388 δὲ
1231 346 1314 387 ἐκεῖ
1326 343 1411 387 ἄνω
1431 345 1498 386 καὶ
1518 362 1598 399 μο-

120 413 318 470 νομάχιον
336 416 403 459 καὶ
421 414 623 471 θέατρον·
660 413 852 457 ἀνενέωσε
889 414 934 457 δὲ
966 416 1033 457 καὶ
1065 413 1112 458 τὸ
1135 412 1356 467 Πάνθεον,
1391 413 1594 469 μέλλοντα
1616 421 1650 457 Ε

122 485 378 539 συμπίπτειν,
409 483 615 541 ἀνεγείρας
633 482 706 526 τὸν
722 481 880 538 βωμόν.

89 589 114 626 5
223 575 312 619 ’Καὶ
331 576 372 618 ἓν
387 575 666 634 Ἀλεξανδρείᾳ
690 578 742 632 τῇ
763 571 919 631 μεγάλῃ
943 573 1139 618 ἀπελθών
1161 573 1311 618 ἔκτισεν
1331 572 1450 617 ε’κεΐὸ
1475 573 1600 625 αὐτὸς

121 645 292 699 Καῖσαρ
330 646 385 694 εἷς
415 643 544 698 ὄνομα
573 649 646 686 τοῦ
679 644 784 686 ῗὸίου
820 643 948 685 αὐτοῦ
975 644 1066 686 υῗοῢ
1102 638 1148 686 οὗ
1171 643 1282 698 ἴσχεν
1304 640 1598 686 ἀπδΚλεοπάο

123 729 240 769 τρας,
277 707 327 768 ἧς
349 714 538 769 ἐφίλησεν
560 711 616 762 ὡς
638 712 815 767 εὐπρεπῆ
841 707 991 755 οὖσαν·
1027 711 1168 768 ἥντινα
1191 707 1313 768 ηὗρεν
1333 714 1389 762 εἲς
1412 712 1486 768 τὴν
1510 715 1600 768 Θη-

123 783 253 837 βαΐδα
275 784 525 837 διωχθεῖσαν
553 779 632 824 ὕπὸ
652 786 724 825 τοῦ
756 783 861 824 ἰδίου
883 781 1011 836 αὐτῆς
1039 781 1218 837 ἀδελφοῦ
1239 783 1503 836 Πτολεμαίου
1528 786 1601 824 λυ-

124 850 330 905 πηθέντος
352 850 455 907 πρὸς
473 849 614 905 αὐτήν.
657 848 811 905 ταύτην
835 848 1037 906 ὃΚαΐσαρ
1055 852 1233 907 φθείρας
1252 849 1391 906 ἔγκυον
1413 849 1575 907 ἐποίησε
1588 865 1598 874 ·

69 935 116 971 10
127 921 196 963 καὶ
221 919 428 976 ἐγέννησεν
448 917 552 971 υἱόν,
591 919 636 962 ὃν
661 918 872 962 ἔπεκάλεσε
895 917 1137 975 Καισάριον.
1208 921 1263 969 εἷς
1280 918 1411 974 ὄνομα
1433 914 1505 979 οὖν
1525 924 1599 963 τοῦ
1622 929 1654 964 V
1676 931 1723 966 92

87 998 90 1000 ’
125 989 232 1032 ῗδίου
252 988 345 1031 υἶοῦ
366 990 433 1032 καὶ
454 989 502 1031 τὸ
527 986 757 1045 Καισάριον
779 987 929 1031 ἔκτισεν
952 986 973 1031 ὃ
993 987 1118 1038 αὐτὸς
1134 985 1302 1039 Ἰούλιος
1325 986 1346 1031 ὅ
1367 991 1536 1045 Καῖσαρ
1559 989 1601 1031 ἕν

119 1056 402 1118 Ἀλεξανδρείᾳ
429 1062 478 1115 τῇ
508 1056 676 1114 μεγάλῃ.
747 1059 815 1099 καὶ
837 1057 1019 1111 ἐκβαλὼν
1043 1056 1114 1099 τὸν
1135 1056 1313 1114 ἀδελφὸν
1334 1057 1462 1113 αὐτῆς
1482 1061 1601 1101 Πτο-

126 1129 294 1180 λεμαῖον
322 1127 366 1169 ἔκ
395 1130 470 1182 τῆς
497 1127 709 1180 βασιλείας
738 1130 821 1168 τῶν
848 1127 1082 1181 Αἰγυπτίων
1117 1124 1263 1169 ἔδωκεν
1293 1125 1398 1184 αὐτῇ
1427 1126 1500 1182 τὴν
1518 1132 1601 1181 βα·-

127 1196 281 1238 σιλείαν
307 1196 548 1251 Αἰγυπτίων
558 1228 571 1247 ,
610 1192 813 1252 φονεύσας
833 1197 898 1237 καὶ
919 1194 1017 1244 τούς
1038 1192 1111 1237 δύο
1136 1192 1353 1250 εὐνούχους
1374 1195 1471 1245 τοὺς
1489 1194 1602 1238 εἰσά-

71 1278 116 1313 15
129 1265 280 1315 ξαντας
307 1263 380 1307 τὸν
408 1267 671 1318 Πτολεμαῖον
704 1264 759 1314 εἷς
790 1265 985 1319 Θηβαΐδα
1008 1264 1187 1320 ἐξορίσαι
1217 1263 1292 1319 τὴν
1312 1263 1598 1321 Κλεοπάτραν.

125 1329 147 1375 ὁ
179 1333 224 1375 δὲ
255 1333 346 1383 υἱὸς
374 1337 448 1387 τῆς
482 1331 755 1390 Κλεοπάτρας
792 1334 859 1375 καὶ
890 1337 965 1376 τοῦ
1008 1332 1136 1375 αὐτοῦ
1170 1334 1386 1391 Καίσαρος
1415 1331 1602 1376 ἐτελεύτα

122 1398 280 1459 μικρός.

225 1492 292 1535 Ἐν
314 1493 359 1535 δὲ
378 1497 429 1550 τῇ
444 1490 583 1550 Ῥώμῃ
601 1493 737 1536 ἐλθὼν
758 1491 780 1535 ὃ
803 1493 929 1543 αὐτὸς
947 1496 1115 1550 Καῖσαρ
1137 1491 1294 1552 ἐσφάγη
1315 1492 1396 1537 ὕπὸ
1415 1498 1490 1537 τοῦ
1510 1496 1603 1536 δευ-

125 1560 245 1617 τέρου
276 1560 468 1619 Βρούτου
489 1564 556 1604 καὶ
578 1561 714 1605 ἄλλων
732 1562 816 1617 μετ’
840 1562 968 1606 αὐτοῦ
994 1564 1367 1619 συμποιησαμένων
1387 1567 1604 1619 συγκλητι-

71 1635 210 1680 2οκῶν
243 1631 308 1673 ἐπὶ
331 1635 404 1685 τῆς
430 1628 626 1681 ὖπατείας
643 1633 940 1687 Χρυσαυρίκου
969 1634 1036 1674 καὶ
1065 1632 1283 1675 Ἀντωνίου
1318 1632 1366 1675 τὸ
1398 1630 1602 1688 δεύτερον.
1629 1643 1662 1678 0
1686 1645 1756 1680 280

125 1701 363 1755 χρηματίζει
384 1694 456 1743 οὖν
477 1697 502 1754 ἦ
522 1699 677 1755 μεγάλη
703 1698 924 1754 Ἀντιόχεια
944 1701 1050 1743 κατὰ
1078 1700 1200 1757 τιμὴν
1221 1703 1312 1751 ἔτος
1330 1705 1496 1758 πρῶτον
1522 1700 1604 1744 ἀπὸ

130 1772 205 1811 τοῦ
229 1767 356 1811 αὐτοῦ
381 1770 598 1825 Καίσαρος
615 1772 655 1810 Γ
653 1772 744 1811 α’ίου
756 1769 941 1812 Ἰουλίου.

220 1878 254 1912 2.
278 1874 508 1923 μονομάχιον
525 1878 603 1920 Ch.‚
627 1875 806 1923 μονάχιον
824 1878 894 1913 Ox.
943 1878 1047 1914 conf.
1066 1877 1111 1913 ad
1129 1890 1161 1924 p.
1184 1879 1260 1915 105.
1277 1879 1320 1914 B.
1390 1879 1422 1914 7.
1448 1872 1506 1923 ἧς]
1531 1874 1605 1923 ἦν’.)

222 1927 278 1961 11.
316 1921 336 1960 ὁ
362 1924 529 1969 Καῖσαρ]
554 1924 657 1959 Immo
683 1927 841 1968 Καῖσαρ.
946 1926 1002 1960 20.
1039 1923 1099 1960 ἐπὶ
1123 1925 1189 1970 τῆς
1211 1923 1391 1965 ὑπατείας
1413 1925 1607 1970 Χρυσαυρί

221 1983 291 2006 κου
323 1972 386 2007 καὶ
413 1969 628 2015 Ἀντωνίου]
678 1971 894 2014 „Antonium
927 1971 1063 2016 quidem
1097 1976 1135 2007 et
1165 1971 1347 2006 Isauricum
1377 1972 1476 2018 ponit
1508 1972 1603 2006 Coss.

221 2017 303 2052 Chr.
329 2017 423 2053 Alex.
448 2021 590 2060 auctor3
613 2017 674 2052 sed
697 2017 743 2052 ad
765 2018 832 2054 Jul.
860 2018 959 2053 Caes.
986 2029 1040 2052 an.
1064 2018 1145 2054 H.“
1193 2018 1259 2053 Ch.

131 2120 245 2155 aqua,
284 2121 306 2144 a
328 2109 478 2145 fontibus
508 2110 598 2144 Viae
620 2109 837 2144 Laodicenae
860 2108 982 2151 dictis,
1020 2120 1084 2155 per
1107 2109 1356 2155 aquaeductum
1381 2121 1402 2144 a
1425 2121 1461 2145 se
1486 2112 1604 2144 extru-

130 2161 245 2198 ctum,
268 2155 350 2190 illuc
373 2157 553 2202 perducta.
602 2156 764 2191 Condidit
788 2156 890 2190 etiam
911 2155 1037 2190 ibidem
1061 2156 1310 2191 Gladiatorium
1334 2160 1370 2192 et
1393 2156 1603 2198 Theatrum3

129 2197 319 2237 Pantheum
341 2202 443 2246 item,
467 2203 588 2237 ruinae
611 2202 820 2248 proximum,
844 2201 1067 2245 instauravit3
1092 2214 1154 2238 ara
1179 2203 1282 2237 etiam
1302 2202 1463 2237 excitata.

221 2270 307 2306 Inde
339 2271 581 2306 Alexandriam
612 2283 767 2316 magnam
800 2271 994 2316 profectus,
1030 2271 1228 2306 Caesarium
1265 2272 1388 2314 etiam,
1426 2283 1447 2306 a
1469 2270 1603 2306 nomine

132 2316 184 2351 sui
206 2327 250 2351 ex
272 2316 461 2363 Cleopatra
483 2317 567 2359 filii,
609 2317 734 2352 ibidem
759 2317 922 2352 extruxit.
970 2318 1055 2352 Cum
1088 2318 1176 2353 enim
1199 2318 1375 2352 Thebaidi
1398 2317 1433 2352 in
1457 2318 1607 2362 Cleopa-

131 2367 240 2404 ἱηιη,
274 2374 295 2398 a
317 2363 428 2398 fratre
449 2376 508 2399 suo
532 2363 729 2398 Ptolomaeo
753 2363 808 2397 ira
831 2363 867 2397 in
890 2374 963 2398 eam
985 2376 1148 2407 accenso,
1184 2364 1374 2409 expulsam,
1407 2365 1498 2397 forte
1522 2362 1608 2396 inci-

133 2407 258 2451 disset3
284 2420 401 2444 amore
423 2411 497 2454 ejus
519 2410 649 2454 (forma
671 2409 758 2444 enim
782 2413 859 2444 erat
874 2411 1036 2455 venusta)
1059 2416 1249 2456 correptus,
1274 2410 1471 2455 compressit
1487 2409 1607 2454 ipsam,

133 2452 308 2500 filiumque
339 2467 383 2490 ex
406 2468 448 2491 ea
471 2455 613 2498 habuit,
652 2467 751 2502 quem
776 2455 975 2491 Caesarium
1011 2456 1212 2502 appellavit.
1259 2457 1458 2490 Ptolomaeo
1483 2454 1608 2489 deinde

135 2499 341 2546 Cleopatrae
363 2501 495 2544 fratre,
531 2514 637 2550 reguo
663 2501 911 2547 Aegyptiorum
936 2502 1053 2548 puls03
1096 2502 1270 2537 Eunuchis
1305 2502 1406 2536 etiam
1430 2501 1498 2535 illis
1522 2500 1609 2535 duo-

134 2545 218 2586 bus,
259 2546 318 2591 qui
339 2546 537 2582 Ptolomaeo
563 2548 773 2593 Cleopatrae
797 2547 1012 2583 Thebaidem
1045 2549 1255 2594 relegandae
1278 2552 1434 2582 auctores
1457 2548 1609 2589 fuerant,

134 2590 344 2634 intersectis;
387 2592 420 2627 ei
455 2594 705 2639 Aegyptiorum
738 2605 880 2640 regnum
911 2595 1088 2630 concessit.
1152 2595 1261 2629 Filius
1283 2605 1366 2629 vero
1391 2593 1550 2628 Caesaris
1573 2598 1609 2628 et

136 2636 344 2682 Cleopatrae
365 2640 526 2684 parvulus
548 2640 693 2675 interiit.

228 2703 412 2739 Caeterum
430 2706 572 2742 Romam
595 2718 755 2743 reversus
779 2708 927 2752 Caesar,
951 2721 973 2744 a
995 2709 1105 2744 Bruto
1128 2706 1299 2750 secundo,
1323 2706 1467 2752 aliisque
1489 2707 1606 2752 conju-

135 2749 223 2785 ratis
258 2760 300 2783 ex
333 2749 578 2795 Senatnribus,
610 2753 740 2789 occisus
764 2760 836 2790 est:
880 2755 1113 2801 chrysaurico
1138 2759 1174 2788 et
1197 2752 1343 2788 Antonio
1366 2753 1490 2788 iterum
1513 2753 1604 2787 Coss.

134 2795 263 2850 1¹¹⁶}Pit
283 2794 392 2850 igitur
421 2799 513 2832 Aera
534 2799 765 2843 Antiochena,
801 2801 837 2835 in
859 2801 1022 2836 illustrem
1053 2799 1145 2834 urbis
1167 2801 1240 2844 ejus
1268 2799 1480 2844 memoriam,
1519 2811 1541 2835 a
1561 2799 1605 2833 C.

134 2842 219 2878 Julu
242 2841 399 2877 Caesans
420 2853 506 2878 anno
528 2854 554 2879 ι.
