1838 3230
426 196 1054 243 cunoNoGRAPmA.
1110 196 1159 241 L.
1189 196 1286 241 ΧΠ.
1489 203 1599 251 239,

119 321 225 375 ζωῆς
253 323 328 363 τοῦ
362 318 624 376 στεφθέντος.
696 319 732 361 εἴ
763 318 808 361 δὲ
832 318 898 360 καὶ
923 317 1199 374 ἐργαστηρίων
1220 321 1343 360 τινῶν
1363 316 1588 372 {Monetam

119 385 412 444 ἀλειτούργητοι
439 387 550 442 ἔμενε
569 386 640 430 τὸν
654 384 807 441 χρόνον
826 391 899 441 τῆς
921 388 1024 442 ζωῆς
1048 386 1176 428 αὐτοῦ
1195 385 1325 440 μόνου
1347 385 1374 429 ἃ
1398 385 1498 442 εἶχεν
1518 388 1587 442 ἒρ-
1610 393 1642 428 D

118 454 320 513 γαστήρια
345 454 367 499 ὃ
390 453 701 513 ἀγωνισάμενος.
773 459 965 498 τοσοῦτοι
992 457 1036 498 δὲ
1056 451 1163 498 αἶσαν
1185 455 1224 498 οἱ
1245 453 1452 510 ἐρχόμενοι
1480 456 1590 512 ἀγω-

119 526 320 568 νίσασθαι
342 522 404 568 ὅτι
429 524 506 579 οὐχ
521 521 845 580 ὑπερεβάλλοντο
867 524 1059 582 ἀριθμῷ,
1098 523 1186 566 ἀλλ’
1212 522 1335 574 ὅσους
1353 524 1503 579 συνέβη
1524 526 1591 567 37„-

86 597 213 636 5θεῖν
245 593 351 636 κατὰ
379 590 516 649 τάγμα
546 594 613 634 καὶ
641 593 717 635 εἴτε
748 593 863 643 νέους
900 593 977 635 εἴτε
1007 593 1243 649 παρθένους
1277 591 1403 650 κόρας
1433 591 1591 644 πάντας

110 659 342 719 ἐθεώρουν.
411 662 477 704 καὶ
500 661 599 704 ποτὲ
614 662 690 715 μὲν
713 665 876 716 πλῆθος
893 661 1038 718 ἤρχετο
1057 659 1175 714 πολύ,
1214 662 1313 704 ποτὲ
1333 661 1407 705 οὐκ
1426 661 1587 720 ἤρχετο,

121 730 225 786 πρὸς
241 729 340 780 τοὺς
351 727 527 786 χρόνους
546 731 613 772 καὶ
636 729 733 780 τοὺς
755 730 928 785 ἀνέμους
947 734 1021 786 τῆς
1042 728 1276 785 θαλάσσης.

218 798 306 841 Ἐπὶ
328 799 372 841 δὲ
391 803 465 854 τῆς
490 802 563 841 τοῦ
588 799 714 841 αὐτοῦ
736 797 967 854 Κομμόδου
987 800 1199 852 βασιλείας
1217 798 1370 842 ἔπαθεν
1387 797 1467 843 ὖπό
1489 804 1590 843 θεο-

117 866 268 922 μηνίας
288 865 565 922 Νικομήδεια,
596 866 848 923 μητρόπολις
867 873 939 924 τῆς
958 869 1184 920 Βιθυνίας,
1222 868 1269 910 τὸ
1297 869 1436 922 τρίτον
1465 868 1592 924 αὐτῆς

64 943 110 978 10
119 932 259 986 πάθος
278 936 352 986 ἕως
372 941 447 990 τῆς
467 935 804 986 Μουδουπόλεως
821 939 888 980 καὶ
906 941 980 980 τοῦ
1001 941 1190 990 ποταμοῦ
1208 941 1282 980 τοῦ
1299 935 1519 993 Σαγάρεως
1538 940 1590 980 τὰ

118 1003 234 1060 πέριξ
249 1006 347 1059 μηνὶ
376 1008 486 1063 μα’ί·ῳ
514 1009 572 1063 τῷ
604 1006 670 1047 καὶ
700 1005 919 1064 ἀρτεμισίῳ
952 1003 988 1061 γ’
1022 1007 1078 1054 εἷς
1104 1005 1151 1048 τὸ
1183 1001 1317 1060 αὗγος.
1388 1007 1455 1047 καὶ
1484 1009 1587 1048 πολ·
1610 1015 1644 1050 Ο
1667 1017 1735 1052 381

119 1072 174 1115 λὰ
192 1073 408 1129 ἐχαρίσατο
429 1071 450 1116 ὃ
470 1073 664 1127 βασιλεὺς
683 1078 735 1131 τῇ
755 1074 860 1132 αὐτῇ
883 1072 993 1118 πόλει
1013 1076 1079 1116 καὶ
1101 1069 1305 1130 ἀνήγειρεν
1329 1072 1470 1130 αὐτήν.
1611 1085 1645 1119 Ε

219 1141 308 1184 Ἐπὶ
337 1142 382 1184 δὲ
414 1146 488 1184 τοῦ
519 1142 647 1185 αὐτοῦ
667 1141 899 1198 Κομμόὸου
924 1140 1084 1199 κτήτωρ
1112 1159 1172 1193 τις
1194 1144 1262 1185 καὶ
1282 1141 1592 1196 πολιτευόμενος

114 1208 359 1265 Ἀντιοχείας
377 1214 450 1266 τῆς
462 1209 641 1267 μεγάλης
658 1210 827 1266 ὀνόματι
839 1209 1110 1268 Ἀρταβάνης,
1144 1208 1391 1267 ἀλυτάρχης,
1417 1211 1523 1265 μετὰ
1542 1212 1589 1254 τὸ

66 1285 110 1320 15
123 1282 337 1336 πληρῶσαι
361 1278 409 1323 τὸ
429 1278 645 1337 στεφάνων
665 1285 748 1323 τῶν
770 1280 1004 1334 Ὀλυμπίων
1028 1281 1069 1322 ἓν
1087 1278 1242 1338 Δάφνῃ
1271 1278 1591 1336 ἐφιλοτιμήσατο

119 1347 250 1404 ῥίψας
283 1348 326 1390 ἓν
353 1352 404 1405 τῇ
433 1347 522 1408 ἱερᾷ
548 1346 704 1406 Δάφνῃ
732 1353 791 1408 τῷ
829 1347 946 1408 δήμῳ
979 1351 1192 1403 καλαμίων
1224 1347 1424 1403 συντόμια
1454 1349 1584 1392 πολλὰ
1610 1359 1642 1393 V
1667 1357 1735 1394 124

119 1415 257 1471 ἄρτων
275 1415 594 1470 διαιωνιζόντων,
616 1418 789 1468 καλέσας
807 1418 904 1469 τούς
925 1417 1074 1468 αὐτοὺς
1094 1417 1245 1475 ἄρτους
1270 1418 1500 1467 πολιτικοὺς
1522 1417 1590 1459 διὰ

118 1484 167 1528 τὸ
197 1489 248 1542 τῇ
281 1486 366 1544 ἰδίᾳ
392 1485 520 1528 αὐτοῦ
548 1484 661 1529 πόλει
688 1485 862 1537 τούτους
887 1489 1170 1545 χαρίσασθαι,
1210 1487 1413 1544 ἀφορίσας
1435 1487 1478 1528 ἐκ
1507 1490 1589 1529 τῶν

120 1554 234 1597 ἰδίων
257 1555 421 1611 χωρίων
441 1552 646 1612 πρόσοδον
671 1555 1000 1613 ἀναλογουμένην
1021 1558 1076 1606 εἷς
1103 1554 1224 1612 λόγον
1250 1560 1332 1599 τῶν
1355 1555 1491 1598 αὐτῶν
1513 1554 1590 1611 ἄρ-

210 1652 244 1687 2.
271 1648 395 1696 ἔμενε]
420 1648 536 1695 ἔμεινε
559 1652 627 1687 Ox.
696 1654 778 1689 ibid.
803 1651 941 1699 μόνον]
967 1654 1087 1688 Malim
1110 1650 1240 1697 μόνον.
1309 1651 1342 1688 4.
1369 1647 1446 1696 ὅτι]
1472 1647 1591 1687 diets?

209 1697 291 1731 ibid.
315 1694 462 1743 ὑπερεβ.
486 1699 574 1740 Ch„
597 1695 724 1746 ὑπερβ.
750 1700 816 1734 Ox.
918 1700 972 1736 14.
999 1697 1204 1745 ἀλυτάρχης
1226 1700 1314 1740 Ox.‚
1339 1698 1382 1733 ad
1408 1698 1498 1743 quod
1523 1698 1594 1741 Ch.>

212 1742 319 1798 ‚‚Jmo
343 1741 561 1801 Συριάρζης.
619 1745 673 1779 lta
696 1745 782 1779 enim
806 1757 910 1791 supra
933 1746 1013 1780 libri
1035 1747 1134 1790 hujus
1155 1745 1252 1780 initio
1277 1756 1351 1779 eum
1372 1748 1493 1778 vocat:
1527 1744 1592 1779 καὶ

215 1787 358 1830 ευθέως
374 1802 459 1826 τοτε
476 1788 682 1835 ωνομάσθη
700 1790 910 1836 Συριάρχης
930 1793 1073 1835 πρῶτος
1087 1790 1334 1838 Ἀρταβοὶνιος,
1356 1789 1594 1835 πολιτευόμε-

214 1846 294 1878 νος,
318 1840 385 1870 etc.
418 1836 606 1881 Alytarcha
624 1837 710 1871 enim
732 1838 848 1872 eodem
865 1844 1018 1883 tempore
1036 1838 1229 1883 designatus
1248 1842 1299 1872 est
1314 1836 1517 1880 Aphronius,
1541 1835 1593 1871 uti

215 1892 258 1915 ex
271 1881 346 1916 loco
360 1881 465 1916 citato
481 1882 598 1917 videre
614 1887 676 1917 est.
701 1884 867 1918 Artabani
879 1896 960 1918 vero
975 1885 1074 1929 hujus
1084 1884 1226 1919 nominis
1238 1883 1425 1929 scriptione
1436 1893 1592 1927 magnam

213 1927 416 1962 varietatem
427 1928 720 1963 observarelicet=
746 1930 873 1964 Nostro
885 1927 1206 1977 εηὶιῐιἏρταβάνιος
1215 1936 1252 1965 et
1260 1927 1492 1976 Ἀρταβάνης,
1507 1930 1590 1962 Chr.

212 1973 310 2008 Alex.
332 1974 474 2009 Auctori
496 1971 716 2021 Ἀρτάβανος
732 1976 832 2010 etiam
853 1975 962 2011 dictus
980 1982 1041 2011 est.
1053 1979 1078 1996 ‘⁴
1163 1979 1216 2015 16.
1240 1976 1451 2020 καλαμίων]
1479 1972 1593 2009 καλά-

212 2030 280 2063 μια
300 2018 429 2055 chron.
447 2020 567 2055 Pasch.
587 2033 620 2066 p.
639 2023 717 2057 263.
738 2022 778 2055 A.
804 2021 904 2058 Conf.
923 2023 989 2056 vol.
999 2023 1043 2056 II.
1062 2034 1096 2068 p.
1108 2023 1138 2059 5.
1150 2023 1196 2057 E.
1266 2025 1321 2059 19.
1346 2019 1592 2066 ἄνηλογουμέ-

211 2065 306 2111 νην]
329 2090 354 2109 ,‚
363 2065 478 2111 Lego,
501 2062 808 2113 ἄναλογουμένην.
857 2068 938 2103 Chr.
963 2068 1059 2104 Alex.
1084 2069 1192 2114 legit,
1214 2066 1504 2114 oivazoyofiooevf‘
1527 2068 1590 2101 Ch.

123 2144 203 2183 dum
224 2144 300 2191 ipse
321 2145 468 2181 viveret.
515 2147 556 2182 Si
580 2148 700 2193 quibus
724 2147 824 2182 etiam
849 2147 1022 2193 Opiflcum
1045 2148 1210 2183 sodalitiis
1233 2148 1386 2194 praefuit
1413 2146 1591 2192 Agonista‚

124 2191 170 2226 ab
193 2192 282 2226 omni
304 2191 446 2228 servitio
470 2193 647 2237 immunia,
680 2194 826 2228 durante
851 2195 922 2239 ejus
945 2194 1021 2229 vita
1053 2199 1088 2229 et
1110 2194 1183 2240 ipsa
1208 2200 1305 2229 erant
1328 2196 1456 2229 futura.
1505 2193 1593 2226 Ath-

122 2235 264 2272 letarum
286 2249 370 2273 vero
393 2239 610 2284 frequentia,
634 2244 733 2275 tanta
756 2246 888 2285 quanta
910 2240 1034 2283 fuerit,
1058 2241 1296 2286 impedimento
1320 2251 1386 2274 non
1410 2242 1498 2280 erat,
1522 2249 1591 2282 quo

116 2282 230 2318 ninus
251 2283 319 2318 illis
341 2285 492 2320 omnibus
514 2286 691 2332 utriusque
715 2298 833 2328 sexus,
867 2286 926 2332 qui
950 2298 992 2321 ex
1015 2292 1117 2332 pacto
1142 2299 1182 2321 eo
1208 2288 1454 2326 convenerant,
1488 2283 1592 2317 ‹lare-

69 2337 73 2342 ·
124 2332 182 2363 tur
210 2329 366 2363 certandi
387 2330 493 2366 locus.
547 2332 595 2366 Et
619 2338 695 2367 erat
719 2332 877 2377 quidem,
911 2344 984 2367 cum
1008 2333 1118 2378 plures
1146 2338 1335 2372 venerunt;
1380 2335 1455 2365 erat
1476 2330 1592 2370 etiam,

116 2372 186 2408 nbi
205 2374 404 2420 pauciores3
428 2389 491 2423 pro
514 2381 718 2423 tempestate
741 2377 904 2421 nimirum,
929 2382 965 2413 et
987 2383 1166 2414 ventorum
1190 2379 1234 2413 ad
1257 2377 1509 2422 navigationem
1533 2386 1593 2408 ac·-

125 2421 407 2459 commodaturum
430 2425 701 2469 opportunitate.

213 2465 373 2519 Ejusdem
397 2467 570 2505 Commodi
594 2472 655 2505 sub
679 2470 843 2516 imperio,
880 2470 1026 2506 divinam
1050 2471 1134 2505 iram
1167 2469 1306 2505 tertium
1330 2479 1428 2514 passa
1453 2470 1505 2501 est
1526 2465 1595 2500 Ni·-

125 2510 297 2554 comedia,
331 2513 518 2559 Bithyniae
550 2516 780 2562 Metropolis;
826 2523 1003 2562 grassante
1036 2517 1136 2552 etiam
1170 2516 1311 2551 ulterius
1342 2519 1458 2549 terrae
1489 2518 1592 2554 motu,

125 2553 336 2611 Mydopqnm
359 2570 380 2593 u
422 2572 465 2595 ue
487 2566 525 2596 et
546 2563 728 2608 Sangarim
753 2562 911 2605 fluvium,
936 2563 1079 2608 locaque
1105 2563 1230 2602 vicina,
1255 2559 1341 2595 Maii
1364 2570 1428 2600 111,
1452 2559 1512 2592 sub
1536 2569 1594 2592 or-

126 2603 198 2635 tum
220 2601 308 2637 noha.
354 2604 465 2640 Muta
489 2612 602 2643 autem
625 2609 835 2655 Imperator,
862 2608 897 2642 in
920 2609 1014 2643 urbis
1037 2607 1313 2643 instaurationem
1337 2604 1480 2649 largitus
1504 2609 1567 2638 est.

215 2645 350 2700 ‘Eodem
372 2650 566 2697 Imperante
589 2654 784 2696 commodo,
814 2654 1004 2689 Artabanes
1029 2655 1163 2700 quidam
1188 2664 1231 2686 ex
1254 2650 1397 2685 Civibus
1420 2653 1456 2683 et
1480 2649 1596 2694 Magi-

126 2692 288 2726 stratibus
309 2695 510 2733 Antiochiae
533 2711 687 2743 magnae,
712 2699 913 2745 Syriarcba,
938 2704 1017 2746 post
1035 2698 1297 2734 coronationem
1322 2695 1534 2741 olympicam
1558 2694 1594 2728 in

126 2737 275 2782 Daphne
297 2738 440 2783 finitam,
471 2745 754 2791 magnificentiam
777 2757 869 2780 suam
892 2746 1017 2791 populo
1041 2744 1278 2790 praestiturus,
1302 2741 1426 2787 sparsit
1448 2741 1484 2775 in
1507 2751 1594 2782 eum,

126 2782 172 2816 fid
195 2794 324 2817 ³⁸0¹'8ffl
347 2784 540 2833 Daphnem,
563 2798 707 2826 tesseras
731 2792 992 2836 quamplurimas
1013 2790 1115 2824 Panis
1134 2787 1318 2834 Perpetui;
1343 2786 1518 2821 destinatis
1541 2791 1595 2820 et·-

125 2827 192 2883 iam
217 2840 260 2863 ex
282 2831 437 2874 praediis
452 2834 541 2878 suis,
565 2837 610 2871 ad
634 2837 810 2883 Congiarii
835 2838 932 2881 hujus
954 2840 1106 2880 sumptus
1128 2835 1320 2875 faciendos,
1344 2831 1510 2867 reditibus
1534 2843 1596 2866 an-

118 2884 201 2909 nuis
224 2876 546 2920 proportionalibus.
591 2882 702 2918 Panes
724 2894 806 2918 vero
829 2882 932 2923 istos,
968 2882 1118 2922 civicos,
1151 2880 1309 2921 vocavit,
1344 2878 1437 2923 quod
1461 2878 1594 2912 Civita-

183 2928 328 2961 Ioamnes
365 2929 531 2966 Malalas.
1267 2931 1318 2970 19
