1838 3230
315 177 413 222 612
820 168 1283 213 ANNOTATIONES.

425 282 526 324 Ihm.
585 280 663 325 ἆπό
688 299 765 324 των
784 287 822 323 Γ
816 283 947 324 αλιων
959 283 972 334 ]
1003 285 1086 322 Ser.
1115 282 1311 330 Γαλλίων,
1341 297 1430 322 cum
1453 282 1667 334 duqlici-,t
1695 284 1756 331 uti

315 341 400 392 ipse
426 340 527 379 insta
556 339 691 379 habet.
729 339 925 403 Stephano
956 345 1103 385 tamen,
1143 345 1183 376 et
1213 339 1429 391 Procopio,
1469 339 1635 389 Γαλλία,
1672 339 1755 380 sive

317 397 496 444 Γαλλίαι,
531 394 663 434 Gallia
689 401 765 445 est;
799 401 838 432 et
857 391 1021 444 Γάλλοι,
1056 392 1176 433 Galli.

424 455 524 504 Pag
552 452 743 493 349.19.
782 449 863 501 Την
893 446 1070 501 αδελφην
1103 449 1283 500 Ονωρίου
1311 445 1389 489 ἄπο
1413 446 1580 503 πατρός,
1608 424 1755 490 Illam-

316 507 421 558 δίαν]
454 509 511 545 Ex
528 506 720 544 uxoribus
742 506 842 543 enim
862 505 1023 543 diversis
1045 518 1111 543 eos
1132 506 1302 556 suscepit
1323 503 1588 555 Theodosius,
1617 519 1756 556 nempe

316 577 366 603 ex
396 563 601 623 Flaccilla,
643 574 765 598 uxore
793 560 950 612 priore,
994 559 1201 598 Arcadium
1234 570 1272 598 et
1299 560 1537 599 Honorium:
1568 573 1618 599 ex
1643 561 1756 601 Galla

315 632 409 656 vero
432 612 682 667 posteriorc,
735 616 994 654 Valentiniani
1025 613 1078 654 M.
1110 616 1212 664 filio,
1257 614 1478 654 Placidiam.
1551 609 1756 656 Caeterum

314 672 522 711 Placidiam
543 671 668 718 hanc,
696 678 788 722 post
805 671 1034 709 Alarichum
1059 671 1139 722 jam
1159 677 1379 720 mortuum,
1409 671 1643 721 Athaman,
1674 673 1756 710 affi-

314 728 373 766 nis
401 727 503 779 ejus,
535 726 755 764 Gothorum
782 741 855 765 rex
882 728 1141 776 constitutus,
1178 733 1290 778 capta
1319 728 1459 765 iterum
1488 728 1635 777 homa,
1659 728 1755 771 inde

315 784 502 830 abduxit,
533 783 685 832 sibique
715 783 909 820 connubio
938 782 1155 834 copulavit:
1186 796 1287 833 quae
1312 789 1447 833 postea
1471 782 1651 823 Honorio
1676 784 1755 822 sra-

314 840 387 889 ni,
418 845 507 890 post
529 838 658 876 mariti
689 838 859 886 obitum,
897 837 1124 876 Constantio
1155 838 1198 875 id
1224 838 1422 887 exigente,
1462 852 1484 876 a
1509 839 1661 877 wallia
1676 840 1754 877 Go-

314 894 473 932 thorum
494 907 585 943 rege
603 893 756 931 reddita
775 900 844 932 est.
903 895 1000 932 Vide
1018 894 1123 931 Paul.
1141 893 1302 930 Diacon
1320 893 1387 933 lib.
1412 893 1475 936 14.

423 949 519 1001 Pag-
551 949 643 990 350.
676 952 737 990 10.
770 949 838 989 καὶ
856 946 1081 999 Κώνσταν.]
1111 949 1263 987 Mallem
1284 945 1533 989 Κώνσταντα.
1563 949 1752 989 Constans

313 1006 384 1043 iste
412 1004 654 1042 Constantini
677 1005 877 1056 cujusdam
904 1006 1006 1042 filius
1033 1010 1133 1042 erat:
1174 1005 1243 1054 qui
1271 1004 1467 1044 exinfima
1493 1005 1632 1044 militia
1664 1019 1753 1044 cum

315 1067 434 1108 esset,
479 1061 528 1097 ob
557 1061 679 1097 solam
709 1061 876 1111 speciem
908 1061 1074 1098 nominis
1100 1060 1140 1097 in
1158 1060 1353 1098 Britannia
1380 1067 1570 1111 tyrannus
1593 1067 1753 1102 exortus

315 1123 390 1154 est:
418 1115 586 1166 indeque
604 1116 645 1153 in
668 1116 832 1153 Galliam
853 1117 1064 1164 transiens,
1103 1116 1345 1153 Constantem
1365 1115 1471 1153 hdnc
1492 1115 1616 1154 filium
1639 1129 1753 1155 suum

314 1184 362 1209 ex
379 1171 572 1209 Monacho
599 1173 798 1210 Caesarem
825 1172 931 1212 fecit.
991 1171 1198 1218 Quomodo
1221 1183 1312 1220 ergo
1342 1171 1444 1210 inter
1471 1171 1664 1210 8811310111
1682 1185 1754 1211 or-

314 1226 414 1264 dinis
428 1227 490 1264 vir
493 1240 535 1265 os
552 1240 638 1265 eum
659 1228 809 1266 Auctor
828 1227 1054 1266 enumerat?
1091 1226 1192 1265 Vide
1209 1227 1317 1266 Paul.
1335 1227 1495 1266 Diacon.
1515 1233 1553 1265 et
1571 1228 1752 1283 Prosper.

314 1282 496 1334 Aquitan.

429 1341 519 1389 Pag.
551 1338 643 1380 350
674 1341 738 1380 13.
790 1333 916 1389 ἦλθεν
936 1335 956 1378 ὁ
977 1333 1096 1384 αὐτος
1120 1335 1294 1389 Ονῶριος
1314 1337 1356 1378 ἐν
1373 1334 1749 1380 Κωνσταντινουπό-

314 1397 380 1433 λει.
388 1394 401 1443 ]
432 1391 539 1431 Ν11111
560 1395 704 1431 minus:
747 1393 971 1431 Occidentis
993 1394 1092 1430 enim
1114 1393 1343 1456 imperium,
1371 1393 1421 1430 ad
1443 1394 1544 1431 vitae
1560 1407 1650 1431 suae
1669 1394 1752 1432 exi-

313 1456 398 1487 tum
420 1449 556 1488 tenuit.
613 1449 726 1486 Falso
761 1451 874 1487 etiam
895 1448 1072 1486 Honorio
1101 1448 1310 1499 superstite
1331 1448 1536 1499 imperium
1554 1449 1627 1488 sibi
1647 1451 1750 1488 arri-

314 1505 448 1556 puisse
477 1504 579 1542 infra
610 1503 754 1542 dicitur
772 1505 934 1542 loannes
957 1510 1159 1555 tyrannus.
1215 1503 1316 1541 Vide
1342 1504 1595 1553 Jornandem,
1638 1505 1748 1546 Paul.

314 1560 476 1598 Diacon.
495 1566 533 1597 et
553 1559 819 1598 Marcellinum
842 1559 1040 1599 Comitem.

427 1618 520 1667 Pag.
550 1615 646 1656 350.
677 1619 739 1657 19.
768 1615 835 1655 καὶ
853 1613 974 1668 γνούς
991 1617 1106 1654 τοῦτο
1126 1613 1150 1654 o‘
1171 1610 1359 1667 Ονῶριος,
1380 1610 1530 1666 ἐμάνη]
1558 1615 1749 1667 Ineptiae:

315 1670 408 1708 audi
441 1671 605 1708 Paulum
638 1671 866 1718 Diaconum,
901 1671 974 1721 lib.
991 1671 1052 1712 14.
1081 1669 1282 1708 Honorius
1310 1684 1396 1708 vero
1425 1679 1630 1722 postquam
1660 1685 1749 1710 cum

313 1727 480 1772 minore,
512 1725 558 1763 de
572 1740 647 1778 quo
665 1729 914 1778 praemissum
935 1736 1008 1774 est,
1041 1724 1268 1774 Theodosio,
1297 1724 1470 1763 Arcadii
1487 1723 1669 1764 Germani
1687 1728 1750 1765 sui

299 1779 397 1833 filio
416 1783 528 1819 annis
545 1795 600 1819 xv
631 1796 750 1833 zmper
751 1791 869 1830 asset
911 1796 996 1820 cum
1018 1783 1102 1832 jam
1126 1790 1240 1818 antea
1260 1795 1344 1819 cum
1359 1779 1496 1834 fratre
1527 1795 1604 1818 X111
1622 1784 1747 1828 annis,

315 1850 365 1874 ac
393 1835 463 1874 sub
489 1846 600 1889 patre
635 1850 696 1874 ΧΠ
726 1852 788 1888 reg
791 1846 938 1875 nasset:
982 1834 1119 1887 Remp.
1151 1845 1192 1872 ut
1224 1836 1393 1887 cupierat
1425 1845 1606 1887 pacatam
1636 1836 1748 1875 relin-

315 1905 455 1942 quens,
485 1890 591 1944 apud
614 1891 742 1930 urbem
762 1891 931 1930 Romam
958 1892 1039 1929 vita
1066 1900 1273 1942 exemptus.
1332 1890 1428 1929 Vide
1444 1892 1614 1943 Prosper
1629 1892 1747 1944 Aqui-

315 1952 394 1985 tan.
414 1953 453 1984 et
475 1947 720 1985 Jornandem.

424 2000 519 2052 Ρα3
538 2002 630 2044 350.
661 2006 726 2044 20.
757 1998 813 2041 ω“ν
832 2001 1020 2042 ἐνιαυτῶν
1040 1997 1114 2053 μβ’.
1119 2000 1133 2052 ]
1162 2000 1239 2039 Α111
1263 2014 1384 2039 annos
1413 2015 1465 2039 ιιι.
1487 2007 1635 2040 tantum
1655 2015 1743 2041 eum

315 2055 460 2094 vixisse
483 2057 677 2096 scribunt:
707 2059 846 2096 Zonar.
863 2056 989 2126 ’ὑδέρῳ
1011 2055 1053 2096 δὲ
1071 2054 1374 2123 περιπεπτωκώς
1394 2057 1416 2096 ὁ
1432 2054 1616 2110 Ονωριος,
1644 2055 1746 2108 θνή-

318 2122 419 2160 σκει,
451 2108 569 2163 ζήσας
595 2111 666 2164 μὲν
691 2110 895 2160 ἔνιαυτους
923 2124 1220 2165 τεσσαρακοντα.
1279 2112 1376 2151 Vide
1398 2112 1513 2151 etiam
1531 2113 1743 2154 Marcellin.

317 2167 455 2206 Comit.
475 2173 513 2205 et
533 2168 715 2219 Prosper.
736 2169 918 2219 Aquitan.

428 2222 524 2274 Pag.
553 2223 646 2264 35¹.
677 2226 716 2265 3.
763 2223 845 2262 Επὶ
872 2226 941 2274 τῆς
967 2222 1153 2270 υπατείας
1181 2224 1438 2274 Στελίχωνος,
1463 2222 1531 2263 καὶ
1558 2225 1742 2277 Λβριλια-

316 2277 426 2328 vost]
456 2279 538 2316 Im'o
566 2278 737 2315 nondum
758 2285 871 2316 natus
897 2285 979 2317 erat
1007 2278 1247 2316 Theodosius
1277 2279 1364 2315 Jun.
1389 2278 1613 2318 stiliconem
1640 2281 1744 2319 enim

317 2338 358 2370 et
387 2332 640 2371 Aurelianum
665 2334 768 2372 Coss.
793 2333 978 2371 habemus
1007 2334 1056 2371 ad
1083 2334 1241 2371 Arcadii
1268 2347 1327 2370 an.
1351 2346 1388 2386 v,
1419 2340 1463 2371 ut
1490 2335 1673 2386 Prosper,
1703 2342 1743 2374 et

315 2387 564 2426 Marcellinus
586 2390 732 2438 comes,
763 2389 826 2427 vel
845 2389 894 2426 ad
914 2403 972 2428 an.
994 2403 1049 2438 w,
1078 2389 1288 2427 secundum
1311 2388 1398 2426 Chr.
1426 2388 1533 2429 Alex.
1557 2390 1742 2430 Theodo-

317 2443 396 2480 sius
416 2457 511 2482 vero
533 2458 632 2483 anno
656 2450 857 2495 sequente,
886 2445 1090 2482 Vincentio
1111 2451 1148 2483 et
1165 2445 1196 2481 F
1197 2444 1322 2482 ravita
1348 2444 1451 2485 coss.
1474 2446 1532 2483 uti
1550 2446 1740 2485 Auctores

318 2497 412 2535 dicti
430 2505 640 2549 testantur,
668 2500 835 2538 Arcadio
855 2505 967 2536 natus
989 2506 1054 2540 est.
1110 2500 1236 2550 Hujus
1259 2499 1371 2537 etiam
1390 2500 1447 2538 rei
1468 2506 1604 2540 testem
1626 2502 1740 2540 locu-

317 2554 458 2604 pletem
483 2554 670 2594 habemus
703 2558 920 2602 Socratem,
951 2555 1017 2594 lib
1041 2560 1079 2597 6.
1106 2569 1189 2606 cap.
1212 2558 1248 2596 6.
1268 2554 1334 2592 ubi
1363 2555 1411 2593 de
1431 2557 1572 2596 Gainae
1601 2557 1738 2596 Gotthi

316 2609 528 2649 rebellione
549 2611 667 2649 verba
685 2612 841 2660 faciens,
869 2610 965 2648 haec
989 2611 1114 2649 addit:
1145 2610 1250 2656 τέλος
1268 2609 1344 2649 δὲ’
1331 2610 1437 2662 ε’σχεν
1456 2628 1570 2661 ουτος
1589 2611 1614 2654 o‘
1630 2610 1738 2654 πόλε-

322 2678 392 2713 μος
416 2664 458 2704 ἐν
476 2669 525 2720 τῇ
544 2666 710 2722 ὑπατεία
734 2667 968 2732 Στελίχωνος
991 2665 1056 2705 καὶ
1077 2668 1346 2733 Αυρηλιανοῦ·
1375 2682 1446 2718 την
1467 2667 1510 2709 δὲ
1527 2669 1618 2721 ἑξῆς
1638 2668 1736 2709 ὕπα-

318 2719 423 2758 velow
451 2706 581 2761 ἐδίδου
610 2707 823 2773 Φραύϊτος,
854 2726 891 2762 Γ
889 2718 1008 2768 οτθος
1037 2719 1108 2773 μὲν
1131 2717 1247 2769 αὐτος
1270 2724 1325 2775 '⁶93
1354 2721 1475 2775 γένει,
1516 2722 1661 2780 μεγάλῃ
1693 2722 1738 2764 δὲ

320 2770 452 2814 εὐνοία
470 2778 520 2831 τῇ
533 2792 632 2829 προς
655 2779 856 2830 Ρωμαίους
876 2774 1132 2832 χρησάμενος,
1166 2762 1311 2832 μεγάλα
1330 2777 1373 2819 δὲ
1398 2779 1465 2821 καὶ
1493 2779 1535 2821 ἐν
1559 2781 1659 2835 τῷδε
1683 2782 1738 2834 τῷ
