1838 3230
322 221 447 250 Lxxu
812 202 1266 249 PROLEGOMENA.
1313 192 1315 194 i

430 319 618 358 XXXIX.
675 319 733 358 Ne
752 319 868 358 alicui
889 332 1008 371 porro
1029 334 1106 372 pro
1125 321 1285 360 Autoris
1313 321 1441 360 nostri
1461 322 1694 375 antiquitate
1710 336 1772 364 at·-

319 394 503 440 gumento
529 387 571 426 id
608 400 690 426 esse
733 386 932 437 videatur,
971 387 1079 439 quod
1115 389 1220 428 illius
1263 387 1622 443 Chronographiam
1648 402 1776 444 usque

319 456 417 495 adeo
449 456 631 507 dignatus
657 455 707 493 sit
737 453 1010 494 Constantinus
1037 453 1178 509 Porph„
1210 457 1310 509 Imp.
1340 463 1385 496 ut
1411 463 1599 510 excerpta
1629 471 1679 498 ex
1707 459 1778 498 illa

318 524 421 562 inter
446 524 609 574 Eclogas
636 536 727 562 suas
768 529 1000 574 reponeret3
1039 521 1144 563 hisce
1172 524 1355 563 omnibus
1392 524 1564 576 denique
1595 524 1779 577 addatur,

319 591 438 643 quod
456 597 611 629 constat
642 591 740 643 Imp.
772 587 1065 630 Constantinum
1095 590 1500 645 Porphyrogenneium
1530 605 1612 632 non
1649 593 1777 632 solum

319 673 371 698 ex
399 659 664 711 Scriptoribus
689 657 879 710 probatae
905 658 1169 709 antiquitatis,
1206 673 1345 698 verum
1377 660 1490 699 etiam
1523 674 1571 699 ex
1599 658 1686 700 istis
1709 661 1778 713 qui

317 733 499 779 tempora
527 727 711 779 proxime
741 739 811 764 sua
838 725 1147 778 praecedebant,
1183 727 1223 765 in
1254 727 1407 779 Eclogis
1443 730 1523 766 suis
1554 727 1778 768 exscribere

316 796 439 835 fuisse
458 795 630 835 solitum.
689 794 753 833 Sic
768 793 901 832 hausit
926 800 1111 845 excerpta
1132 806 1183 832 ex
1212 796 1335 834 altero
1355 795 1425 834 illo
1446 794 1509 836 Jo.
1527 794 1777 837 Antiocheno

322 861 628 917 Chronographo
653 862 879 912 DIomzclzo,
913 861 981 913 qui
1008 875 1085 900 non
1113 862 1292 912 videtur,
1333 876 1418 901 meo
1445 862 1582 902 saltem
1609 862 1777 915 judicio,

317 939 408 971 ante
436 932 613 970 seculum
640 946 804 980 nonum,
845 930 907 969 vel
935 930 1106 969 medium
1134 931 1199 968 vel
1222 931 1271 969 ad
1294 931 1440 970 exitum
1465 943 1650 982 vergens,
1678 931 1776 970 scri-

315 1000 453 1053 psisse.
511 1000 576 1037 Sic
595 999 735 1047 etiam,
765 998 808 1036 in
833 996 1043 1051 Excerpiis
1071 998 1177 1036 illius
1208 995 1255 1035 de
1274 996 1552 1051 Legationibus
1571 997 1774 1039 Romano·

316 1082 400 1105 rum
424 1064 479 1104 ad
497 1064 684 1116 Eanum,
715 1079 815 1118 quae
837 1066 1012 1104 nondum
1030 1066 1188 1117 vulgata
1218 1072 1331 1114 sunt,
1360 1064 1558 1104 habentur
1581 1066 1778 1118 quaedam

316 1134 491 1187 ejusdem
513 1133 732 1184 argumenti
760 1147 810 1172 ex
829 1133 1011 1172 Historia
1038 1132 1194 1186 Georgii
1221 1132 1415 1172 Monachi
1435 1133 1672 1184 Hamartoli,
1707 1134 1775 1185 qui

314 1207 406 1254 post
424 1201 598 1240 medium
618 1201 741 1240 seculi
761 1204 856 1241 noni
872 1201 1083 1240 Historiam
1109 1215 1216 1240 suam
1235 1201 1460 1242 adornavit.

426 1338 509 1376 XL.
566 1336 726 1389 Jamque
747 1337 858 1389 Opus
891 1338 1027 1388 exegi,
1058 1338 1207 1377 erudite
1229 1338 1387 1387 Lector,
1417 1335 1467 1375 de
1495 1341 1620 1375 aetate
1648 1334 1772 1376 Chro-

312 1404 505 1458 nograpki
530 1406 675 1453 nostri3
706 1406 822 1458 quale
851 1419 941 1444 sane
971 1420 1051 1444 non
1078 1405 1239 1444 audeam
1259 1404 1409 1454 dicere,
1441 1417 1567 1455 neque
1591 1409 1680 1443 ante
1701 1417 1773 1442 ve-

312 1472 380 1512 lim
410 1472 577 1511 fidenter
605 1473 755 1525 aliquid
786 1474 1019 1524 decernere,
1050 1488 1165 1526 quam
1190 1472 1288 1511 mihi
1314 1473 1393 1511 sint
1411 1471 1673 1523 suffragatura
1698 1471 1774 1509 do-
1798 1516 1800 1518 ¹

309 1540 478 1579 otiorum
498 1540 664 1593 judicia.
722 1542 896 1592 Longum
924 1539 1107 1596 (fateor)
1140 1547 1178 1580 et
1208 1541 1410 1593 prolixum
1438 1540 1573 1591 exegi,
1613 1540 1774 1591 quoque

309 1609 435 1647 multo
462 1609 701 1647 contractius
728 1609 895 1648 fortasse
923 1616 970 1648 tu
1005 1615 1202 1661 optasses;
1241 1616 1280 1648 at
1309 1607 1500 1662 triplicem
1531 1606 1690 1659 quidem
1721 1606 1772 1644 ob

308 1690 464 1715 causam
495 1677 718 1717 consultum
745 1678 845 1716 duxi
877 1684 955 1716 tam
984 1677 1061 1716 late
1088 1684 1126 1716 et
1146 1678 1232 1716 fuse
1253 1677 1300 1716 de
1315 1677 1423 1714 illius
1443 1680 1568 1714 aetate
1586 1673 1773 1725 disquisi-

307 1744 452 1782 tionem
477 1744 693 1785 instituere.
760 1745 917 1789 Primo.
950 1745 1041 1796 quia
1067 1757 1168 1796 quae
1190 1759 1261 1783 nos
1282 1744 1509 1792 statuimus,
1541 1753 1631 1780 cum
1655 1754 1773 1780 rece-

306 1819 398 1864 ptae
427 1812 551 1864 ipsius
585 1814 805 1866 Interpretis
834 1819 871 1852 et
901 1812 1083 1851 Virorum
1116 1813 1282 1850 aliorum
1314 1813 1523 1851 doctorum
1559 1808 1773 1850 sententiae

306 1880 573 1930 refragentur,
610 1880 848 1919 videbantur
880 1880 1022 1920 debere
1053 1880 1275 1919 confirmari
1308 1885 1455 1932 quanto
1479 1877 1651 1916 maximo
1677 1889 1773 1928 pos·

307 1952 394 1985 sent
413 1955 731 1996 argumentorum
750 1948 913 1988 robore:
944 1962 990 1987 ne
1013 1949 1146 1987 forsan
1167 1948 1366 1987 nonnuliis
1387 1947 1623 1994 videremur,
1650 1958 1768 1982 arun-

309 2012 422 2053 dineo
457 2027 545 2052 ense
573 2029 736 2068 magnos
766 2022 806 2054 et
836 2014 1011 2056 robustos
1030 2018 1147 2057 Viros
1176 2016 1394 2068 impetisse,
1433 2019 1471 2052 et
1499 2011 1633 2065 clypeo
1665 2024 1769 2050 mere

304 2096 522 2135 papyraceo
551 2095 688 2120 eorum
719 2082 820 2122 icius
848 2084 1060 2135 excepisse.
1118 2085 1254 2136 Neque
1289 2082 1414 2121 deruit
1432 2093 1552 2133 porro
1573 2078 1652 2131 ipsi
1671 2078 1768 2118 Au·-

308 2150 407 2198 iori,
438 2149 543 2200 quod
563 2150 770 2187 maximam
800 2156 973 2188 nostram
1001 2151 1236 2202 diligentiam
1267 2156 1305 2189 et
1327 2149 1543 2201 deposcere
1571 2153 1610 2186 et
1628 2146 1768 2185 mereri

307 2216 539 2268 videbatur3
575 2216 765 2267 siquidem
793 2217 925 2256 nullus
956 2219 1007 2257 sit
1027 2220 1204 2272 Scriptor
1224 2218 1464 2265 Historicus,
1495 2215 1767 2268 cujuscunque

309 2284 508 2331 subsellii,
547 2286 643 2336 quin
674 2284 802 2335 magni
838 2284 1015 2335 intersit,
1055 2300 1186 2325 rerum
1216 2286 1300 2324 scil.
1329 2284 1563 2323 traditarum
1593 2282 1767 2334 Scripto-

307 2365 476 2403 rumque
505 2353 714 2391 citatorum
744 2366 879 2402 causa,
910 2353 1017 2404 quod
1047 2354 1095 2392 ad
1117 2355 1291 2392 seculum
1314 2353 1365 2391 sit
1386 2350 1661 2390 conferendus.
1721 2350 1767 2388 Et

310 2419 467 2458 Turrim
499 2419 794 2458 aedificaturum
823 2420 908 2471 quis
941 2421 1093 2472 sapiens
1132 2417 1327 2473 (precor)
1371 2417 1663 2472 imprudentiae
1698 2430 1769 2470 po·

309 2488 448 2537 stulat,
489 2487 595 2539 quod
625 2487 674 2526 de
703 2489 832 2540 primo
847 2486 1108 2544 fundamenti
1130 2486 1304 2541 Lepide,
1333 2487 1428 2525 licet
1456 2484 1526 2524 vili
1543 2486 1583 2523 in
1605 2498 1676 2522 sua
1697 2498 1767 2523 na-

304 2561 416 2604 tura,
446 2555 516 2594 ubi
545 2557 593 2594 sit
606 2554 833 2609 jaciendas,
863 2555 1041 2594 solicitus
1070 2556 1158 2595 est'?
1188 2554 1353 2593 Accedit
1381 2553 1484 2606 quod
1516 2553 1583 2591 illa
1607 2552 1767 2604 quaein

303 2623 476 2661 medium
506 2638 526 2661 a
555 2624 668 2663 nobis
697 2625 814 2662 allata
845 2629 956 2672 sunt,
989 2629 1262 2674 praeterquam
1289 2622 1394 2674 quod
1421 2621 1568 2659 faciant
1589 2621 1639 2658 ad
1662 2626 1765 2659 aeta-

303 2696 381 2728 tem
404 2691 488 2742 ejus
509 2691 834 2743 investigandam,
865 2695 956 2729 sunt
983 2690 1076 2728 talia
1109 2704 1207 2741 quae
1235 2690 1310 2728 alio
1338 2689 1494 2728 nomine
1524 2689 1765 2727 videbantur

304 2757 459 2796 omnino
478 2760 619 2797 mereri
639 2760 680 2797 iu
707 2757 933 2811 hujusmodi
963 2757 1217 2812 Prtchatoria
1234 2757 1513 2796 Dissertatione
1538 2758 1668 2795 locum
1693 2755 1763 2793 ob-

305 2824 451 2874 tinere,
482 2826 631 2878 quippe
656 2840 755 2878 quae
780 2826 994 2866 inserviant
1020 2825 1069 2864 ad
1095 2825 1201 2864 illius
1229 2825 1500 2875 autoritatem,
1530 2838 1646 2877 quam
1675 2822 1763 2862 exi-
