1838 3230
414 159 1024 208 CHRONOGRAPHIA.
1082 159 1131 203 L.
1158 157 1272 203 XVI.
1472 161 1571 210 397

116 287 206 343 (tlon
234 285 284 330 τὸ
309 283 504 339 λείψανον
533 281 676 334 αὐτοῦ,
713 277 1025 338 ἀπεκεφάλισεν·
1068 277 1171 323 ὥστε
1199 278 1246 322 τὸ
1279 277 1393 335 ἅγιον
1415 281 1570 321 θυσια-
1600 283 1631 318 c

114 354 283 412 στῆριον
302 356 573 410 πληρωθῆναι
591 351 776 404 αἵματος.
848 351 914 390 καὶ
937 347 1076 400 λαβὼν
1100 348 1174 403 τὴν
1192 347 1372 405 κεφαλὴν
1390 344 1572 404 εἰσήρχε-

114 441 162 467 το
190 425 255 466 ἐπὶ
279 421 354 477 τὴν
375 418 500 463 -πόλιν
523 417 788 472 Ἀντιόχειαν·
838 419 904 459 καὶ
933 417 1068 460 ε’λθών
1098 417 1172 467 ἕως
1198 420 1272 472 τῆς
1293 414 1470 472 γεφύρης
1496 419 1570 458 τοῖ

110 489 307 547 Ὀρόντου
332 492 520 543 ποταμοῦ
555 487 695 544 ἴρῥιψε
725 485 800 541 τὴν
828 485 1007 542 κεφαλὴν
1041 487 1095 535 εἷς
1133 485 1204 527 τὸν
1234 483 1429 539 ποταμόν.
1501 485 1571 527 καὶ

9 556 12 560 ⁴
81 572 103 606 5
115 561 304 614 εἰσῆλθεν
323 557 483 614 ἔγγιστα
500 556 741 612 Προκοπίου
761 558 835 598 τοῦ
862 551 1037 609 κόμητος
1056 558 1129 609 τῆς
1146 553 1370 608 ἀνατολῆς,
1406 551 1570 609 διηγού-

33 617 36 626 ῖ
112 644 235 682 μενος
261 625 373 685 αὐτῷ
399 624 452 668 τὰ
486 622 714 678 συμβάντα.
787 624 853 665 καὶ
879 622 982 676 μετὰ
1006 622 1051 664 τὸ
1082 622 1357 679 μεσημβρινὸν
1383 621 1570 678 ἐγνώσθη

112 700 237 738 τοῦτο
255 701 342 744 τοῖς
361 693 607 750 Πρασίνοις·
645 693 710 734 καὶ
730 689 962 742 ἐξελθόντες
985 693 1041 740 εἷς
1060 691 1129 733 τὸν
1151 690 1262 746 ἅγιον
1291 688 1482 746 Ἰωάννην
1501 684 1570 733 εἷ)-

114 781 187 820 ρον
213 762 285 806 τὸν
316 761 468 816 κορμὸν
492 761 762 817 Ἐλευθερίου.
833 761 898 802 καὶ
926 757 1120 812 λαβόντες
1148 762 1202 809 εἷς
1216 760 1500 815 κραβαταρέαν
1522 758 1570 801 τὸ

113 833 306 887 λείψανον
324 830 468 882 αὐτοῦ,
506 827 715 885 εῗσήγαγον
736 830 791 878 εἷς
809 827 884 883 τὴν
905 826 1020 870 πόλιν
1053 826 1324 882 βαστάζοντες
1343 825 1455 870 αὐτό.
1501 829 1569 869 καὶ

19 936 25 941 .
59 898 409 956 ιοῦπηντῆθησαν
434 898 643 941 κατέναντι
671 902 744 952 τῆς
772 896 985 952 λεγομένης
1018 894 1231 953 Ῥουφῖνον
1261 900 1472 950 βασιλικῆς
1506 897 1570 937 ἐπὶ

110 968 158 1012 τὸ
189 967 362 1024 λουτρὸν
380 966 428 1010 τὸ
458 963 670 1021 λεγόμενον
698 969 779 1008 τῶν
802 965 988 1019 Ὀλβίης·
1024 967 1091 1007 καὶ
1123 962 1401 1020 συμβαλόντες
1425 966 1478 1013 εἷς
1496 964 1570 1018 τὴν

111 1034 244 1095 ῥύμην
273 1040 356 1079 τῶν
382 1035 626 1078 θαλασσίων
651 1033 755 1087 μετὰ
781 1033 852 1088 τῆς
882 1034 1082 1088 βοηθείας
1110 1035 1176 1075 καὶ
1197 1037 1270 1076 τοῦ
1290 1030 1567 1089 νυκτεπάρχου
1597 1043 1630 1079 D

111 1106 179 1147 καὶ
204 1109 288 1147 τῶν
317 1107 391 1146 τοῦ
412 1102 586 1145 Βενέτου
616 1102 766 1156 μέρους
793 1104 983 1157 δημοτῶν
1003 1099 1153 1156 μάχην,
1191 1101 1429 1158 περιεγένετο
1454 1099 1475 1144 ὃ
1495 1104 1571 1157 δῆ-

110 1189 190 1227 μος
207 1177 282 1216 τοῦ
299 1173 514 1228 Πρασίνου
537 1171 710 1227 μέρους·
748 1174 814 1212 καὶ
834 1168 1143 1225 παραλαβόντες
1161 1170 1236 1225 τὴν
1256 1168 1470 1228 Ῥουφίνου
1487 1175 1569 1224 βα-

59 1251 103 1288 15
114 1239 268 1296 σιλικήν
301 1241 368 1282 καὶ
390 1239 464 1294 τὴν
497 1239 710 1294 λεγομένην
736 1236 973 1293 Ζηνοδότου
1010 1238 1156 1291 ἔβαλον
1182 1243 1278 1295 πῦρ,
1315 1240 1380 1282 καὶ
1410 1237 1569 1294 ἐκαύθη

111 1307 275 1365 πᾶσαῆ
302 1306 514 1364 Ῥουφίνου
549 1309 615 1349 καὶ
642 1307 694 1349 τὰ
715 1305 789 1349 δύο
823 1305 1055 1362 τετράπυλα
1086 1306 1137 1349 τὰ
1169 1308 1356 1350 ἐντεῦθεν
1382 1307 1568 1350 κάκεῖθεν
1632 1355 1638 1359 ,

111 1379 178 1425 καὶ
199 1377 245 1420 τὸ
275 1374 524 1433 πραιτώριον
542 1379 615 1418 τοῦ
636 1373 811 1430 κόμητος
844 1379 917 1429 τῆς
937 1375 1161 1430 ἀνατολῆς,
1197 1377 1263 1418 καὶ
1290 1373 1423 1418 πάντα
1443 1393 1571 1432 κατη-

109 1446 238 1501 νέχθη
265 1443 345 1488 ὕπὸ
374 1449 447 1487 τοῦ
478 1443 608 1500 πυρὸς
642 1443 940 1500 διαφθαρέντα.
1011 1446 1076 1486 καὶ
1109 1444 1252 1500 ἔφυγεν
1282 1442 1303 1486 ὃ
1334 1443 1464 1499 κόμης
1496 1449 1572 1500 τῆς
1595 1458 1628 1493 0
1653 1459 1722 1494 113

80 1563 86 1568 ,
110 1514 312 1569 ἀνατολῆς
332 1514 387 1564 εἰς
401 1510 700 1567 Ἀλεξάνδρειαν
720 1511 794 1567 τὴν
814 1509 1060 1565 Καμβύσου.
1108 1514 1174 1554 καὶ
1194 1511 1410 1563 παίσαντες
1431 1514 1469 1556 οἱ
1491 1513 1569 1556 ἀπὸ

55 1587 187 1630 20τοῦ
207 1583 422 1638 Πρασίνου
442 1581 593 1637 μέρους
614 1580 685 1622 τὸν
706 1580 982 1635 νυκτέπαρχον
1000 1583 1156 1635 Μηνᾶν
1191 1582 1257 1623 καὶ
1291 1581 1571 1637 ἀνακείραντες

110 1648 259 1702 αὗτᾶν,
294 1650 483 1703 ἐξέβαλον
508 1648 560 1690 τὰ
595 1647 762 1690 συκότια
791 1648 931 1690 αὐτοῦ.
1001 1650 1068 1690 καὶ
1091 1648 1193 1702 μετὰ
1211 1666 1258 1691 το
1277 1654 1398 1706 σῦραι
1420 1650 1466 1692 τὸ
1489 1651 1570 1692 λεί-

109 1730 246 1773 ψανον
279 1717 406 1760 αὐτοῦ
441 1716 677 1773 ἐκρέμασαν,
706 1716 807 1758 αὐτὸ
846 1717 888 1758 ἐν
916 1719 973 1773 ‘cci'
1016 1714 1159 1758 ἑστῶτι
1187 1721 1328 1776 χαλκῷ
1361 1716 1568 1774 ἀνδριάντι

109 1790 170 1846 τῷ
197 1785 396 1844 λεγομένῳ
426 1785 655 1843 Κολονισίῳ
683 1783 730 1826 τὸ
757 1784 884 1838 μέσον
913 1787 987 1827 τοῦ
1016 1782 1262 1842 ἆντιφόρου·
1298 1787 1365 1828 καὶ
1387 1803 1568 1843 μεταγα-

202 1907 259 1942 19.
293 1902 516 1952 Καμβύσου]
552 1904 674 1950 Inepte
697 1916 759 1950 pro
783 1905 992 1951 Καβιῶσαν.
1039 1906 1093 1940 De
1116 1905 1208 1941 cuius
1231 1904 1372 1941 nominis
1394 1905 1567 1952 scriptura

200 1963 235 1986 v.
267 1951 467 1997 wesseling.
493 1950 536 1985 ad
558 1950 676 1984 Itiner.
701 1951 871 1986 Hierosol.
896 1962 931 1997 p.
954 1952 1032 1987 580.
1058 1953 1136 1988 581.
1171 1958 1207 1987 et
1231 1951 1479 1987 annotationem
1501 1963 1566 1988 no-

200 2001 306 2032 stram
329 1998 374 2032 ad
397 1998 524 2032 Clu-on.
549 1997 590 2032 P.
622 2008 657 2042 p.
682 1998 760 2033 170.
784 1996 827 2032 D.
919 1998 1001 2033 ibid.
1044 1998 1080 2034 οἱ
1106 1998 1237 2033 addidit
1260 1999 1325 2034 Ch.

110 2111 245 2147 qnoque
275 2101 394 2136 Altare
423 2100 548 2136 exinde
576 2103 687 2135 totum
716 2099 879 2145 sanguine
907 2103 1203 2147 conspurcaretur.
1261 2101 1408 2146 Arrepto
1439 2101 1564 2136 deinde

110 2147 241 2193 capite,
280 2146 315 2181 in
346 2148 463 2182 urbem
487 2146 698 2181 Antiochiam
732 2157 886 2180 reversus
909 2151 979 2181 est:
1022 2147 1172 2192 Cumque
1195 2146 1239 2181 ad
1262 2148 1404 2182 Orontis
1427 2153 1565 2192 pontem

110 2192 339 2246 pervenisset,
363 2198 466 2239 caput
488 2193 524 2227 in
546 2192 668 2227 flumen
692 2192 850 2237 projecit.
899 2191 988 2226 Tum
1011 2204 1095 2227 vero
1119 2193 1163 2227 ad
1181 2192 1381 2238 Procopium
1399 2193 1565 2227 Comitem

110 2247 295 2282 raguenus,
318 2250 390 2273 rem
414 2239 446 2273 ei
469 2243 594 2279 totam,
618 2237 708 2272 sicut
731 2238 919 2279 acciderat,
942 2238 1123 2273 enarravit.
1171 2239 1344 2283 Tempore
1367 2244 1477 2273 autem
1502 2249 1566 2282 po—

110 2283 315 2327 meridiano,
349 2284 407 2318 ubi
438 2285 533 2328 hujus
567 2283 618 2318 rei
647 2284 737 2317 sama
768 2283 917 2318 Prasinis
945 2283 1161 2326 innotuerat,
1197 2285 1241 2318 D.
1264 2284 1404 2318 Joannis
1436 2285 1564 2318 Aedem

111 2328 295 2372 adeuntes,
319 2330 513 2365 Eleutherii
535 2335 690 2364 truncum
713 2328 761 2362 ibi
784 2329 1001 2364 invenerunt=
1032 2341 1128 2375 quem
1152 2330 1293 2364 lecticae
1315 2329 1507 2374 impositum
1529 2329 1566 2363 in

111 2374 227 2409 nrbe-
251 2375 456 2410 detulerunt.
501 2376 632 2410 Balneo
659 2379 770 2409 autem
797 2375 893 2410 Olbio
916 2375 1007 2411 dicto
1032 2375 1354 2421 appropinquantes,
1380 2386 1399 2408 e
1426 2374 1567 2420 regione

111 2419 226 2454 Rufini
246 2420 433 2463 Basilicam,
469 2421 733 2467 Nycteparchus
756 2432 814 2455 eos
849 2421 986 2456 adortus
1018 2427 1087 2462 est,
1123 2422 1231 2466 copiis
1254 2421 1320 2455 suis
1354 2419 1566 2465 Civibusque

112 2475 155 2499 ex
186 2465 317 2502 Veneta
348 2467 515 2501 Factione
546 2466 708 2511 stipatus:
751 2477 934 2512 pugnaque
963 2467 1000 2501 in
1034 2466 1259 2501 Nauticorum
1282 2465 1357 2500 vico
1383 2466 1565 2507 commissa,

111 2509 246 2544 Prasiai
273 2512 461 2558 superiores
493 2518 682 2547 evaserunt.
729 2512 844 2546 Rufini
875 2512 992 2557 itaque
1021 2517 1056 2546 et
1079 2512 1247 2546 Zenodoti
1279 2510 1431 2545 Basilicis
1461 2521 1566 2546 occu-

110 2555 220 2601 patis,
241 2554 336 2602 ignes
356 2557 563 2602 injecerunt:
602 2558 692 2591 unde
715 2557 831 2592 Rufini
853 2558 1001 2592 Basilica
1022 2562 1097 2592 tota
1119 2557 1364 2602 conflagravit,
1398 2567 1467 2590 nna
1490 2568 1564 2597 cum

111 2601 261 2644 duobus,
285 2613 372 2647 quae
392 2603 550 2649 utrinque
571 2608 740 2638 steterunt
763 2603 979 2650 Tetrapylis,
1010 2608 1046 2638 et
1069 2603 1247 2637 Praetorio
1274 2602 1413 2636 Comitis
1436 2601 1565 2637 Orien-

111 2646 175 2688 ὕες
212 2658 302 2692 quae
323 2653 456 2683 vastata
476 2649 638 2684 incendiis
664 2649 773 2683 omnia
798 2653 1008 2685 corruerunt.
1055 2649 1175 2682 Comes
1198 2647 1330 2682 interim
1355 2647 1506 2682 Orientis
1527 2647 1564 2682 in

111 2691 351 2728 Alexandriam
382 2692 553 2740 cambysis
576 2696 658 2739 fuga
691 2693 817 2729 evasit=
860 2694 996 2729 Menam
1027 2700 1108 2728 vero
1135 2693 1410 2739 Nycteparchum
1432 2693 1565 2728 Prasini

111 2737 378 2784 prehendentm,
403 2746 571 2785 caputque
593 2741 627 2775 ei
649 2739 894 2782 detondentes,
916 2740 1088 2775 testiculos
1112 2740 1183 2783 ejus
1206 2744 1406 2781 execarunt3
1439 2738 1566 2784 ipsum-

111 2795 180 2828 que
202 2783 322 2829 passim
346 2795 407 2829 per
430 2785 543 2819 urbem
565 2791 724 2828 tractum,
759 2786 803 2821 de
826 2797 932 2820 aenea
954 2786 1089 2820 tandem
1113 2790 1237 2825 statua,
1265 2785 1437 2819 Coloniaia
1460 2796 1564 2819 voca-

111 2834 170 2871 ta,
200 2840 243 2865 ex
265 2829 421 2876 opposito
443 2830 544 2865 medii
566 2831 649 2866 Fori
671 2832 758 2874 sita,
789 2832 1056 2877 suspenderuntt
1098 2829 1326 2877 Cadaverque
1348 2831 1441 2876 ejus,
1463 2836 1564 2866 extra
