1838 3230
250 215 317 264 52
476 258 480 262 ,
654 208 937 254 IOANNIS
966 209 1303 253 MALALAE

250 329 524 387 ἠγανάκτησεν
544 328 565 372 ὁ
583 329 773 384 βασιλεὺς
794 328 899 371 κατὰ
918 332 1000 371 τῶν
1018 332 1091 383 τῆς
1109 325 1290 379 πόλεως,
1322 329 1388 369 καὶ
1407 325 1561 380 ἔπεμψε
1579 329 1708 383 στρα-

250 401 322 443 τὸν
354 400 438 442 κατ’
473 399 628 442 αὐτῶν·
675 399 742 439 καὶ
782 396 994 452 γενομένου
1028 398 1224 454 ἐμφυλίου
1267 395 1444 450 πολίμου
1481 396 1650 450 ἐξῆλθεν
1679 393 1707 438 ,ὃ

250 466 390 517 Λάϊος
422 464 762 522 ἀπολογήσασθαι
792 464 942 517 αὐτοῖς.
1013 467 1078 507 καὶ
1104 464 1286 520 ῥιφείσης
1306 463 1391 506 κατ’
1417 463 1544 507 αὐτοῦ
1566 463 1708 519 σαγίτῖ-

250 554 326 586 τας
354 532 557 593 ἐφονεύθη
579 532 600 576 ὃ
624 531 786 583 Λάϊος·
822 534 889 575 καὶ
912 533 1050 575 λοιπὸν
1071 531 1095 587 ἦ
1115 530 1324 586 Ἰοκάστη,
1356 531 1412 586 μὴ
1434 531 1618 574 θέλουσα
1640 531 1707 574 ἕκ-

249 609 456 659 βληθῆναι
479 606 552 656 τῆς
569 602 793 655 βασιλείας,
817 601 968 651 εὐθέως
991 601 1198 657 ἀγαγοῦσα
1216 600 1286 642 τὸν
1301 601 1502 642 Οἲδίποὸα
1524 599 1739 654 {noina-5215

200 685 231 718 c
254 672 377 715 αὐτὸν
406 669 600 724 βασιλέα,
641 673 842 724 μαθοῦσα
874 668 935 712 ὅτι
963 669 1037 712 οὒκ
1065 669 1140 723 ἔχει
1168 674 1350 724 γυναῖκα.
1421 669 1488 710 καὶ
1517 665 1706 723 ἐγαμήθη

252 741 364 797 αὐτῷ
392 738 495 795 πρὸς
523 739 747 794 θεραπείαν
774 742 856 798 τῶν
886 742 958 792 τῆς
985 735 1139 786 πόλεως
1162 738 1229 779 καὶ
1256 741 1328 790 τῆς
1354 733 1603 791 συγκλήτου·
1638 737 1707 778 καὶ

251 809 485 862 ἐβασίλευσε
514 810 597 848 τῶν
628 808 781 861 Θηβῶν
813 803 834 847 ὃ
864 806 1057 855 Οἰδίπους
1090 805 1158 860 ἔτη
1185 802 1260 857 ιθ’,
1296 806 1364 847 καὶ
1395 808 1470 859 τῆς
1497 801 1706 860 Ἰοκάστης

129 886 163 920 0
185 888 230 923 62
255 874 479 932 ἀγνοούσης
502 876 569 916 καὶ
590 879 662 917 τοῦ
688 875 908 923 Οἷὸίποδος
928 872 989 916 ὅτι
1008 871 1143 929 μήτηρ
1166 872 1292 915 αὐτοῦ
1311 870 1487 928 ὖπῆρχε·
1521 874 1589 914 καὶ
1616 871 1705 927 ἴσχε

252 943 326 986 δύο
357 943 472 992 υἱοὺς
495 941 588 998 παρ’
620 943 768 997 αὐτῆς,
806 942 878 985 τὸν
901 941 1110 985 Ἐτεοκλέα
1141 942 1208 983 καὶ
1233 940 1303 983 τὸν
1326 941 1600 995 Πολυνείκην,
1636 942 1704 983 καὶ
1716 951 1762 986 10

250 1012 484 1067 θυγατέρας
517 1009 589 1053 δύο
602 1043 614 1062 ,
644 1009 833 1065 Ἰσμήνην
859 1012 926 1053 καὶ
948 1007 1188 1064 Ἀντιγόνην.
1258 1009 1361 1062 μετὰ
1381 1009 1425 1050 δὲ
1441 1005 1591 1065 χρόνον
1613 1007 1705 1052 τινὰ

252 1077 509 1136 ἐπηρώτησεν
528 1077 552 1133 ἢ
574 1078 675 1133 afim)
693 1077 877 1133 Ἰοκάστη
897 1078 968 1121 τὸν
993 1079 1193 1120 Οἰδίποδα
1211 1075 1341 1119 πόθεν
1361 1077 1446 1118 ἐστὶ
1465 1078 1530 1119 καὶ
1550 1077 1611 1126 τίς
1627 1075 1704 1118 αὗ-

251 1153 325 1191 τοῦ
355 1145 518 1203 πατήρ,·
556 1144 577 1188 ὁ
600 1148 643 1188 δὲ
662 1145 744 1188 εἷπε
765 1147 836 1189 τὸν
857 1148 1084 1201 Μελίβοιον
1106 1146 1178 1188 τὸν
1197 1141 1540 1200 ἀναθρεψάμενον
1562 1141 1700 1188 αὐτόν.

253 1218 319 1259 καὶ
331 1215 672 1270 μεταστειλαμένη
694 1215 763 1257 τὸν
777 1215 1003 1268 Μελίβοιον
1021 1214 1092 1256 τὸν
1112 1213 1411 1269 ἀναθρέψαντα
1429 1212 1554 1255 αὐτὸν
1573 1211 1703 1267 ἔμαθε

249 1284 342 1340 παρ’
378 1284 504 1325 αὐτοῦ
538 1281 599 1324 ὅτι
633 1283 706 1325 οὐκ
734 1282 842 1325 ἔστιν
872 1283 998 1325 αὐτοῦ
1024 1279 1136 1333 υἱός,
1173 1281 1258 1323 ἀλλ’
1281 1275 1392 1338 εὗρεν
1415 1281 1537 1323 αὐτὸν
1555 1283 1609 1330 εἷς
1628 1280 1701 1331 τὰς
1715 1292 1758 1327 15

247 1351 362 1401 ὕλας.
434 1353 500 1393 καὶ
530 1349 821 1407 ε’περωτήσασα
839 1350 909 1392 τὸν
926 1348 1096 1405 χρόνον,
1134 1349 1233 1405 ἔγνω
1253 1348 1314 1391 ὅτι
1332 1349 1421 1399 υἱὸς
1443 1349 1569 1404 αὐτῆς
1589 1349 1699 1391 ἔστι·

195 1433 227 1468 1>
251 1422 317 1462 καὶ
339 1418 444 1462 εἶπεν
463 1419 586 1476 αὐτῷ.
658 1421 725 1460 καὶ
744 1416 922 1468 ἀκούσας
942 1417 962 1460 ὃ
990 1419 1184 1467 Οἰδίπους
1202 1417 1343 1471 ἔλαβεν
1362 1416 1509 1471 ἥλους,
1539 1418 1605 1460 καὶ
1623 1414 1702 1472 πή,-

250 1490 324 1538 ξας
350 1494 433 1536 τοῖς
467 1488 583 1536 ἰδίοις
611 1487 738 1529 αὐτοῦ
768 1487 1004 1543 ὀφθαλμοῖς
1031 1490 1218 1545 τελευτᾷ,
1266 1483 1390 1534 ἐάσας
1417 1485 1464 1528 τὸ
1495 1487 1701 1539 βασίλειον

248 1561 336 1604 τοῖς
355 1556 471 1597 δυσὶν
494 1554 620 1596 αὐτοῦ
640 1555 763 1607 υἱοῖς,
801 1555 982 1597 ἐνιαυτὸν
1002 1554 1096 1611 παρ’
1118 1553 1299 1596 ἐνιαυτὸν
1317 1551 1544 1607 βασιλεύειν
1565 1551 1698 1596 κελεύ-

249 1639 324 1672 σας
339 1637 347 1646 ·
390 1624 532 1672 οἵτινες
551 1624 607 1671 εἰς
627 1623 781 1679 ἔχθραν
802 1620 990 1672 ἐλθόντες
1009 1623 1074 1664 διὰ
1098 1622 1169 1676 τὴν
1187 1623 1410 1674 βασιλείαν,
1446 1621 1700 1676 ἐπολέμησαν
1709 1628 1756 1663 20

248 1691 333 1744 μετ’
365 1689 574 1745 ἀλλήλων,
620 1693 686 1732 καὶ
719 1689 888 1740 ἑαυτοὺς
917 1690 1096 1746 ἔσφαξαν
1127 1688 1495 1744 μονομαχήσαντες.
1568 1687 1590 1732 ὅ
1621 1688 1700 1745 γὰρ

127 1768 161 1802 O
184 1768 230 1804 63
252 1761 524 1814 Πολυνείκης,
563 1760 776 1814 ἐκβληθεὶς
805 1758 885 1801 ἀπὸ
908 1763 979 1813 τῆς
998 1760 1206 1812 βασιλείας
1225 1759 1291 1800 καὶ
1309 1759 1497 1812 διωχθεὶς
1515 1757 1594 1801 ἀπὸ
1618 1761 1699 1800 τῶν

340 1884 395 1918 10.
425 1881 629 1918 Πολύνικον
652 1904 698 1909 -
719 1881 878 1928 Ἰσμενήν
902 1884 968 1917 Ox.
1052 1886 1104 1921 12.
1130 1881 1352 1929 ἔπερώτησεν
1375 1884 1444 1918 Ox.
1529 1882 1582 1919 14.
1607 1880 1698 1919 ἄνα-

337 1927 534 1973 θρὲψαντα
557 1930 641 1972 Ch.‚
666 1928 907 1976 ἆνθρέψαντα
931 1931 999 1964 Ox.
1088 1932 1143 1966 22.
1168 1931 1375 1976 Πολυνίκης
1398 1931 1466 1964 Ox,

247 2053 269 2076 ει
292 2041 420 2076 civibus
444 2041 519 2076 Rex
550 2042 689 2087 indigne
711 2045 844 2087 ferens,
887 2045 1072 2080 exercitum
1105 2047 1224 2079 contra
1254 2055 1310 2078 eos
1341 2042 1460 2077 emisit.
1509 2043 1696 2078 Grassante

247 2092 358 2121 autem
381 2087 468 2121 bello
494 2088 605 2129 civili,
642 2101 792 2133 egressus
814 2091 885 2135 ipse
910 2097 979 2132 est,
1015 2091 1067 2125 uti
1089 2089 1294 2135 purgatione
1316 2089 1431 2133 aliqua
1454 2087 1546 2123 cives
1569 2089 1697 2125 demul-

245 2138 357 2167 ceret:
400 2144 473 2166 cum
495 2133 628 2167 interim
659 2140 813 2170 contorto
838 2137 872 2169 in
896 2149 972 2171 eum
998 2137 1126 2180 spiculo
1155 2136 1348 2169 vulneratus
1369 2134 1512 2168 interiit.
1557 2135 1696 2170 Jocasta

244 2190 351 2219 vero,
392 2189 436 2212 ne
466 2190 486 2212 e
508 2190 613 2222 regno
648 2180 855 2223 dejiceretur
878 2181 912 2214 in
945 2183 1035 2216 curis
1057 2182 1201 2222 habens3
1241 2181 1378 2226 insuper
1406 2180 1508 2214 etiam
1531 2184 1571 2214 ut
1602 2182 1695 2226 apud

245 2223 435 2264 Primores,
459 2225 684 2269 populumque
706 2226 849 2269 gratiam
872 2226 993 2268 iniret;
1028 2227 1196 2271 Oedipum
1220 2237 1319 2270 quem
1341 2225 1516 2270 innuptum
1538 2237 1610 2260 esse
1637 2237 1694 2260 re-

247 2269 392 2310 scierat,
417 2270 593 2313 conjugem
617 2270 681 2304 sibi
704 2271 894 2315 accipiens,
926 2284 1040 2316 regem
1064 2272 1265 2317 designavit.
1315 2271 1553 2306 Thebanorum
1575 2270 1693 2315 itaque

247 2326 388 2358 regnum
411 2315 522 2349 tenuit
538 2315 701 2360 Oedipus,
730 2327 792 2360 per
816 2328 918 2350 annos
942 2330 1018 2358 xix,
1043 2318 1267 2352 nescientibus
1289 2316 1423 2350 interim
1447 2317 1596 2358 heusta,
1621 2316 1694 2349 Oe-

247 2359 406 2405 dipoque,
429 2361 520 2394 illam
537 2361 636 2404 hujus
659 2372 730 2395 esse
754 2366 902 2395 matrem.
951 2364 1080 2397 Habuit
1103 2369 1214 2397 autem
1232 2374 1276 2396 ex
1300 2373 1341 2396 ea
1365 2361 1446 2395 duos
1464 2362 1564 2403 filios,
1585 2361 1693 2395 Eteo-

247 2405 330 2440 clem
373 2410 407 2439 et
441 2406 651 2451 Polynicem3
699 2407 907 2452 totidemque
940 2408 1047 2449 filias,
1092 2409 1243 2442 Ismenen
1274 2412 1310 2442 et
1338 2407 1550 2450 Antigonam.
1610 2406 1693 2441 Post

246 2462 328 2485 vero
351 2455 483 2496 tempus
506 2451 641 2497 aliquod
663 2451 895 2495 interjectum,
928 2453 1093 2498 quaesivit
1118 2455 1160 2487 ab
1185 2453 1319 2497 Oedipo
1339 2452 1498 2493 heusta,
1529 2450 1617 2485 unde
1641 2463 1694 2486 es-

246 2496 324 2530 set?
370 2497 419 2530 Et
442 2509 462 2530 a
486 2508 550 2541 quo
582 2502 674 2531 ortus
698 2499 867 2542 parente?
899 2499 1075 2543 respondit
1096 2499 1153 2532 ille
1186 2498 1229 2531 de
1253 2497 1454 2531 Enutritore
1477 2508 1554 2539 suo,
1590 2496 1692 2531 Meli-

246 2542 344 2575 boeo.
391 2543 490 2576 Hunc
511 2542 619 2587 igitur
650 2543 883 2577 accersendum
906 2548 1004 2577 curat
1026 2543 1161 2587 regina,
1195 2543 1363 2586 discitque
1386 2543 1430 2576 ab
1452 2542 1531 2584 illo,
1562 2554 1692 2587 nequa—

248 2598 348 2630 quam
378 2588 449 2630 ejus
473 2599 542 2622 esse
573 2588 677 2622 filium
701 2588 890 2633 Oedipum3
930 2590 989 2623 sed
1010 2589 1045 2622 in
1068 2588 1169 2634 sylvis
1201 2588 1407 2631 expositum,
1440 2589 1483 2622 ab
1507 2599 1548 2622 eo
1572 2600 1691 2633 reper-

247 2636 330 2665 tum.
379 2633 442 2666 Illa
474 2645 557 2668 vero
591 2634 634 2668 de
655 2638 807 2677 tempore
840 2634 1009 2668 sciscitata
1032 2646 1128 2674 eum,
1170 2633 1338 2679 Oedipum
1362 2645 1432 2667 esse
1464 2634 1566 2668 filium
1598 2645 1690 2668 suum
1744 2664 1747 2666 ,

247 2679 420 2720 cognovit.
464 2679 561 2713 Haec
593 2678 651 2712 ubi
674 2690 695 2713 a
715 2679 851 2714 Jocasta
882 2680 1068 2724 accepisset
1090 2678 1263 2723 Oedipus,
1304 2678 1442 2723 sumptis
1464 2679 1587 2720 clavis,
1634 2690 1690 2713 eos

247 2722 353 2756 oculis
376 2724 441 2757 suis
463 2724 677 2769 impungens,
710 2730 850 2759 mortem
874 2726 1035 2771 oppetiit:
1071 2735 1279 2768 regnumque
1302 2724 1379 2758 filiis
1402 2724 1531 2758 duobus
1554 2724 1691 2758 alternis

248 2767 341 2800 annis
365 2769 657 2803 administrandum
680 2770 828 2815 reliquit.
875 2771 947 2805 Sed
969 2770 1151 2810 fratribus,
1183 2770 1241 2803 diu
1263 2770 1352 2803 inter
1375 2782 1410 2804 se
1433 2770 1618 2804 concordes
1636 2780 1690 2803 cs-

247 2824 303 2852 se,
328 2814 480 2856 Regnum
503 2826 567 2848 non
593 2815 758 2859 permisit:
782 2816 896 2860 itaque
919 2816 1061 2850 invicem
1083 2815 1339 2859 belligerantes,
1362 2815 1524 2859 singulari
1547 2826 1591 2849 ex
1613 2825 1689 2848 cet-

248 2857 374 2891 tamine
397 2860 517 2894 mutuis
542 2861 731 2895 vulneribus
756 2863 991 2897 occubuerunt.
1045 2861 1220 2907 Polynices
1244 2861 1329 2896 enim
1351 2862 1394 2897 ab
1412 2861 1557 2897 Eteocle
1579 2862 1688 2897 fratre
