1838 3230
273 685 1426 748 EDMUNDICHILMEADI

482 825 1214 868 ANNoTArloNEs

147 1230 166 1251 r
228 1182 323 1232 Pag-
363 1175 426 1218 ed.
456 1175 588 1216 Bonn.
627 1180 667 1220 3.
697 1180 737 1220 2.
807 1174 923 1218 Οὕτω
954 1174 1028 1230 μὲν
1061 1171 1166 1229 οὖν]
1206 1176 1325 1216 Forte
1360 1175 1570 1229 legendum

79 1266 82 1269 -
114 1250 209 1278 ουτο
235 1264 245 1274 .

212 1251 325 1344 ςΡας.
354 1289 393 1332 4.
423 1288 462 1331 4.
492 1288 548 1337 εἷς
570 1286 700 1342 ὄνομα
722 1292 796 1330 τοῦ
810 1290 909 1331 υἴοῦ
929 1286 1057 1330 αὐτοῦ
1075 1286 1210 1342 Ενεὸς]
1241 1290 1326 1328 Sor.
1342 1287 1488 1342 Evco'x3
1511 1291 1570 1328 uti

111 1347 232 1387 habet
240 1348 360 1387 LXX.
375 1347 574 1385 seniorum
593 1347 889 1398 interpretatio;
909 1360 1024 1397 quam
1038 1346 1180 1385 Graeci
1192 1360 1327 1385 omnes
1337 1353 1569 1397 sequuntur.

224 1406 321 1456 Pag.
353 1403 393 1446 5.
423 1402 461 1444 4.
525 1399 591 1442 τὸν
621 1399 800 1455 ἅριθμόν
825 1406 969 1444 τοῦτον
1003 1402 1298 1444 ἑπταπλασίονα
1323 1403 1568 1457 κεχρῆσθαι]

109 1461 215 1512 Lego
243 1465 300 1516 τῷ
322 1455 484 1515 ἀριθμῷ
504 1455 630 1514 τούτῳ
653 1459 949 1501 ἕπταπλασίονι.

218 1519 320 1569 Pag.
352 1519 390 1557 6.
421 1519 463 1558 7.
503 1514 688 1569 ἐγέννησε
703 1514 770 1557 τὸν
789 1514 910 1564 Ενοός
929 1515 1081 1568 ἕτερον]
1113 1516 1300 1554 Errorem
1322 1529 1435 1554 suum
1455 1516 1568 1567 prio-

109 1587 191 1612 rem
210 1572 278 1611 hic
298 1572 556 1624 prosequitur
575 1572 746 1619 Auctor,
776 1573 869 1610 dum
891 1573 999 1610 Caini
1020 1572 1158 1621 filium,
1189 1572 1302 1624 cujus
1319 1573 1476 1610 nomine
1498 1585 1567 1610 ur-

106 1629 195 1668 bem
227 1644 248 1667 a
277 1642 319 1667 se
355 1628 555 1667 conditam
595 1636 710 1681 pater
745 1629 971 1679 insignivit,
1012 1629 1210 1677 Enosum,
1250 1641 1331 1666 non
1355 1628 1565 1667 Enochum

106 1692 241 1726 vocat.

221 1738 325 1779 Ibid.
383 1737 426 1788 ὃς
453 1737 621 1792 ἤλπισεν
653 1739 927 1779 ἐπικαλεῖσθαι
959 1736 1031 1778 τόν
1055 1734 1225 1790 κύριον]
1256 1738 1481 1790 Legendum
1513 1754 1563 1779 ex

105 1797 230 1836 LXX.
249 1797 460 1848 Interpret.
488 1793 531 1835 τὸ
549 1793 676 1845 ὄνομα
695 1796 850 1846 κυρίου.
908 1794 1037 1832 Verba
1062 1794 1259 1833 habentur
1280 1796 1378 1835 Gen.
1401 1810 1435 1836 c,
1461 1795 1500 1836 4.
1522 1810 1560 1835 v.

105 1856 173 1896 26.
231 1852 378 1892 Verum
396 1852 439 1890 in
456 1851 537 1890 loci
558 1850 676 1902 hujus
702 1852 908 1900 versione,
940 1864 1020 1888 non
1041 1850 1254 1889 verborum
1287 1851 1355 1889 sed
1376 1852 1561 1890 Auctoris

104 1922 286 1960 sensum,
314 1909 411 1947 licet
435 1923 458 1947 a
475 1908 642 1946 veritate
660 1907 878 1946 Hebraicae
910 1907 1162 1959 Graecaeque
1189 1907 1348 1958 linguae
1366 1921 1443 1946 usu
1462 1908 1561 1947 alie-

104 1979 212 2015 num,
230 1971 434 2017 utcunque
457 1965 734 2015 expressimus,
792 1965 891 2003 Nam
915 1970 953 2002 et
976 1964 1079 2002 infra
1098 1964 1366 2002 demonstrare
1391 1970 1559 2002 conten-

104 2022 186 2070 dit,
215 2023 391 2060 Enosum
411 2021 567 2059 Domini
586 2021 655 2059 Dei
673 2022 831 2060 nomine
859 2027 1046 2058 vocatum
1077 2021 1208 2060 fuisse.
1267 2021 1397 2071 Atque
1422 2022 1462 2059 in
1480 2019 1558 2059 hoc

103 2079 219 2116 etiam
243 2085 302 2117 est
325 2078 545 2117 Cedrenus:
578 2077 667 2117 vide
700 2079 816 2116 etiam
843 2077 1022 2129 Glycam,
1050 2090 1090 2129 p.
1125 2080 1164 2118 2.
1226 2077 1432 2116 Caeterum
1458 2077 1557 2115 haec

101 2147 174 2173 nos
191 2149 273 2173 non
299 2134 444 2173 debent
461 2134 622 2172 morari.

213 2189 311 2244 Pag.
341 2195 380 2234 6.
416 2193 479 2234 19.
539 2191 596 2238 εἰς
633 2188 678 2232 το“
708 2191 871 2244 Σίριδος
901 2187 994 2243 ὅρος
1020 2189 1221 2229 Cedrenus
1249 2189 1390 2239 habet,
1432 2189 1488 2237 εἷς
1511 2186 1555 2229 ‘to'

104 2247 271 2300 Σίριδον
292 2245 398 2299 ὅροςε
443 2248 588 2299 Glycas
618 2248 733 2286 etiam
764 2246 938 2286 Sir-idum
956 2246 1137 2286 Mentem
1168 2247 1285 2285 nobis
1308 2247 1482 2298 profert3
1516 2252 1555 2284 et

42 2299 46 2302 ⁴
103 2309 270 2355 uterque
300 2317 351 2342 ex
381 2304 519 2342 eodem
547 2304 741 2356 Josepho;
768 2305 875 2356 apud
901 2317 1015 2355 quem
1041 2310 1168 2342 tamen
1198 2303 1363 2354 legimus
1389 2309 1553 2350 tantum,

103 2355 260 2410 μένειιῗ
279 2357 370 2413 ἄχρι
387 2363 460 2401 τοῦ
480 2362 598 2413 δεῦρο
625 2359 724 2400 κατὰ
750 2360 823 2413 τήν
852 2356 1052 2411 Συριοὲδαε
1092 2360 1161 2398 ubi
1195 2359 1332 2410 Syriae
1366 2359 1551 2409 regionis,

103 2428 184 2452 non
204 2417 346 2455 montis
362 2417 497 2456 nescio
521 2417 634 2470 cujus
659 2418 799 2466 Siridi,
828 2417 976 2456 mentio
995 2415 1175 2456 habetur.

214 2469 252 2510 Ρ
247 2487 311 2524 ag·
340 2478 380 2516 7.
407 2478 448 2516 2.
478 2475 757 2525 χιλιονταετίας
776 2471 851 2528 γάρ
874 2472 975 2525 em]
1005 2472 1177 2511 Dixisset
1196 2472 1331 2522 potius
1355 2470 1549 2523 χιλιετίας.

104 2525 256 2566 scilicet
270 2529 434 2582 respicit
455 2530 526 2569 illa
547 2530 730 2583 Apostoli
753 2531 892 2580 verba,
922 2534 950 2573 2
969 2530 1052 2568 Pet.
1070 2532 1111 2572 3.
1133 2532 1169 2571 8.
1201 2528 1273 2580 μία
1293 2526 1422 2580 ἡμέρα
1442 2524 1549 2578 παροὶ

105 2582 244 2636 Κυρίῳ
264 2583 319 2632 αῖς
341 2586 446 2637 χίλια
465 2585 552 2639 ἔτη,
580 2587 647 2627 καὶ
663 2588 768 2639 χίλια
784 2587 851 2640 ἔτη
872 2586 927 2635 αἷς
947 2585 1076 2639 ἡμέρα
1095 2586 1178 2636 μία.

218 2641 312 2692 Pag.
340 2644 380 2682 7.
411 2645 474 2684 11.
528 2639 573 2690 ὅς
592 2658 637 2697 γε
654 2644 722 2684 καὶ
738 2647 894 2697 πρῶτος
912 2644 1184 2684 ἐπικαλεῖσθαι
1206 2637 1323 2691 θεόν]
1353 2638 1471 2679 Forte
1489 2638 1546 2675 le-

102 2693 286 2745 gendum,
306 2692 351 2743 ὅς
367 2712 412 2749 γε
426 2698 494 2738 καὶ
513 2703 670 2752 πρῶτος
686 2698 852 2753 ἤλπισεν
874 2701 1145 2741 ἐπικαλεῖσθαι
1162 2694 1282 2745 θεός,
1313 2694 1381 2735 καὶ
1402 2689 1544 2746 ὄνομά-

101 2753 258 2799 ζεσθαιτ
293 2751 400 2791 Haec
425 2756 526 2794 enim
554 2756 740 2805 Auctoris
770 2771 879 2796 mens
910 2769 995 2795 esse
1021 2753 1203 2803 videtur3
1232 2758 1278 2790 ut
1307 2756 1346 2790 et
1371 2751 1426 2790 eis
1444 2763 1544 2802 quae

99 2807 366 2858 praecedunt,
398 2823 497 2861 quae
516 2819 734 2865 sequuntur
759 2814 895 2862 etiam,
926 2815 1102 2863 apparet.
