1838 3230
691 173 992 219 APPENDIX.
1470 182 1566 228 671

35 307 39 314 ‘
101 289 274 344 παντὸς,
304 287 497 333 ἆνατολαί
513 306 555 333 τε
577 307 654 346 γαρ
671 289 738 331 καὶ
759 287 909 342 δύσεις,
940 287 1057 332 καὶ”
1028 307 1168 346 αρκτοι
1187 291 1255 334 καὶ
1273 288 1406 343 νότοι,
1437 289 1521 334 οῖ’
1495 290 1572 345 αφ’

102 345 282 391 ἑκάστων
299 345 525 402 κλιμάτων,
555 349 794 400 θαυμασίως
811 348 854 389 ἐν
879 346 1002 420 ταύτη
1025 346 1393 418 συνδεδραμήκασι,
1423 346 1453 403 ἢ
1474 354 1572 403 μᾶλ-

21 420 55 449 ².
100 409 174 448 λον
190 405 356 446 ἕκαστον
377 407 460 446 ταῖν
478 420 610 459 μερων
629 408 688 460 τῷ
715 405 849 477 οἰκείῳ
871 405 939 445 καὶ
968 389 1130 460 ακριβεΐ
1153 405 1230 460 πρὸ
1250 403 1402 459 ταύτην
1426 419 1571 460 συμπε-

68 491 69 494 =
99 458 402 531 πρεσβεύκασιν.
460 461 492 515 ’ἡ
521 460 564 503 δὲ
587 461 741 515 βασιλὶς
770 458 836 502 οἷα
853 478 927 529 την
955 464 1204 517 δορυφορίαν
1231 461 1328 517 ἠρερ
1355 465 1572 518 μαπροσίε-

78 529 198 569 am,-
215 518 324 587 (lege
343 515 474 572 ἠρέμα
494 534 564 582 πρ.
555 518 589 571 .)
619 535 684 558 και
714 535 740 571 η
760 517 834 571 μὲν
863 515 1053 560 θάλασσα
1080 519 1273 573 δεχομένη
1297 536 1368 561 τον
1390 519 1571 571 Αλφειόν

101 571 156 617 οὐ
175 572 342 617 νοθεύει
361 577 421 630 τῷ
438 570 604 630 αλμυρῷ
621 572 766 627 κύματι
784 573 859 627 τήν
884 573 1027 616 τούτου
1046 574 1202 629 κράσιν.
1261 575 1292 630 ’ἡ
1316 576 1360 617 δὲ
1384 579 1572 626 καλλίους

97 648 194 682 τους
210 617 469 680 Αποστόλους
483 635 564 673 τῶν
583 634 808 686 πρεσβειων
827 648 934 701 παρα
956 649 1044 700 την
1051 632 1195 686 ἑαυτῆς
1216 632 1341 686 φύσιν
1359 631 1571 688 ἐργάζεται.

214 692 310 742 Peg.
340 692 435 732 292.
466 692 506 732 7.
535 692 588 746 τῇ
605 689 795 742 Αρτὲμιδι
815 702 892 729 συν
907 692 958 745 τῇ
976 685 1126 745 ἐλαφῳ.
1159 692 1200 727 C.
1222 693 1462 744 Αρτεμιδίου
1484 689 1571 732 ἐλά-

99 761 188 802 φφ,
217 746 287 785 ubi
306 744 530 798 Λρτέμιδος
559 747 790 798 Ελαφιαίας
819 746 1006 785 substitui
1024 747 1158 799 placet
1179 747 1410 804 Diffi-esnio.
1469 748 1572 788 Vide

71 821 82 833 ·
98 803 182 856 ejus
208 803 284 842 GP.
309 801 450 842 Christ.
467 809 550 841 sect
571 803 633 845 14.

209 861 312 913 Pag.
341 861 439 902 310.
473 861 539 903 18.
577 856 836 911 Δομετιανός.
880 860 1064 912 Scriptor
1084 859 1475 913 hactenusignotus.
1503 861 1574 900 sed

99 875 301 957 eundemg
296 916 461 955 citatum
489 916 656 966 legimus
684 916 725 954 in
760 917 837 954 alio
872 918 1044 967 quodam
1065 917 1144 958 MS.
1167 918 1301 962 Oxon.
1326 932 1408 957 non
1436 919 1572 972 itaque

98 973 379 1026 corrigendum
402 976 617 1026 Δομνῖνος,
653 973 762 1025 quod
782 973 915 1012 arrisit
937 971 1179 1015 Chilmeado.

619 1061 692 1103 Ad
726 1062 944 1104 Partem
978 1060 1042 1103 ΙΙ.

208 1142 309 1196 Pag.
340 1144 434 1185 319.
464 1145 532 1187 28.
577 1138 621 1183 vd
649 1139 791 1196 πρώην
815 1146 954 1195 τεῖχος.
998 1142 1046 1181 de
1074 1155 1191 1182 muro
1221 1142 1301 1182 hoc
1329 1152 1368 1183 et
1385 1144 1568 1184 omnibus

95 1198 182 1238 aliis
203 1213 274 1238 seu
289 1199 470 1252 partibus
489 1213 559 1238 seu
580 1199 898 1251 Antiquitatibus
923 1199 1041 1238 Urbis
1062 1201 1432 1252 Constantinopolis,
1467 1216 1569 1254 quae

94 1256 134 1294 in
157 1256 411 1307 sequentibus
435 1263 817 1306 commemorantur,
847 1256 940 1294 vide
972 1257 1132 1294 omnino
1156 1257 1408 1296 Dufresnium
1429 1259 1473 1297 in
1495 1261 1568 1299 GP.

103 1311 250 1353 Christ.
273 1311 344 1352 Ζίὂ.
369 1317 410 1356 2.
434 1319 472 1352 et
490 1317 530 1355 2.
559 1313 629 1351 ubi
648 1314 772 1351 multa
793 1314 842 1352 de
867 1314 1030 1364 singulis
1050 1314 1232 1365 legenda.

207 1367 311 1422 Pag.
341 1371 438 1414 322.
476 1373 518 1412 7.
563 1369 646 1411 Καὶ
675 1367 750 1421 τήν
777 1369 1083 1423 κεχρυσωμένην
1116 1367 1302 1412 ἐκάλεσεν
1330 1375 1568 1413 Ανθουσαν.

93 1425 192 1464 haec
218 1426 408 1465 videntur
429 1426 624 1477 elidenda,
656 1440 747 1465 cum
767 1434 880 1466 antea
909 1427 1015 1466 idem
1035 1428 1251 1479 reseratur,
1283 1443 1360 1468 nec
1390 1430 1495 1481 apud
1521 1432 1565 1470 C.

91 1481 173 1522 hoc
190 1482 231 1521 in
248 1483 338 1522 loco
366 1490 632 1536 compareant.

205 1538 309 1593 Pag.
339 1539 434 1582 325.
466 1544 533 1583 10.
563 1541 820 1592 ἐξακιονίτης.
850 1541 915 1579 Sic
937 1541 1016 1591 alii,
1038 1548 1077 1580 et
1096 1542 1183 1594 ipse
1201 1543 1336 1582 Autor
1357 1542 1470 1581 alibi:
1498 1557 1565 1582 re-

94 1595 196 1635 ctius
225 1609 322 1634 vero
339 1598 634 1650 Εξωκιονίτης,
666 1598 776 1649 quod
803 1605 842 1636 et
866 1596 1086 1638 Chronicon
1118 1598 1211 1638 Pas.
1232 1606 1271 1638 et
1293 1599 1359 1637 alii
1383 1600 1566 1651 complu-

90 1666 156 1691 res
174 1651 333 1692 habent.
389 1653 521 1691 Minus
547 1662 656 1693 recte
680 1653 900 1692 hariolatur
922 1653 1133 1701 Meursius,
1165 1656 1434 1695 consentiente
1459 1655 1567 1696 Chil-

91 1707 255 1759 meado,
284 1705 514 1759 ἐξωκιόνιον
532 1711 653 1750 fuisse
668 1711 952 1749 Monasterium
971 1710 1237 1751 Arrianorum
1256 1720 1295 1751 et
1314 1713 1408 1750 inde
1427 1720 1567 1765 postea

10 1809 11 1812 Ἰ
91 1779 169 1819 pro
192 1766 398 1818 quibusvis
417 1765 598 1806 Arrianis
617 1767 854 1807 vocabulum
879 1766 956 1805 hoc
979 1769 1153 1819 positum
1177 1770 1311 1810 fuisse.
1371 1770 1436 1808 sic
1460 1771 1564 1810 enim

92 1823 282 1876 appellati
313 1829 407 1862 sunt
425 1823 602 1872 Arriani,
634 1825 743 1877 quod
767 1825 809 1862 in
827 1823 1113 1871 Exocionium,
1146 1826 1280 1865 locum
1311 1826 1367 1865 :ita
1390 1828 1564 1880 appella-

91 1886 174 1919 tum
201 1886 314 1919 extra
341 1893 478 1919 muros
508 1881 892 1934 Constantinopolis,
919 1894 996 1919 una
1026 1895 1114 1920 cum
1142 1882 1377 1936 Demophilo
1402 1885 1507 1923 Patr.
1538 1899 1562 1923 a

90 1935 317 1977 Theodosio
339 1937 501 1976 seniore
524 1939 652 1976 exacti
681 1952 763 1978 sese
794 1938 1045 1989 recepissent.
1105 1940 1378 1980 consulendus
1399 1942 1561 1981 Dufres-

90 1993 180 2032 nius
206 1994 247 2033 in
271 1992 613 2047 Constantinopoli
637 1994 777 2035 Christ.
803 1995 871 2035 lib.
887 1999 927 2038 2.
948 2001 1043 2034 sect.
1064 1999 1127 2040 16.
1152 2011 1190 2037 n.
1211 2001 1278 2042 38.
1308 2006 1346 2037 et
1363 1999 1404 2037 in
1427 1997 1557 2039 Gloss.

88 2048 239 2090 mediae
256 2061 292 2090 et
305 2052 465 2105 itfimae
494 2049 635 2092 Graec.

200 2110 301 2162 Pag.
333 2111 427 2150 328.
457 2110 496 2151 5-
529 2111 807 2162 Κηρυστικων.
850 2111 934 2150 Sor.
964 2112 1220 2163 Κυρεστικῶν
1239 2112 1498 2154 utihabetC.

204 2167 298 2218 Pag.
333 2167 428 2207 330.
459 2169 496 2208 2.
540 2163 934 2219 προσκουλκᾶτορας·
966 2181 986 2205 a
1010 2164 1198 2208 σκούλκαι
1217 2167 1444 2218 Excubiae,
1478 2183 1557 2208 un-

90 2220 138 2259 de
169 2227 207 2259 et
234 2218 487 2262 σκουλκεύειν
513 2221 720 2262 Excubias
746 2238 881 2275 agere3
910 2229 950 2262 et
981 2237 1102 2262 naves
1126 2223 1422 2278 Sculcatoriae5
1452 2233 1498 2264 ut
1517 2233 1558 2265 et

89 2278 294 2330 Anglicum
318 2279 480 2318 fortasss
500 2276 553 2323 lu
575 2278 735 2326 §131118
753 2278 934 2320 velociter
951 2295 992 2319 se
1008 2279 1266 2332 abscondere,
1297 2281 1498 2337 aufugere.

203 2338 296 2388 Pag.
328 2338 423 2379 332.
453 2340 520 2378 21.
562 2339 679 2393 Ασίᾳ.
724 2338 767 2376 C.
790 2338 926 2393 Ραδίᾳ.
967 2338 1025 2376 Ita
1042 2337 1121 2375 hoc
1152 2340 1242 2377 loco
1259 2339 1435 2391 praefert
1454 2340 1552 2381 cod.

89 2390 179 2430 Vnt.
202 2398 243 2431 at
271 2393 328 2431 in
318 2392 375 2431 ”ra
399 2393 571 2449 Ρασσίᾳ,
602 2379 657 2434 ad‘
672 2408 790 2447 quam
805 2379 1013 2434 lectionem
1034 2396 1202 2447 propius
1221 2395 1375 2436 accedit
1394 2397 1551 2441 Noster.

90 2449 271 2489 Zonaras
289 2449 409 2488 habet
432 2451 602 2506 Φρυγία.

201 2507 305 2559 Peg
317 2509 500 2550 333.13.
528 2510 579 2563 τῇ
596 2503 656 2556 κζ’
674 2522 746 2548 του
730 2508 916 2550 ”’Δεσιόυ.
933 2509 974 2547 C.
986 2505 1063 2562 πρὸ
1083 2504 1114 2554 ς’
1127 2510 1351 2550 Καλανδῶν
1372 2512 1550 2552 Ιουλίων.

199 2562 426 2616 Pag.534.
458 2565 522 2607 15.
554 2548 658 2606 ὖπό.
702 2565 833 2615 (ἱείς.

197 2621 303 2672 Pag-
333 2623 428 2662 337·
461 2623 525 2664 18
562 2622 806 2675 Σαλαβρίαν.
853 2623 894 2661 C.
917 2622 1166 2675 Ολυμβρίαν·
1197 2622 1266 2662 ubi
1283 2621 1532 2678 Basra-212

4 2706 5 2709 =
86 2676 283 2731 λνμβρίαν
305 2676 475 2729 reponit.
513 2677 661 2717 dicitur
678 2679 726 2717 ab
747 2679 834 2718 aliis
857 2680 1075 2745 Σηλυβρία.

198 2733 302 2787 Pag.
331 2733 427 2777 340
457 2737 495 2776 3.
526 2732 766 2789 σφενδόνην.
806 2738 848 2775 C.
868 2733 1082 2788 σφενδόνα.

174 2789 299 2844 Pag.
331 2789 424 2832 340.
461 2793 524 2832 16.
555 2791 728 2849 πέμπτῳ
754 2794 857 2848 βαίῳ
890 2794 1057 2847 πρωΐας.
1108 2793 1149 2831 in
1172 2793 1216 2834 C.
1240 2793 1308 2832 ubl
1326 2793 1469 2846 legitur
1488 2797 1547 2850 τῷ

84 2844 186 2902 βαίω
201 2848 329 2902 πρωῒ,
359 2846 591 2889 Dufresniu's
621 2862 669 2888 ex
697 2850 923 2904 conjectura
950 2863 1026 2902 pro
1056 2852 1167 2906 πρωῒ
1183 2851 1362 2904 reposuit
1386 2866 1542 2906 πρωτω,
