1852 3236
474 643 1285 718 PRAEFATIO

261 784 805 832 LUDOVIGI
873 785 1487 832 DINDORFII.

140 1020 333 1093 Ioannis
370 1046 569 1093 Malalae
612 1046 1016 1109 chronographiae
1058 1062 1170 1092 unus
1208 1053 1275 1092 est
1311 1048 1456 1093 codex
1489 1047 1617 1093 Oxo-

139 1118 301 1162 niensis
339 1117 666 1174 Baroccianus,
713 1133 768 1162 ex
813 1132 904 1175 quo
950 1117 1222 1177 descriptam
1272 1117 1329 1161 ab
1369 1117 1617 1162 Edmundo

142 1185 423 1243 Chilmeado‚
457 1201 596 1245 quum
626 1187 662 1230 is
683 1191 826 1230 morte
853 1191 1118 1246 praeventus
1145 1191 1273 1243 esset,
1307 1186 1448 1230 edidit
1467 1187 1618 1230 Hum-

138 1254 294 1299 fredus
328 1254 505 1299 Hodius
554 1255 684 1313 eique
728 1255 788 1298 ita
822 1254 1050 1314 praefatus
1089 1261 1156 1298 est
1196 1261 1245 1299 ut
1294 1254 1406 1299 mihi
1442 1255 1499 1299 de
1536 1270 1617 1298 60-

140 1323 241 1368 11166
288 1329 333 1368 et
375 1322 644 1368 Chilmeado
687 1323 815 1380 nihil,
861 1339 1008 1383 pauca
1052 1323 1110 1367 de
1147 1324 1364 1383 scriptore
1409 1330 1453 1367 et
1486 1324 1616 1368 huius

139 1392 342 1438 editionis
376 1393 546 1437 ratione
583 1393 775 1437 dicenda
809 1392 1042 1452 supersint.
1114 1392 1290 1437 Ioannis
1335 1393 1448 1437 libro
1487 1391 1616 1437 Oxo-

137 1461 277 1506 niensi
311 1476 450 1520 quum
477 1467 522 1506 et
554 1462 660 1506 initii
695 1477 800 1521 pars
835 1476 928 1505 non
957 1461 1117 1521 exigua
1158 1467 1203 1506 et
1237 1462 1318 1506 sub
1353 1463 1491 1506 finem
1526 1476 1617 1505 non

139 1536 309 1574 constat
345 1536 508 1588 quanta
553 1531 757 1590 perierit,
801 1531 914 1574 illius
960 1530 1173 1574 iacturam
1216 1531 1342 1574 sarsit
1385 1530 1615 1575 Chilmea-

138 1599 221 1644 dus
266 1614 322 1644 ex
357 1599 442 1643 alio
491 1599 691 1644 eiusdem
725 1599 1025 1644 bibliothecae
1069 1598 1419 1659 chronographo
1455 1614 1615 1643 manu-

137 1668 327 1728 script0‚
373 1683 508 1727 quem
553 1668 803 1729 Georgium
847 1667 1120 1712 monachum
1166 1683 1286 1724 esse,
1329 1668 1470 1727 vulgo
1514 1667 1614 1711 Ha-

137 1737 376 1780 martolum
419 1737 611 1793 dictum,
664 1738 746 1782 sibi
799 1737 1016 1797 persuasit
1059 1736 1259 1780 Hodius:
1314 1735 1421 1779 mihi
1466 1736 1615 1796 ipsum

138 1804 372 1850 exordium
415 1821 518 1850 611111
562 1806 751 1866 Georgii
795 1806 1016 1865 particula
1060 1804 1117 1848 ab
1153 1804 1318 1849 Allatio
1359 1804 1478 1849 edita
1523 1821 1615 1849 non

135 1874 197 1918 ita
241 1875 477 1918 convenire
520 1875 663 1918 visum
708 1879 796 1930 est,
850 1876 958 1932 quin
1004 1874 1267 1933 scriptorem
1311 1871 1612 1918 Oxoniensem

138 1942 389 2003 Georgium
425 1959 480 1987 an
517 1958 652 2002 quem
695 1944 828 1987 alium
863 1943 1021 1986 haberi
1055 1947 1264 2002 oporteat
1309 1942 1402 1987 eius
1449 1942 1612 1987 iudicio

135 2012 387 2070 relinquere
417 2012 647 2056 maluerim
679 2013 749 2055 cui
778 2013 999 2072 integram
1029 2016 1149 2055 certe
1184 2016 1362 2071 partem
1397 2012 1453 2055 ab
1483 2010 1610 2056 Chil-

135 2080 300 2125 meado
337 2080 502 2125 editam
537 2096 639 2124 cum
676 2081 879 2141 Georgio
924 2079 1223 2124 contendendi
1259 2081 1390 2140 copia
1435 2086 1480 2124 et
1515 2081 1610 2123 ani-

134 2164 234 2194 mus
276 2149 422 2196 fuerit.
499 2149 651 2205 Quum
697 2150 814 2193 enim
851 2149 1300 2209 chronographorum
1326 2149 1611 2207 *Byzantino-

135 2233 235 2262 rum
270 2218 382 2262 alter
417 2219 593 2263 alterius
629 2218 751 2262 simia
787 2219 863 2275 sit,
912 2219 947 2263 si
992 2219 1069 2276 qui
1103 2234 1187 2278 per
1221 2218 1390 2276 aliquot
1421 2217 1610 2276 paginas

134 2286 196 2330 ad
227 2287 417 2331 verbum
447 2303 599 2332 secum
630 2288 927 2343 consentiunt,
965 2302 1056 2331 non
1075 2293 1164 2331 ·est
1202 2302 1280 2330 cur
1314 2287 1609 2330 existimemus

134 2370 225 2400 non
269 2371 366 2400 esse
409 2356 610 2400 homines
657 2356 769 2400 inter
814 2372 861 2400 se
896 2356 1107 2400 diversos.
1176 2355 1417 2399 Extremae
1461 2360 1610 2398 autem

133 2422 331 2468 Malalae
401 2426 540 2484 partis
598 2424 861 2469 detrimento
930 2440 1068 2483 quum
1119 2425 1336 2467 incertum
1390 2423 1606 2467 reddatur

135 2493 455 2538 concluseritne
508 2494 582 2538 ille
637 2508 739 2537 cum
780 2493 1018 2538 Iustiniano
1062 2509 1119 2536 an
1153 2493 1334 2536 ulterius
1373 2491 1605 2536 deduxerit

135 2560 547 2622 chronographiam
593 2578 740 2617 suam,
790 2578 935 2621 eoque
982 2563 1123 2606 maior
1173 2561 1339 2604 oriatur
1386 2560 1603 2605 dubitatio

134 2630 313 2687 quando
342 2631 442 2690 ipse
471 2631 694 2691 putandus
724 2631 777 2675 sit
805 2632 983 2687 vixisse,
1022 2629 1198 2674 Hodius
1229 2629 1348 2672 omni
1378 2644 1465 2689 ope
1498 2644 1604 2673 con-

135 2698 278 2743 tendit
303 2704 352 2743 ut
378 2700 555 2744 saeculo
572 2715 692 2744 nono
727 2701 892 2744 ineunti
921 2699 1182 2743 admoveret
1216 2698 1477 2757 scriptorem
1502 2704 1602 2742 tan-

134 2772 207 2810 tae
254 2767 448 2813 inscitiae
493 2775 537 2813 et
581 2769 814 2813 barbariae
870 2774 1035 2827 quanta
1080 2767 1125 2810 in
1170 2782 1326 2811 aevum
1364 2766 1602 2811 Iustiniano

132 2835 436 2895 propinquum
467 2838 629 2882 cadere
665 2839 705 2882 ei
750 2853 840 2882 non
874 2852 1009 2897 posse
1044 2835 1279 2880 videretur.
1361 2835 1603 2894 Quumque
