<?xml version="1.0" encoding="UTF-8"?>
<!DOCTYPE html PUBLIC "-//W3C//DTD XHTML 1.0 Transitional//EN"
    "http://www.w3.org/TR/xhtml1/DTD/xhtml1-transitional.dtd">
<html xmlns="http://www.w3.org/1999/xhtml" xml:lang="en" lang="en">
 <head>
  <title>
</title>
<meta http-equiv="Content-Type" content="text/html;charset=utf-8" />
  <meta name='ocr-system' content='tesseract 3.04.00' />
  <meta name='ocr-capabilities' content='ocr_page ocr_carea ocr_par ocr_line ocrx_word'/>
</head>
<body>
  <div class='ocr_page' id='page_1' title='image "./corpusscriptorum28niebuoft_0179.png"; bbox 0 0 1838 3230; ppageno 0'>
   <div class='ocr_carea' id='block_1_1' title="bbox 449 178 1586 234">
    <p class='ocr_par' dir='ltr' id='par_1_1' title="bbox 449 178 1586 234">
     <span class='ocr_line' id='line_1_1' title="bbox 449 178 1586 234; baseline -0.004 -9"><span class='ocrx_word' id='word_1_1' title='bbox 449 178 1079 225; x_wconf 86' lang='lat' dir='ltr'><strong>CHRONOGRAPHIA.</strong></span> <span class='ocrx_word' id='word_1_2' title='bbox 1135 179 1183 225; x_wconf 93' lang='lat' dir='ltr'><strong>L.</strong></span> <span class='ocrx_word' id='word_1_3' title='bbox 1213 181 1266 225; x_wconf 88' lang='lat' dir='ltr'><strong>V.</strong></span> <span class='ocrx_word' id='word_1_4' title='bbox 1521 187 1586 234; x_wconf 88' lang='lat'><strong>97</strong></span> 
     </span>
    </p>
   </div>
   <div class='ocr_carea' id='block_1_2' title="bbox 127 295 1582 426">
    <p class='ocr_par' dir='ltr' id='par_1_2' title="bbox 127 295 1582 426">
     <span class='ocr_line' id='line_1_2' title="bbox 127 295 1582 358; baseline 0.001 -14"><span class='ocrx_word' id='word_1_5' title='bbox 127 297 237 355; x_wconf 68' lang='grc' dir='ltr'><strong><em>μόνα</em></strong></span> <span class='ocrx_word' id='word_1_6' title='bbox 257 298 387 358; x_wconf 73' lang='grc' dir='ltr'><strong><em>ἔλεγεν</em></strong></span> <span class='ocrx_word' id='word_1_7' title='bbox 402 297 515 356; x_wconf 60' lang='grc' dir='ltr'><strong><em>ἔχειν.</em></strong></span> <span class='ocrx_word' id='word_1_8' title='bbox 588 299 655 342; x_wconf 79' lang='grc' dir='ltr'><strong><em>καὶ</em></strong></span> <span class='ocrx_word' id='word_1_9' title='bbox 677 298 818 341; x_wconf 80' lang='grc' dir='ltr'><strong><em>λοιπὸν</em></strong></span> <span class='ocrx_word' id='word_1_10' title='bbox 840 295 866 355; x_wconf 82' lang='grc' dir='ltr'><em>ἦ</em></span> <span class='ocrx_word' id='word_1_11' title='bbox 892 296 1044 354; x_wconf 80' lang='grc' dir='ltr'><em>Ἑκάβη</em></span> <span class='ocrx_word' id='word_1_12' title='bbox 1062 303 1339 358; x_wconf 76' lang='grc' dir='ltr'><strong><em>περιλαβοῦσα</em></strong></span> <span class='ocrx_word' id='word_1_13' title='bbox 1363 300 1492 358; x_wconf 77' lang='grc' dir='ltr'><strong><em>αὐτὴν</em></strong></span> <span class='ocrx_word' id='word_1_14' title='bbox 1511 320 1582 345; x_wconf 83' lang='grc' dir='ltr'><strong>κα-</strong></span> 
     </span>
     <span class='ocr_line' id='line_1_3' title="bbox 127 365 1069 426; baseline 0 -14"><span class='ocrx_word' id='word_1_15' title='bbox 127 370 278 426; x_wconf 82' lang='grc' dir='ltr'><strong><em>τεφίλει</em></strong></span> <span class='ocrx_word' id='word_1_16' title='bbox 296 371 364 413; x_wconf 79' lang='grc' dir='ltr'><strong><em>καὶ</em></strong></span> <span class='ocrx_word' id='word_1_17' title='bbox 382 371 507 413; x_wconf 82' lang='grc' dir='ltr'><em>πλείω</em></span> <span class='ocrx_word' id='word_1_18' title='bbox 525 365 688 412; x_wconf 85' lang='grc' dir='ltr'><strong><em>πάντων</em></strong></span> <span class='ocrx_word' id='word_1_19' title='bbox 707 366 836 423; x_wconf 77' lang='grc' dir='ltr'><strong><em>αὐτῆς</em></strong></span> <span class='ocrx_word' id='word_1_20' title='bbox 855 366 1069 423; x_wconf 79' lang='grc' dir='ltr'><strong><em>ἀντείχετο.</em></strong></span> 
     </span>
    </p>
   </div>
   <div class='ocr_carea' id='block_1_3' title="bbox 59 467 1730 1899">
    <p class='ocr_par' dir='ltr' id='par_1_3' title="bbox 59 467 1730 1899">
     <span class='ocr_line' id='line_1_4' title="bbox 230 467 1583 528; baseline 0.001 -15"><span class='ocrx_word' id='word_1_21' title='bbox 230 467 404 521; x_wconf 79' lang='grc' dir='ltr'><strong><em>Γνόντες</em></strong></span> <span class='ocrx_word' id='word_1_22' title='bbox 425 470 470 513; x_wconf 77' lang='grc' dir='ltr'><strong>δέ</strong></span> <span class='ocrx_word' id='word_1_23' title='bbox 489 469 529 513; x_wconf 81' lang='grc' dir='ltr'><strong><em>οἶ</em></strong></span> <span class='ocrx_word' id='word_1_24' title='bbox 554 471 643 526; x_wconf 82' lang='grc' dir='ltr'><strong><em>περὶ</em></strong></span> <span class='ocrx_word' id='word_1_25' title='bbox 665 469 944 525; x_wconf 81' lang='grc' dir='ltr'><strong><em>Ἀγαμέμνονα</em></strong></span> <span class='ocrx_word' id='word_1_26' title='bbox 962 472 1029 513; x_wconf 83' lang='grc' dir='ltr'><strong>καὶ</strong></span> <span class='ocrx_word' id='word_1_27' title='bbox 1053 470 1269 514; x_wconf 88' lang='grc' dir='ltr'><strong><em>Μενέλαον</em></strong></span> <span class='ocrx_word' id='word_1_28' title='bbox 1288 470 1364 527; x_wconf 87' lang='grc' dir='ltr'><strong>τὴν</strong></span> <span class='ocrx_word' id='word_1_29' title='bbox 1377 475 1451 528; x_wconf 83' lang='grc' dir='ltr'><strong>τῆς</strong></span> <span class='ocrx_word' id='word_1_30' title='bbox 1473 469 1583 515; x_wconf 77' lang='grc' dir='ltr'><strong><em>Ἑλέ-</em></strong></span> 
     </span>
     <span class='ocr_line' id='line_1_5' title="bbox 126 536 1585 598; baseline 0.001 -16"><span class='ocrx_word' id='word_1_31' title='bbox 126 555 201 594; x_wconf 84' lang='grc' dir='ltr'><strong>νης</strong></span> <span class='ocrx_word' id='word_1_32' title='bbox 218 539 282 582; x_wconf 72' lang='grc' dir='ltr'><strong>ἐπὶ</strong></span> <span class='ocrx_word' id='word_1_33' title='bbox 304 538 380 595; x_wconf 84' lang='grc' dir='ltr'><strong>τὴν</strong></span> <span class='ocrx_word' id='word_1_34' title='bbox 401 539 555 595; x_wconf 78' lang='grc' dir='ltr'><strong><em>Τροίην</em></strong></span> <span class='ocrx_word' id='word_1_35' title='bbox 574 538 678 593; x_wconf 79' lang='grc' dir='ltr'><strong><em>μετὰ</em></strong></span> <span class='ocrx_word' id='word_1_36' title='bbox 696 536 884 595; x_wconf 76' lang='grc' dir='ltr'><strong><em>Πάριδος</em></strong></span> <span class='ocrx_word' id='word_1_37' title='bbox 903 540 1154 596; x_wconf 90' lang='grc' dir='ltr'><strong><em>παρουσιάν,</em></strong></span> <span class='ocrx_word' id='word_1_38' title='bbox 1191 539 1379 595; x_wconf 62' lang='grc' dir='ltr'><strong><em>ἔπεμψαν</em></strong></span> <span class='ocrx_word' id='word_1_39' title='bbox 1397 540 1585 598; x_wconf 80' lang='grc' dir='ltr'><strong><em>πρέσβεις</em></strong></span> 
     </span>
     <span class='ocr_line' id='line_1_6' title="bbox 93 604 1582 665; baseline 0.001 -15"><span class='ocrx_word' id='word_1_40' title='bbox 93 606 391 663; x_wconf 70' lang='grc' dir='ltr'><strong><em>5ἇποδοθῆναι</em></strong></span> <span class='ocrx_word' id='word_1_41' title='bbox 412 607 488 663; x_wconf 84' lang='grc' dir='ltr'><strong>τὴν</strong></span> <span class='ocrx_word' id='word_1_42' title='bbox 512 604 673 662; x_wconf 77' lang='grc' dir='ltr'><strong><em>Ἑλένην</em></strong></span> <span class='ocrx_word' id='word_1_43' title='bbox 688 620 698 631; x_wconf 91' lang='grc'><em>·</em></span> <span class='ocrx_word' id='word_1_44' title='bbox 736 606 853 662; x_wconf 77' lang='grc' dir='ltr'><strong><em>ὦχλει</em></strong></span> <span class='ocrx_word' id='word_1_45' title='bbox 878 607 957 664; x_wconf 78' lang='grc' dir='ltr'><strong>γὰρ</strong></span> <span class='ocrx_word' id='word_1_46' title='bbox 980 610 1046 650; x_wconf 80' lang='grc' dir='ltr'><strong>καὶ</strong></span> <span class='ocrx_word' id='word_1_47' title='bbox 1072 606 1098 662; x_wconf 80' lang='grc' dir='ltr'><em>ἦ</em></span> <span class='ocrx_word' id='word_1_48' title='bbox 1124 608 1280 665; x_wconf 84' lang='grc' dir='ltr'><strong><em>ἀδελφὴ</em></strong></span> <span class='ocrx_word' id='word_1_49' title='bbox 1310 608 1438 664; x_wconf 80' lang='grc' dir='ltr'><strong><em>αὐτῆς</em></strong></span> <span class='ocrx_word' id='word_1_50' title='bbox 1465 613 1582 652; x_wconf 83' lang='grc' dir='ltr'><strong><em>Κλυ-</em></strong></span> 
     </span>
     <span class='ocr_line' id='line_1_7' title="bbox 124 673 1578 735; baseline 0.002 -17"><span class='ocrx_word' id='word_1_51' title='bbox 124 673 381 733; x_wconf 81' lang='grc' dir='ltr'><strong><em>ταιμνήστρα</em></strong></span> <span class='ocrx_word' id='word_1_52' title='bbox 400 680 458 735; x_wconf 78' lang='grc' dir='ltr'><strong><em>τῷ</em></strong></span> <span class='ocrx_word' id='word_1_53' title='bbox 481 677 571 733; x_wconf 77' lang='grc' dir='ltr'><strong><em>ι’δίῳ</em></strong></span> <span class='ocrx_word' id='word_1_54' title='bbox 588 675 705 731; x_wconf 79' lang='grc' dir='ltr'><strong><em>ἀνδρὶ</em></strong></span> <span class='ocrx_word' id='word_1_55' title='bbox 719 675 998 732; x_wconf 76' lang='grc' dir='ltr'><strong><em>Ἀγαμέμνονι,</em></strong></span> <span class='ocrx_word' id='word_1_56' title='bbox 1036 681 1094 734; x_wconf 74' lang='grc' dir='ltr'><strong><em>τῷ</em></strong></span> <span class='ocrx_word' id='word_1_57' title='bbox 1115 680 1282 730; x_wconf 81' lang='grc' dir='ltr'><strong><em>βασιλεῖ</em></strong></span> <span class='ocrx_word' id='word_1_58' title='bbox 1297 681 1370 720; x_wconf 80' lang='grc' dir='ltr'><strong>τοῦ</strong></span> <span class='ocrx_word' id='word_1_59' title='bbox 1389 676 1578 735; x_wconf 79' lang='grc' dir='ltr'><strong><em>Ἄργους,</em></strong></span> 
     </span>
     <span class='ocr_line' id='line_1_8' title="bbox 124 741 1584 802; baseline 0.001 -15"><span class='ocrx_word' id='word_1_60' title='bbox 124 743 194 787; x_wconf 75' lang='grc' dir='ltr'><strong>διὰ</strong></span> <span class='ocrx_word' id='word_1_61' title='bbox 211 743 258 788; x_wconf 88' lang='grc' dir='ltr'><strong><em>τό</em></strong></span> <span class='ocrx_word' id='word_1_62' title='bbox 283 745 417 788; x_wconf 73' lang='grc' dir='ltr'><strong><em>ἐλθεῖν</em></strong></span> <span class='ocrx_word' id='word_1_63' title='bbox 438 744 512 800; x_wconf 80' lang='grc' dir='ltr'><strong>τὴν</strong></span> <span class='ocrx_word' id='word_1_64' title='bbox 528 741 702 799; x_wconf 84' lang='grc' dir='ltr'><strong><em>Ἑλένην,</em></strong></span> <span class='ocrx_word' id='word_1_65' title='bbox 735 744 810 799; x_wconf 84' lang='grc' dir='ltr'><strong>τὴν</strong></span> <span class='ocrx_word' id='word_1_66' title='bbox 831 745 958 799; x_wconf 78' lang='grc' dir='ltr'><strong><em>αὐτῆς</em></strong></span> <span class='ocrx_word' id='word_1_67' title='bbox 979 743 1159 802; x_wconf 82' lang='grc' dir='ltr'><strong><em>ἀδελφήν</em></strong></span> <span class='ocrx_word' id='word_1_68' title='bbox 1173 759 1183 768; x_wconf 88' lang='grc'><em>·</em></span> <span class='ocrx_word' id='word_1_69' title='bbox 1218 744 1310 801; x_wconf 78' lang='grc' dir='ltr'><strong><em>ἥτις</em></strong></span> <span class='ocrx_word' id='word_1_70' title='bbox 1333 741 1405 789; x_wconf 68' lang='grc' dir='ltr'><strong><em>καῖ</em></strong></span> <span class='ocrx_word' id='word_1_71' title='bbox 1422 747 1584 802; x_wconf 78' lang='grc' dir='ltr'><strong><em>ἐποίησε</em></strong></span> 
     </span>
     <span class='ocr_line' id='line_1_9' title="bbox 122 811 1730 872; baseline 0.002 -17"><span class='ocrx_word' id='word_1_72' title='bbox 122 811 228 868; x_wconf 74' lang='grc' dir='ltr'><strong><em>πρὸς</em></strong></span> <span class='ocrx_word' id='word_1_73' title='bbox 251 812 380 869; x_wconf 80' lang='grc' dir='ltr'><strong><em>αὐτὴν</em></strong></span> <span class='ocrx_word' id='word_1_74' title='bbox 397 811 622 870; x_wconf 81' lang='grc' dir='ltr'><strong><em>γράμματα</em></strong></span> <span class='ocrx_word' id='word_1_75' title='bbox 639 814 706 855; x_wconf 85' lang='grc' dir='ltr'><strong>καὶ</strong></span> <span class='ocrx_word' id='word_1_76' title='bbox 737 812 859 856; x_wconf 65' lang='grc' dir='ltr'><strong><em>ἔδωκε</em></strong></span> <span class='ocrx_word' id='word_1_77' title='bbox 880 811 1081 872; x_wconf 79' lang='grc' dir='ltr'><strong><em>Μενελάῳ</em></strong></span> <span class='ocrx_word' id='word_1_78' title='bbox 1105 813 1318 871; x_wconf 80' lang='grc' dir='ltr'><strong><em>ὀφείλοντα</em></strong></span> <span class='ocrx_word' id='word_1_79' title='bbox 1347 820 1482 857; x_wconf 89' lang='grc' dir='ltr'><strong><em>πεΐσαι</em></strong></span> <span class='ocrx_word' id='word_1_80' title='bbox 1508 814 1585 870; x_wconf 81' lang='grc' dir='ltr'><strong>τὴν</strong></span> <span class='ocrx_word' id='word_1_81' title='bbox 1606 824 1638 859; x_wconf 94' lang='lat' dir='ltr'>O</span> <span class='ocrx_word' id='word_1_82' title='bbox 1664 824 1730 862; x_wconf 78' lang='lat'><strong>122</strong></span> 
     </span>
     <span class='ocr_line' id='line_1_10' title="bbox 118 877 1582 938; baseline 0.001 -14"><span class='ocrx_word' id='word_1_83' title='bbox 118 878 293 937; x_wconf 84' lang='grc' dir='ltr'><strong><em>Ἑλένην.</em></strong></span> <span class='ocrx_word' id='word_1_84' title='bbox 361 883 429 924; x_wconf 83' lang='grc' dir='ltr'><strong><em>καὶ</em></strong></span> <span class='ocrx_word' id='word_1_85' title='bbox 448 877 576 937; x_wconf 72' lang='grc' dir='ltr'><strong><em>ἦλθεν</em></strong></span> <span class='ocrx_word' id='word_1_86' title='bbox 597 879 618 924; x_wconf 83' lang='grc' dir='ltr'>ὅ</span> <span class='ocrx_word' id='word_1_87' title='bbox 642 882 858 931; x_wconf 75' lang='grc' dir='ltr'><strong><em>ῘΠενέλαος</em></strong></span> <span class='ocrx_word' id='word_1_88' title='bbox 877 882 980 938; x_wconf 85' lang='grc' dir='ltr'><strong><em>πρὸς</em></strong></span> <span class='ocrx_word' id='word_1_89' title='bbox 1000 883 1195 938; x_wconf 88' lang='grc' dir='ltr'><strong><em>Πριάμον</em></strong></span> <span class='ocrx_word' id='word_1_90' title='bbox 1216 884 1344 937; x_wconf 81' lang='grc' dir='ltr'><strong><em>ζητῶν</em></strong></span> <span class='ocrx_word' id='word_1_91' title='bbox 1366 883 1441 938; x_wconf 86' lang='grc' dir='ltr'><strong>τὴν</strong></span> <span class='ocrx_word' id='word_1_92' title='bbox 1470 881 1582 926; x_wconf 81' lang='grc' dir='ltr'><strong><em>Ἑλέ-</em></strong></span> 
     </span>
     <span class='ocr_line' id='line_1_11' title="bbox 66 947 1631 1010; baseline 0.001 -18"><span class='ocrx_word' id='word_1_93' title='bbox 66 959 112 996; x_wconf 83' lang='lat'><strong>10</strong></span> <span class='ocrx_word' id='word_1_94' title='bbox 122 967 216 1010; x_wconf 87' lang='grc' dir='ltr'><strong><em>νην,</em></strong></span> <span class='ocrx_word' id='word_1_95' title='bbox 253 949 330 1005; x_wconf 85' lang='grc' dir='ltr'><strong>τὴν</strong></span> <span class='ocrx_word' id='word_1_96' title='bbox 359 947 508 993; x_wconf 71' lang='grc' dir='ltr'><strong><em>ἑαυτοῦ</em></strong></span> <span class='ocrx_word' id='word_1_97' title='bbox 536 957 728 1006; x_wconf 78' lang='grc' dir='ltr'><strong><em>γυναῖκα,</em></strong></span> <span class='ocrx_word' id='word_1_98' title='bbox 765 950 845 1006; x_wconf 84' lang='grc' dir='ltr'><strong>πρὸ</strong></span> <span class='ocrx_word' id='word_1_99' title='bbox 868 955 940 993; x_wconf 81' lang='grc' dir='ltr'><strong>τοῦ</strong></span> <span class='ocrx_word' id='word_1_100' title='bbox 963 950 1164 1005; x_wconf 80' lang='grc' dir='ltr'><strong><em>πολέμου·</em></strong></span> <span class='ocrx_word' id='word_1_101' title='bbox 1200 952 1267 994; x_wconf 82' lang='grc' dir='ltr'><strong>καὶ</strong></span> <span class='ocrx_word' id='word_1_102' title='bbox 1293 950 1366 993; x_wconf 80' lang='grc' dir='ltr'><strong><em>οὔκ</em></strong></span> <span class='ocrx_word' id='word_1_103' title='bbox 1385 951 1579 1007; x_wconf 73' lang='grc' dir='ltr'><strong><em>ἕπείσθη-</em></strong></span> <span class='ocrx_word' id='word_1_104' title='bbox 1601 965 1631 999; x_wconf 90' lang='grc' dir='ltr'>Β</span> 
     </span>
     <span class='ocr_line' id='line_1_12' title="bbox 121 1016 1582 1076; baseline 0.001 -15"><span class='ocrx_word' id='word_1_105' title='bbox 121 1034 200 1061; x_wconf 87' lang='grc' dir='ltr'><strong>σαν</strong></span> <span class='ocrx_word' id='word_1_106' title='bbox 218 1018 257 1061; x_wconf 85' lang='grc' dir='ltr'><strong><em>οἶ</em></strong></span> <span class='ocrx_word' id='word_1_107' title='bbox 275 1020 506 1076; x_wconf 80' lang='grc' dir='ltr'><strong><em>Πριαμίδαι</em></strong></span> <span class='ocrx_word' id='word_1_108' title='bbox 530 1020 671 1061; x_wconf 82' lang='grc' dir='ltr'><strong><em>δοῦναι</em></strong></span> <span class='ocrx_word' id='word_1_109' title='bbox 691 1017 831 1074; x_wconf 77' lang='grc' dir='ltr'><strong><em>αὐτήν.</em></strong></span> <span class='ocrx_word' id='word_1_110' title='bbox 886 1020 953 1061; x_wconf 84' lang='grc' dir='ltr'><strong>καὶ</strong></span> <span class='ocrx_word' id='word_1_111' title='bbox 971 1019 1113 1061; x_wconf 83' lang='grc' dir='ltr'><strong><em>λοιπὸν</em></strong></span> <span class='ocrx_word' id='word_1_112' title='bbox 1133 1016 1457 1075; x_wconf 71' lang='grc' dir='ltr'><strong><em>ἐπεστράτευσαν</em></strong></span> <span class='ocrx_word' id='word_1_113' title='bbox 1475 1020 1582 1062; x_wconf 78' lang='grc' dir='ltr'><strong><em>κατὰ</em></strong></span> 
     </span>
     <span class='ocr_line' id='line_1_13' title="bbox 119 1085 1579 1145; baseline 0.001 -15"><span class='ocrx_word' id='word_1_114' title='bbox 119 1091 195 1130; x_wconf 80' lang='grc' dir='ltr'><strong>τοῦ</strong></span> <span class='ocrx_word' id='word_1_115' title='bbox 212 1087 334 1130; x_wconf 82' lang='grc' dir='ltr'><strong><em>Ἰλίου</em></strong></span> <span class='ocrx_word' id='word_1_116' title='bbox 354 1088 393 1130; x_wconf 82' lang='grc' dir='ltr'><strong><em>οἱ</em></strong></span> <span class='ocrx_word' id='word_1_117' title='bbox 410 1087 611 1143; x_wconf 86' lang='grc' dir='ltr'><strong><em>Ἀτρεΐδαι</em></strong></span> <span class='ocrx_word' id='word_1_118' title='bbox 631 1091 827 1140; x_wconf 81' lang='grc' dir='ltr'><strong><em>βασιλεῖς,</em></strong></span> <span class='ocrx_word' id='word_1_119' title='bbox 849 1085 1100 1143; x_wconf 78' lang='grc' dir='ltr'><strong><em>προμάχους,</em></strong></span> <span class='ocrx_word' id='word_1_120' title='bbox 1117 1086 1208 1142; x_wconf 76' lang='grc' dir='ltr'><strong><em>ἤτοι</em></strong></span> <span class='ocrx_word' id='word_1_121' title='bbox 1229 1085 1451 1143; x_wconf 82' lang='grc' dir='ltr'><strong><em>τοπάρχας,</em></strong></span> <span class='ocrx_word' id='word_1_122' title='bbox 1474 1105 1579 1145; x_wconf 90' lang='grc' dir='ltr'><strong><em>προ-</em></strong></span> 
     </span>
     <span class='ocr_line' id='line_1_14' title="bbox 119 1153 1575 1212; baseline 0.001 -14"><span class='ocrx_word' id='word_1_123' title='bbox 119 1153 371 1212; x_wconf 88' lang='grc' dir='ltr'><strong><em>τρεπόμενοι.</em></strong></span> <span class='ocrx_word' id='word_1_124' title='bbox 440 1157 506 1198; x_wconf 83' lang='grc' dir='ltr'><strong>καὶ</strong></span> <span class='ocrx_word' id='word_1_125' title='bbox 527 1153 795 1210; x_wconf 79' lang='grc' dir='ltr'><strong><em>ε’δυσώπησαν</em></strong></span> <span class='ocrx_word' id='word_1_126' title='bbox 810 1155 880 1198; x_wconf 87' lang='grc' dir='ltr'><strong>τὸν</strong></span> <span class='ocrx_word' id='word_1_127' title='bbox 900 1155 1044 1211; x_wconf 81' lang='grc' dir='ltr'><strong><em>Πηλέα</em></strong></span> <span class='ocrx_word' id='word_1_128' title='bbox 1062 1157 1127 1198; x_wconf 78' lang='grc' dir='ltr'><strong>καὶ</strong></span> <span class='ocrx_word' id='word_1_129' title='bbox 1150 1155 1225 1210; x_wconf 82' lang='grc' dir='ltr'><strong>τὴν</strong></span> <span class='ocrx_word' id='word_1_130' title='bbox 1243 1155 1371 1198; x_wconf 82' lang='grc' dir='ltr'><strong><em>αὐτοῦ</em></strong></span> <span class='ocrx_word' id='word_1_131' title='bbox 1391 1164 1575 1211; x_wconf 81' lang='grc' dir='ltr'><strong><em>γυναῖκα,</em></strong></span> 
     </span>
     <span class='ocr_line' id='line_1_15' title="bbox 118 1222 1578 1281; baseline 0.001 -15"><span class='ocrx_word' id='word_1_132' title='bbox 118 1223 196 1279; x_wconf 77' lang='grc' dir='ltr'><strong>τὴν</strong></span> <span class='ocrx_word' id='word_1_133' title='bbox 228 1223 371 1277; x_wconf 86' lang='grc' dir='ltr'><strong><em>Θέτιν,</em></strong></span> <span class='ocrx_word' id='word_1_134' title='bbox 409 1225 477 1267; x_wconf 83' lang='grc' dir='ltr'><strong>καὶ</strong></span> <span class='ocrx_word' id='word_1_135' title='bbox 497 1224 568 1267; x_wconf 80' lang='grc' dir='ltr'><strong>τὸν</strong></span> <span class='ocrx_word' id='word_1_136' title='bbox 588 1223 716 1279; x_wconf 74' lang='grc' dir='ltr'><strong><em>αὐτῆς</em></strong></span> <span class='ocrx_word' id='word_1_137' title='bbox 734 1225 890 1280; x_wconf 87' lang='grc' dir='ltr'><strong><em>πατέρα</em></strong></span> <span class='ocrx_word' id='word_1_138' title='bbox 909 1225 1121 1280; x_wconf 84' lang='grc' dir='ltr'><strong><em>Χείρωνα,</em></strong></span> <span class='ocrx_word' id='word_1_139' title='bbox 1159 1223 1231 1267; x_wconf 81' lang='grc' dir='ltr'><strong>τὸν</strong></span> <span class='ocrx_word' id='word_1_140' title='bbox 1250 1222 1479 1281; x_wconf 83' lang='grc' dir='ltr'><strong><em>φιλόσοφον</em></strong></span> <span class='ocrx_word' id='word_1_141' title='bbox 1495 1230 1578 1279; x_wconf 80' lang='grc' dir='ltr'><strong>βα-</strong></span> 
     </span>
     <span class='ocr_line' id='line_1_16' title="bbox 63 1291 1577 1350; baseline 0 -14"><span class='ocrx_word' id='word_1_142' title='bbox 63 1300 110 1336; x_wconf 88' lang='grc'><strong>15</strong></span> <span class='ocrx_word' id='word_1_143' title='bbox 122 1291 258 1345; x_wconf 83' lang='grc' dir='ltr'><strong><em>σιλέα,</em></strong></span> <span class='ocrx_word' id='word_1_144' title='bbox 306 1299 529 1350; x_wconf 78' lang='grc' dir='ltr'><strong><em>παρασχεῖν</em></strong></span> <span class='ocrx_word' id='word_1_145' title='bbox 561 1291 701 1342; x_wconf 80' lang='grc' dir='ltr'><strong><em>αὐτοῖς</em></strong></span> <span class='ocrx_word' id='word_1_146' title='bbox 735 1292 807 1335; x_wconf 82' lang='grc' dir='ltr'><strong>τὸν</strong></span> <span class='ocrx_word' id='word_1_147' title='bbox 829 1292 1037 1348; x_wconf 79' lang='grc' dir='ltr'><strong><em>Ἀχιλλέα,</em></strong></span> <span class='ocrx_word' id='word_1_148' title='bbox 1083 1292 1172 1336; x_wconf 81' lang='grc' dir='ltr'><strong><em>υἱὸν</em></strong></span> <span class='ocrx_word' id='word_1_149' title='bbox 1202 1297 1276 1348; x_wconf 81' lang='grc' dir='ltr'><strong>τῆς</strong></span> <span class='ocrx_word' id='word_1_150' title='bbox 1308 1293 1479 1343; x_wconf 83' lang='grc' dir='ltr'><strong><em>Θέτιδος</em></strong></span> <span class='ocrx_word' id='word_1_151' title='bbox 1509 1295 1577 1336; x_wconf 81' lang='grc' dir='ltr'><strong>καὶ</strong></span> 
     </span>
     <span class='ocr_line' id='line_1_17' title="bbox 117 1359 1576 1418; baseline 0 -14"><span class='ocrx_word' id='word_1_152' title='bbox 117 1364 193 1404; x_wconf 77' lang='grc' dir='ltr'><strong>τοῦ</strong></span> <span class='ocrx_word' id='word_1_153' title='bbox 212 1360 341 1404; x_wconf 76' lang='grc' dir='ltr'><strong><em>αὐτοῦ</em></strong></span> <span class='ocrx_word' id='word_1_154' title='bbox 368 1361 565 1416; x_wconf 89' lang='grc' dir='ltr'><strong><em>Πηλέως,</em></strong></span> <span class='ocrx_word' id='word_1_155' title='bbox 604 1361 766 1417; x_wconf 68' lang='grc' dir='ltr'><strong><em>ἔκγονον</em></strong></span> <span class='ocrx_word' id='word_1_156' title='bbox 796 1361 846 1404; x_wconf 77' lang='grc' dir='ltr'><strong>δὲ</strong></span> <span class='ocrx_word' id='word_1_157' title='bbox 861 1363 1083 1418; x_wconf 83' lang='grc' dir='ltr'><strong><em>Χείρωνος.</em></strong></span> <span class='ocrx_word' id='word_1_158' title='bbox 1158 1359 1269 1411; x_wconf 83' lang='grc' dir='ltr'><strong><em>ὅστις</em></strong></span> <span class='ocrx_word' id='word_1_159' title='bbox 1289 1362 1454 1418; x_wconf 89' lang='grc' dir='ltr'><strong><em>Χείρων</em></strong></span> <span class='ocrx_word' id='word_1_160' title='bbox 1471 1362 1576 1416; x_wconf 84' lang='grc' dir='ltr'><strong><em>πέμ-</em></strong></span> 
     </span>
     <span class='ocr_line' id='line_1_18' title="bbox 116 1427 1575 1487; baseline 0 -15"><span class='ocrx_word' id='word_1_161' title='bbox 116 1441 205 1484; x_wconf 82' lang='grc' dir='ltr'><strong>ψας</strong></span> <span class='ocrx_word' id='word_1_162' title='bbox 222 1428 368 1486; x_wconf 78' lang='grc' dir='ltr'><strong><em>ἤγαγεν</em></strong></span> <span class='ocrx_word' id='word_1_163' title='bbox 392 1427 519 1472; x_wconf 78' lang='grc' dir='ltr'><strong><em>αὐτόν</em></strong></span> <span class='ocrx_word' id='word_1_164' title='bbox 533 1443 543 1453; x_wconf 87' lang='grc'><em>·</em></span> <span class='ocrx_word' id='word_1_165' title='bbox 579 1432 689 1486; x_wconf 82' lang='grc' dir='ltr'><strong><em>διῆγε</em></strong></span> <span class='ocrx_word' id='word_1_166' title='bbox 711 1430 788 1487; x_wconf 78' lang='grc' dir='ltr'><strong>γὰρ</strong></span> <span class='ocrx_word' id='word_1_167' title='bbox 806 1429 910 1485; x_wconf 77' lang='grc' dir='ltr'><strong><em>μετὰ</em></strong></span> <span class='ocrx_word' id='word_1_168' title='bbox 937 1427 1220 1485; x_wconf 80' lang='grc' dir='ltr'><strong><em>Λυκομήδους</em></strong></span> <span class='ocrx_word' id='word_1_169' title='bbox 1238 1431 1461 1484; x_wconf 77' lang='grc' dir='ltr'><strong><em>βασιλέως,</em></strong></span> <span class='ocrx_word' id='word_1_170' title='bbox 1499 1434 1575 1473; x_wconf 80' lang='grc' dir='ltr'><strong>τοῦ</strong></span> 
     </span>
     <span class='ocr_line' id='line_1_19' title="bbox 116 1497 1574 1556; baseline 0 -15"><span class='ocrx_word' id='word_1_171' title='bbox 116 1502 319 1556; x_wconf 77' lang='grc' dir='ltr'><strong><em>πενθεροῦ</em></strong></span> <span class='ocrx_word' id='word_1_172' title='bbox 342 1502 417 1541; x_wconf 83' lang='grc' dir='ltr'><strong>τοῦ</strong></span> <span class='ocrx_word' id='word_1_173' title='bbox 446 1497 573 1541; x_wconf 83' lang='grc' dir='ltr'><strong>αὖτοῦ</strong></span> <span class='ocrx_word' id='word_1_174' title='bbox 595 1498 827 1554; x_wconf 77' lang='grc' dir='ltr'><strong><em>Ἀχιλλέως,</em></strong></span> <span class='ocrx_word' id='word_1_175' title='bbox 863 1498 1019 1556; x_wconf 82' lang='grc' dir='ltr'><strong><em>πατρὸς</em></strong></span> <span class='ocrx_word' id='word_1_176' title='bbox 1048 1499 1094 1541; x_wconf 77' lang='grc' dir='ltr'><strong>δὲ</strong></span> <span class='ocrx_word' id='word_1_177' title='bbox 1113 1502 1186 1554; x_wconf 84' lang='grc' dir='ltr'><strong>τῆς</strong></span> <span class='ocrx_word' id='word_1_178' title='bbox 1215 1500 1493 1554; x_wconf 83' lang='grc' dir='ltr'><strong><em>Δηιδαμειής,</em></strong></span> <span class='ocrx_word' id='word_1_179' title='bbox 1532 1499 1574 1541; x_wconf 77' lang='grc' dir='ltr'><strong>ἓν</strong></span> 
     </span>
     <span class='ocr_line' id='line_1_20' title="bbox 114 1564 1571 1626; baseline -0.002 -16"><span class='ocrx_word' id='word_1_180' title='bbox 114 1570 166 1624; x_wconf 82' lang='grc' dir='ltr'><strong><em>τῇ</em></strong></span> <span class='ocrx_word' id='word_1_181' title='bbox 193 1564 319 1625; x_wconf 77' lang='grc' dir='ltr'><strong><em>νήσῳ.</em></strong></span> <span class='ocrx_word' id='word_1_182' title='bbox 388 1568 455 1609; x_wconf 80' lang='grc' dir='ltr'><strong>καὶ</strong></span> <span class='ocrx_word' id='word_1_183' title='bbox 483 1566 646 1623; x_wconf 75' lang='grc' dir='ltr'><strong><em>ἀπῆλθε</em></strong></span> <span class='ocrx_word' id='word_1_184' title='bbox 670 1567 775 1626; x_wconf 78' lang='grc' dir='ltr'><strong><em>μετὰ</em></strong></span> <span class='ocrx_word' id='word_1_185' title='bbox 811 1571 893 1610; x_wconf 86' lang='grc' dir='ltr'><strong>τῶν</strong></span> <span class='ocrx_word' id='word_1_186' title='bbox 919 1567 1134 1624; x_wconf 80' lang='grc' dir='ltr'><strong><em>Ἀτρειδῶν</em></strong></span> <span class='ocrx_word' id='word_1_187' title='bbox 1158 1565 1178 1609; x_wconf 88' lang='grc' dir='ltr'>ὁ</span> <span class='ocrx_word' id='word_1_188' title='bbox 1209 1566 1334 1617; x_wconf 80' lang='grc' dir='ltr'><strong><em>αὐτὸς</em></strong></span> <span class='ocrx_word' id='word_1_189' title='bbox 1353 1564 1571 1621; x_wconf 82' lang='grc' dir='ltr'><strong><em>Ἀχιλλεύς,</em></strong></span> 
     </span>
     <span class='ocr_line' id='line_1_21' title="bbox 59 1633 1574 1692; baseline -0.001 -14"><span class='ocrx_word' id='word_1_190' title='bbox 59 1634 217 1690; x_wconf 71' lang='grc' dir='ltr'><strong><em>Ξοὲχων</em></strong></span> <span class='ocrx_word' id='word_1_191' title='bbox 246 1635 350 1678; x_wconf 69' lang='grc' dir='ltr'><strong><em>ἴδιον</em></strong></span> <span class='ocrx_word' id='word_1_192' title='bbox 373 1635 549 1692; x_wconf 82' lang='grc' dir='ltr'><strong><em>στρατὸν</em></strong></span> <span class='ocrx_word' id='word_1_193' title='bbox 572 1639 655 1678; x_wconf 89' lang='grc' dir='ltr'><strong>τῶν</strong></span> <span class='ocrx_word' id='word_1_194' title='bbox 674 1635 896 1692; x_wconf 79' lang='grc' dir='ltr'><strong><em>λεγομένων</em></strong></span> <span class='ocrx_word' id='word_1_195' title='bbox 926 1633 1210 1692; x_wconf 86' lang='grc' dir='ltr'><strong><em>Μυρμιδόνων</em></strong></span> <span class='ocrx_word' id='word_1_196' title='bbox 1241 1633 1355 1687; x_wconf 89' lang='grc' dir='ltr'><strong><em>τότε,</em></strong></span> <span class='ocrx_word' id='word_1_197' title='bbox 1410 1635 1495 1677; x_wconf 82' lang='grc' dir='ltr'><strong><em>νυνὶ</em></strong></span> <span class='ocrx_word' id='word_1_198' title='bbox 1528 1635 1574 1677; x_wconf 74' lang='grc' dir='ltr'><strong>δὲ</strong></span> 
     </span>
     <span class='ocr_line' id='line_1_22' title="bbox 115 1700 1572 1760; baseline -0.001 -14"><span class='ocrx_word' id='word_1_199' title='bbox 115 1703 338 1759; x_wconf 80' lang='grc' dir='ltr'><strong><em>λεγομένων</em></strong></span> <span class='ocrx_word' id='word_1_200' title='bbox 357 1702 630 1760; x_wconf 81' lang='grc' dir='ltr'><strong><em>Βουλγάρων,</em></strong></span> <span class='ocrx_word' id='word_1_201' title='bbox 667 1708 790 1760; x_wconf 88' lang='grc' dir='ltr'><strong><em>τριῶν</em></strong></span> <span class='ocrx_word' id='word_1_202' title='bbox 813 1702 1032 1758; x_wconf 86' lang='grc' dir='ltr'><strong><em>χιλιάδων,</em></strong></span> <span class='ocrx_word' id='word_1_203' title='bbox 1072 1702 1158 1757; x_wconf 83' lang='grc' dir='ltr'><strong>ἅμα</strong></span> <span class='ocrx_word' id='word_1_204' title='bbox 1179 1700 1412 1760; x_wconf 83' lang='grc' dir='ltr'><strong><em>Πατρόκλῳ</em></strong></span> <span class='ocrx_word' id='word_1_205' title='bbox 1442 1719 1572 1759; x_wconf 87' lang='grc' dir='ltr'><strong><em>στρα-</em></strong></span> 
     </span>
     <span class='ocr_line' id='line_1_23' title="bbox 114 1769 1620 1828; baseline -0.001 -14"><span class='ocrx_word' id='word_1_206' title='bbox 114 1769 345 1828; x_wconf 82' lang='grc' dir='ltr'><strong><em>τοπεδάρχῃ</em></strong></span> <span class='ocrx_word' id='word_1_207' title='bbox 374 1772 440 1814; x_wconf 83' lang='grc' dir='ltr'><strong><em>καὶ</em></strong></span> <span class='ocrx_word' id='word_1_208' title='bbox 465 1772 660 1827; x_wconf 76' lang='grc' dir='ltr'><strong><em>Νέστορι·</em></strong></span> <span class='ocrx_word' id='word_1_209' title='bbox 698 1773 840 1821; x_wconf 75' lang='grc' dir='ltr'><strong><em>οἵτινες</em></strong></span> <span class='ocrx_word' id='word_1_210' title='bbox 865 1769 1194 1826; x_wconf 73' lang='grc' dir='ltr'><strong><em>ἓδυσωπήθησαν</em></strong></span> <span class='ocrx_word' id='word_1_211' title='bbox 1222 1770 1335 1827; x_wconf 80' lang='grc' dir='ltr'><strong><em>παρὰ</em></strong></span> <span class='ocrx_word' id='word_1_212' title='bbox 1355 1771 1566 1828; x_wconf 85' lang='grc' dir='ltr'><strong><em>Χείρωνος</em></strong></span> <span class='ocrx_word' id='word_1_213' title='bbox 1589 1785 1620 1820; x_wconf 87' lang='lat' dir='ltr'>c</span> 
     </span>
     <span class='ocr_line' id='line_1_24' title="bbox 114 1837 1568 1899; baseline 0.001 -17"><span class='ocrx_word' id='word_1_214' title='bbox 114 1840 183 1882; x_wconf 80' lang='grc' dir='ltr'><strong>καὶ</strong></span> <span class='ocrx_word' id='word_1_215' title='bbox 209 1840 384 1896; x_wconf 81' lang='grc' dir='ltr'><strong><em>Πηλέως</em></strong></span> <span class='ocrx_word' id='word_1_216' title='bbox 408 1841 476 1882; x_wconf 80' lang='grc' dir='ltr'><strong>καὶ</strong></span> <span class='ocrx_word' id='word_1_217' title='bbox 521 1840 691 1890; x_wconf 78' lang='grc' dir='ltr'><strong><em>Θέτιδος</em></strong></span> <span class='ocrx_word' id='word_1_218' title='bbox 722 1846 898 1882; x_wconf 83' lang='grc' dir='ltr'><strong><em>συνεῖναι</em></strong></span> <span class='ocrx_word' id='word_1_219' title='bbox 937 1844 995 1899; x_wconf 79' lang='grc' dir='ltr'><strong><em>τῷ</em></strong></span> <span class='ocrx_word' id='word_1_220' title='bbox 1021 1840 1203 1894; x_wconf 84' lang='grc' dir='ltr'><strong><em>Ἀχιλλεῖ.</em></strong></span> <span class='ocrx_word' id='word_1_221' title='bbox 1276 1838 1440 1894; x_wconf 76' lang='grc' dir='ltr'><strong><em>ἀπῆλθε</em></strong></span> <span class='ocrx_word' id='word_1_222' title='bbox 1470 1839 1516 1882; x_wconf 78' lang='grc' dir='ltr'><strong>δὲ</strong></span> <span class='ocrx_word' id='word_1_223' title='bbox 1546 1837 1568 1882; x_wconf 80' lang='grc' dir='ltr'>ὅ</span> 
     </span>
    </p>
   </div>
   <div class='ocr_carea' id='block_1_4' title="bbox 113 1992 1567 2075">
    <p class='ocr_par' dir='ltr' id='par_1_4' title="bbox 113 1992 1567 2075">
     <span class='ocr_line' id='line_1_25' title="bbox 113 1992 1567 2074; baseline -0.001 -46"><span class='ocrx_word' id='word_1_224' title='bbox 113 1993 234 2074; x_wconf 47' lang='grc' dir='ltr'><strong><em>ἔαξε-ι</em></strong></span> <span class='ocrx_word' id='word_1_225' title='bbox 246 1994 400 2040; x_wconf 83' lang='lat' dir='ltr'><strong>amplexa</strong></span> <span class='ocrx_word' id='word_1_226' title='bbox 442 2005 516 2029; x_wconf 89' lang='lat' dir='ltr'><strong>eam</strong></span> <span class='ocrx_word' id='word_1_227' title='bbox 556 1994 708 2029; x_wconf 88' lang='lat' dir='ltr'><strong>osculata</strong></span> <span class='ocrx_word' id='word_1_228' title='bbox 747 1998 818 2036; x_wconf 80' lang='lat' dir='ltr'><strong>est,</strong></span> <span class='ocrx_word' id='word_1_229' title='bbox 869 1993 1011 2040; x_wconf 85' lang='lat' dir='ltr'><strong>aliisque</strong></span> <span class='ocrx_word' id='word_1_230' title='bbox 1043 1993 1192 2029; x_wconf 89' lang='lat' dir='ltr'><strong>omnibus</strong></span> <span class='ocrx_word' id='word_1_231' title='bbox 1224 1992 1348 2028; x_wconf 87' lang='lat' dir='ltr'><strong>deinde</strong></span> <span class='ocrx_word' id='word_1_232' title='bbox 1378 1992 1567 2028; x_wconf 81' lang='lat' dir='ltr'><strong>chariorem</strong></span> 
     </span>
     <span class='ocr_line' id='line_1_26' title="bbox 139 2051 245 2075; baseline 0 0"><span class='ocrx_word' id='word_1_233' title='bbox 139 2051 160 2075; x_wconf 78' lang='lat' dir='ltr'><strong>a</strong></span> <span class='ocrx_word' id='word_1_234' title='bbox 183 2051 219 2074; x_wconf 80' lang='grc' dir='ltr'><strong>ιιι</strong></span> <span class='ocrx_word' id='word_1_235' title='bbox 235 2064 245 2075; x_wconf 91' lang='grc'><strong><em>.</em></strong></span> 
     </span>
    </p>
   </div>
   <div class='ocr_carea' id='block_1_5' title="bbox 99 2116 1567 2937">
    <p class='ocr_par' dir='ltr' id='par_1_5' title="bbox 99 2116 1567 2937">
     <span class='ocr_line' id='line_1_27' title="bbox 99 2116 1566 2165; baseline -0.001 -13"><span class='ocrx_word' id='word_1_236' title='bbox 99 2154 104 2165; x_wconf 60' lang='grc'>,</span> <span class='ocrx_word' id='word_1_237' title='bbox 202 2116 333 2154; x_wconf 80' lang='lat' dir='ltr'><strong>Edocti</strong></span> <span class='ocrx_word' id='word_1_238' title='bbox 371 2129 455 2154; x_wconf 84' lang='lat' dir='ltr'><strong>vero</strong></span> <span class='ocrx_word' id='word_1_239' title='bbox 490 2119 719 2163; x_wconf 83' lang='lat' dir='ltr'><strong>Agamemnon</strong></span> <span class='ocrx_word' id='word_1_240' title='bbox 750 2125 787 2152; x_wconf 88' lang='lat' dir='ltr'><strong>et</strong></span> <span class='ocrx_word' id='word_1_241' title='bbox 820 2117 1012 2160; x_wconf 75' lang='lat' dir='ltr'><strong>Menelaus,</strong></span> <span class='ocrx_word' id='word_1_242' title='bbox 1058 2118 1222 2153; x_wconf 85' lang='lat' dir='ltr'><strong>Helenam</strong></span> <span class='ocrx_word' id='word_1_243' title='bbox 1253 2129 1328 2153; x_wconf 90' lang='lat' dir='ltr'><strong>cum</strong></span> <span class='ocrx_word' id='word_1_244' title='bbox 1360 2116 1488 2152; x_wconf 86' lang='lat' dir='ltr'><strong>Paride</strong></span> <span class='ocrx_word' id='word_1_245' title='bbox 1520 2117 1566 2151; x_wconf 87' lang='lat' dir='ltr'><strong>ad</strong></span> 
     </span>
     <span class='ocr_line' id='line_1_28' title="bbox 112 2163 1567 2210; baseline -0.001 -12"><span class='ocrx_word' id='word_1_246' title='bbox 112 2163 254 2199; x_wconf 81' lang='lat' dir='ltr'><strong>Troiam</strong></span> <span class='ocrx_word' id='word_1_247' title='bbox 276 2164 489 2209; x_wconf 80' lang='lat' dir='ltr'><strong>pervenisse3</strong></span> <span class='ocrx_word' id='word_1_248' title='bbox 513 2165 663 2209; x_wconf 77' lang='lat' dir='ltr'><strong>Legatos</strong></span> <span class='ocrx_word' id='word_1_249' title='bbox 686 2165 846 2206; x_wconf 89' lang='lat' dir='ltr'><strong>mittunt,</strong></span> <span class='ocrx_word' id='word_1_250' title='bbox 873 2164 931 2210; x_wconf 83' lang='lat' dir='ltr'><strong>qui</strong></span> <span class='ocrx_word' id='word_1_251' title='bbox 954 2164 1051 2198; x_wconf 83' lang='lat' dir='ltr'><strong>reddi</strong></span> <span class='ocrx_word' id='word_1_252' title='bbox 1073 2164 1237 2199; x_wconf 85' lang='lat' dir='ltr'><strong>Helenam</strong></span> <span class='ocrx_word' id='word_1_253' title='bbox 1259 2163 1483 2210; x_wconf 78' lang='lat' dir='ltr'><strong>postularent.</strong></span> <span class='ocrx_word' id='word_1_254' title='bbox 1516 2163 1567 2197; x_wconf 81' lang='lat' dir='ltr'><strong>Et</strong></span> 
     </span>
     <span class='ocr_line' id='line_1_29' title="bbox 112 2209 1565 2256; baseline -0.001 -12"><span class='ocrx_word' id='word_1_255' title='bbox 112 2209 247 2255; x_wconf 85' lang='lat' dir='ltr'><strong>quidem</strong></span> <span class='ocrx_word' id='word_1_256' title='bbox 269 2221 365 2244; x_wconf 84' lang='lat' dir='ltr'><strong>soror</strong></span> <span class='ocrx_word' id='word_1_257' title='bbox 389 2211 461 2255; x_wconf 84' lang='lat' dir='ltr'><strong>ejus</strong></span> <span class='ocrx_word' id='word_1_258' title='bbox 481 2210 749 2256; x_wconf 76' lang='lat' dir='ltr'><strong>Clytaemnestra</strong></span> <span class='ocrx_word' id='word_1_259' title='bbox 770 2209 910 2244; x_wconf 82' lang='lat' dir='ltr'><strong>maxime</strong></span> <span class='ocrx_word' id='word_1_260' title='bbox 932 2211 997 2244; x_wconf 87' lang='lat' dir='ltr'><strong>hoc</strong></span> <span class='ocrx_word' id='word_1_261' title='bbox 1012 2211 1159 2255; x_wconf 85' lang='lat' dir='ltr'><strong>urgebat</strong></span> <span class='ocrx_word' id='word_1_262' title='bbox 1175 2211 1249 2245; x_wconf 89' lang='lat' dir='ltr'><strong>viro</strong></span> <span class='ocrx_word' id='word_1_263' title='bbox 1266 2221 1325 2244; x_wconf 88' lang='lat' dir='ltr'><strong>suo</strong></span> <span class='ocrx_word' id='word_1_264' title='bbox 1344 2211 1565 2253; x_wconf 84' lang='lat' dir='ltr'><strong>Agamemno-</strong></span> 
     </span>
     <span class='ocr_line' id='line_1_30' title="bbox 112 2255 1563 2301; baseline -0.001 -12"><span class='ocrx_word' id='word_1_265' title='bbox 112 2256 170 2299; x_wconf 88' lang='lat' dir='ltr'><strong>ni,</strong></span> <span class='ocrx_word' id='word_1_266' title='bbox 200 2255 404 2300; x_wconf 81' lang='lat' dir='ltr'><strong>Argivorum</strong></span> <span class='ocrx_word' id='word_1_267' title='bbox 424 2256 518 2301; x_wconf 83' lang='lat' dir='ltr'><strong>regi:</strong></span> <span class='ocrx_word' id='word_1_268' title='bbox 554 2257 635 2301; x_wconf 88' lang='lat' dir='ltr'><strong>quin</strong></span> <span class='ocrx_word' id='word_1_269' title='bbox 659 2262 695 2290; x_wconf 87' lang='lat' dir='ltr'><strong>et</strong></span> <span class='ocrx_word' id='word_1_270' title='bbox 723 2256 842 2290; x_wconf 82' lang='lat' dir='ltr'><strong>literas</strong></span> <span class='ocrx_word' id='word_1_271' title='bbox 864 2256 963 2290; x_wconf 84' lang='lat' dir='ltr'><strong>etiam</strong></span> <span class='ocrx_word' id='word_1_272' title='bbox 988 2256 1144 2291; x_wconf 83' lang='lat' dir='ltr'><strong>Menelao</strong></span> <span class='ocrx_word' id='word_1_273' title='bbox 1168 2256 1284 2297; x_wconf 90' lang='lat' dir='ltr'><strong>dedit,</strong></span> <span class='ocrx_word' id='word_1_274' title='bbox 1316 2255 1467 2288; x_wconf 85' lang='lat' dir='ltr'><strong>Helenae</strong></span> <span class='ocrx_word' id='word_1_275' title='bbox 1489 2259 1563 2288; x_wconf 86' lang='lat' dir='ltr'><strong>tra—</strong></span> 
     </span>
     <span class='ocr_line' id='line_1_31' title="bbox 112 2300 1564 2347; baseline -0.002 -11"><span class='ocrx_word' id='word_1_276' title='bbox 112 2301 258 2343; x_wconf 78' lang='lat' dir='ltr'><strong>dendas,</strong></span> <span class='ocrx_word' id='word_1_277' title='bbox 294 2301 415 2347; x_wconf 87' lang='lat' dir='ltr'><strong>quibus</strong></span> <span class='ocrx_word' id='word_1_278' title='bbox 437 2302 583 2336; x_wconf 88' lang='lat' dir='ltr'><strong>reditum</strong></span> <span class='ocrx_word' id='word_1_279' title='bbox 608 2303 678 2346; x_wconf 84' lang='lat' dir='ltr'><strong>ejus</strong></span> <span class='ocrx_word' id='word_1_280' title='bbox 701 2302 843 2336; x_wconf 88' lang='lat' dir='ltr'><strong>suadere</strong></span> <span class='ocrx_word' id='word_1_281' title='bbox 866 2302 1048 2336; x_wconf 83' lang='lat' dir='ltr'><strong>nitebatur.</strong></span> <span class='ocrx_word' id='word_1_282' title='bbox 1094 2303 1184 2337; x_wconf 86' lang='lat' dir='ltr'><strong>Ante</strong></span> <span class='ocrx_word' id='word_1_283' title='bbox 1207 2301 1330 2336; x_wconf 87' lang='lat' dir='ltr'><strong>bellum</strong></span> <span class='ocrx_word' id='word_1_284' title='bbox 1353 2300 1470 2344; x_wconf 88' lang='lat' dir='ltr'><strong>itaque</strong></span> <span class='ocrx_word' id='word_1_285' title='bbox 1491 2311 1564 2333; x_wconf 87' lang='lat' dir='ltr'><strong>sus-</strong></span> 
     </span>
     <span class='ocr_line' id='line_1_32' title="bbox 112 2344 1563 2392; baseline -0.003 -11"><span class='ocrx_word' id='word_1_286' title='bbox 112 2352 270 2392; x_wconf 85' lang='lat' dir='ltr'><strong>ceptum,</strong></span> <span class='ocrx_word' id='word_1_287' title='bbox 307 2347 482 2382; x_wconf 83' lang='lat' dir='ltr'><strong>Menelaus</strong></span> <span class='ocrx_word' id='word_1_288' title='bbox 513 2348 556 2382; x_wconf 85' lang='lat' dir='ltr'><strong>ad</strong></span> <span class='ocrx_word' id='word_1_289' title='bbox 589 2348 759 2382; x_wconf 85' lang='lat' dir='ltr'><strong>Priamum</strong></span> <span class='ocrx_word' id='word_1_290' title='bbox 792 2347 985 2382; x_wconf 83' lang='lat' dir='ltr'><strong>contendit:</strong></span> <span class='ocrx_word' id='word_1_291' title='bbox 1023 2359 1162 2382; x_wconf 84' lang='lat' dir='ltr'><strong>uxorem</strong></span> <span class='ocrx_word' id='word_1_292' title='bbox 1184 2348 1347 2381; x_wconf 85' lang='lat' dir='ltr'><strong>Helenam</strong></span> <span class='ocrx_word' id='word_1_293' title='bbox 1379 2345 1442 2379; x_wconf 87' lang='lat' dir='ltr'><strong>sibi</strong></span> <span class='ocrx_word' id='word_1_294' title='bbox 1464 2344 1563 2378; x_wconf 91' lang='lat' dir='ltr'><strong>reddi</strong></span> 
     </span>
     <span class='ocr_line' id='line_1_33' title="bbox 112 2391 1561 2447; baseline -0.003 -20"><span class='ocrx_word' id='word_1_295' title='bbox 112 2392 293 2447; x_wconf 76' lang='lat' dir='ltr'><strong>postulans.</strong></span> <span class='ocrx_word' id='word_1_296' title='bbox 339 2392 532 2428; x_wconf 82' lang='lat' dir='ltr'><strong>Priamidae</strong></span> <span class='ocrx_word' id='word_1_297' title='bbox 555 2399 665 2427; x_wconf 88' lang='lat' dir='ltr'><strong>autem</strong></span> <span class='ocrx_word' id='word_1_298' title='bbox 688 2404 761 2427; x_wconf 89' lang='lat' dir='ltr'><strong>cum</strong></span> <span class='ocrx_word' id='word_1_299' title='bbox 783 2405 855 2427; x_wconf 82' lang='lat' dir='ltr'><strong>eam</strong></span> <span class='ocrx_word' id='word_1_300' title='bbox 877 2393 1023 2427; x_wconf 83' lang='lat' dir='ltr'><strong>reddere</strong></span> <span class='ocrx_word' id='word_1_301' title='bbox 1046 2398 1226 2428; x_wconf 87' lang='lat' dir='ltr'><strong>renuerent</strong></span> <span class='ocrx_word' id='word_1_302' title='bbox 1249 2392 1393 2432; x_wconf 89' lang='lat' dir='ltr'><strong>omnino,</strong></span> <span class='ocrx_word' id='word_1_303' title='bbox 1416 2391 1452 2424; x_wconf 90' lang='lat' dir='ltr'><strong>in</strong></span> <span class='ocrx_word' id='word_1_304' title='bbox 1469 2391 1561 2424; x_wconf 86' lang='lat' dir='ltr'><strong>Tro-</strong></span> 
     </span>
     <span class='ocr_line' id='line_1_34' title="bbox 111 2435 1562 2484; baseline -0.003 -12"><span class='ocrx_word' id='word_1_305' title='bbox 111 2449 207 2473; x_wconf 71' lang='lat' dir='ltr'><strong>ianos</strong></span> <span class='ocrx_word' id='word_1_306' title='bbox 230 2449 323 2472; x_wconf 85' lang='lat' dir='ltr'><strong>arma</strong></span> <span class='ocrx_word' id='word_1_307' title='bbox 345 2439 496 2484; x_wconf 85' lang='lat' dir='ltr'><strong>protinus</strong></span> <span class='ocrx_word' id='word_1_308' title='bbox 518 2443 728 2484; x_wconf 82' lang='lat' dir='ltr'><strong>sumpserunt</strong></span> <span class='ocrx_word' id='word_1_309' title='bbox 740 2438 904 2481; x_wconf 75' lang='lat' dir='ltr'><strong>Atridae5</strong></span> <span class='ocrx_word' id='word_1_310' title='bbox 926 2438 1054 2483; x_wconf 85' lang='lat' dir='ltr'><strong>regulis</strong></span> <span class='ocrx_word' id='word_1_311' title='bbox 1078 2439 1180 2473; x_wconf 87' lang='lat' dir='ltr'><strong>etiam</strong></span> <span class='ocrx_word' id='word_1_312' title='bbox 1203 2437 1322 2472; x_wconf 80' lang='lat' dir='ltr'><strong>vicinis</strong></span> <span class='ocrx_word' id='word_1_313' title='bbox 1346 2437 1380 2470; x_wconf 93' lang='lat' dir='ltr'><strong>in</strong></span> <span class='ocrx_word' id='word_1_314' title='bbox 1404 2435 1486 2470; x_wconf 92' lang='lat' dir='ltr'><strong>belli</strong></span> <span class='ocrx_word' id='word_1_315' title='bbox 1508 2447 1562 2469; x_wconf 87' lang='lat' dir='ltr'><strong>so-</strong></span> 
     </span>
     <span class='ocr_line' id='line_1_35' title="bbox 113 2480 1561 2530; baseline -0.003 -12"><span class='ocrx_word' id='word_1_316' title='bbox 113 2483 270 2518; x_wconf 69' lang='lat' dir='ltr'><strong>cietetem</strong></span> <span class='ocrx_word' id='word_1_317' title='bbox 301 2484 487 2520; x_wconf 78' lang='lat' dir='ltr'><strong>conductis.</strong></span> <span class='ocrx_word' id='word_1_318' title='bbox 552 2483 755 2519; x_wconf 78' lang='lat' dir='ltr'><strong>sollicitatis</strong></span> <span class='ocrx_word' id='word_1_319' title='bbox 794 2484 912 2530; x_wconf 85' lang='lat' dir='ltr'><strong>itaque</strong></span> <span class='ocrx_word' id='word_1_320' title='bbox 941 2484 1045 2520; x_wconf 85' lang='lat' dir='ltr'><strong>Peleo</strong></span> <span class='ocrx_word' id='word_1_321' title='bbox 1080 2488 1116 2519; x_wconf 91' lang='lat' dir='ltr'><strong>et</strong></span> <span class='ocrx_word' id='word_1_322' title='bbox 1148 2495 1255 2519; x_wconf 85' lang='lat' dir='ltr'><strong>uxore</strong></span> <span class='ocrx_word' id='word_1_323' title='bbox 1287 2483 1360 2526; x_wconf 83' lang='lat' dir='ltr'><strong>ejus</strong></span> <span class='ocrx_word' id='word_1_324' title='bbox 1395 2480 1561 2523; x_wconf 81' lang='lat' dir='ltr'><strong>Thetide,</strong></span> 
     </span>
     <span class='ocr_line' id='line_1_36' title="bbox 113 2527 1562 2576; baseline -0.001 -14"><span class='ocrx_word' id='word_1_325' title='bbox 113 2527 291 2565; x_wconf 82' lang='lat' dir='ltr'><strong>Chironem</strong></span> <span class='ocrx_word' id='word_1_326' title='bbox 313 2530 436 2572; x_wconf 86' lang='lat' dir='ltr'><strong>etiam,</strong></span> <span class='ocrx_word' id='word_1_327' title='bbox 469 2531 597 2575; x_wconf 86' lang='lat' dir='ltr'><strong>Regem</strong></span> <span class='ocrx_word' id='word_1_328' title='bbox 622 2535 658 2564; x_wconf 89' lang='lat' dir='ltr'><strong>et</strong></span> <span class='ocrx_word' id='word_1_329' title='bbox 679 2529 815 2564; x_wconf 89' lang='lat' dir='ltr'><strong>Philoso</strong></span> <span class='ocrx_word' id='word_1_330' title='bbox 843 2531 940 2572; x_wconf 91' lang='lat' dir='ltr'><strong>hum,</strong></span> <span class='ocrx_word' id='word_1_331' title='bbox 971 2530 1129 2565; x_wconf 85' lang='lat' dir='ltr'><strong>Thetidis</strong></span> <span class='ocrx_word' id='word_1_332' title='bbox 1151 2536 1282 2576; x_wconf 87' lang='lat' dir='ltr'><strong>patrem</strong></span> <span class='ocrx_word' id='word_1_333' title='bbox 1305 2531 1478 2562; x_wconf 89' lang='lat' dir='ltr'><strong>exoratum</strong></span> <span class='ocrx_word' id='word_1_334' title='bbox 1499 2528 1562 2561; x_wconf 85' lang='lat' dir='ltr'><strong>ha-</strong></span> 
     </span>
     <span class='ocr_line' id='line_1_37' title="bbox 111 2572 1561 2618; baseline -0.002 -10"><span class='ocrx_word' id='word_1_335' title='bbox 111 2574 278 2616; x_wconf 74' lang='lat' dir='ltr'><strong>buerunt,</strong></span> <span class='ocrx_word' id='word_1_336' title='bbox 299 2580 339 2609; x_wconf 84' lang='lat' dir='ltr'><strong>ut</strong></span> <span class='ocrx_word' id='word_1_337' title='bbox 360 2575 525 2618; x_wconf 87' lang='lat' dir='ltr'><strong>Achilles,</strong></span> <span class='ocrx_word' id='word_1_338' title='bbox 548 2576 645 2610; x_wconf 84' lang='lat' dir='ltr'><strong>Pelei</strong></span> <span class='ocrx_word' id='word_1_339' title='bbox 668 2579 703 2609; x_wconf 88' lang='lat' dir='ltr'><strong>et</strong></span> <span class='ocrx_word' id='word_1_340' title='bbox 726 2575 884 2610; x_wconf 78' lang='lat' dir='ltr'><strong>Thetidis</strong></span> <span class='ocrx_word' id='word_1_341' title='bbox 906 2576 945 2609; x_wconf 78' lang='lat' dir='ltr'><strong>F.</strong></span> <span class='ocrx_word' id='word_1_342' title='bbox 966 2575 1031 2610; x_wconf 89' lang='lat' dir='ltr'><strong>sibi</strong></span> <span class='ocrx_word' id='word_1_343' title='bbox 1053 2576 1193 2610; x_wconf 89' lang='lat' dir='ltr'><strong>daretur</strong></span> <span class='ocrx_word' id='word_1_344' title='bbox 1217 2573 1337 2609; x_wconf 82' lang='lat' dir='ltr'><strong>socius.</strong></span> <span class='ocrx_word' id='word_1_345' title='bbox 1384 2573 1472 2606; x_wconf 76' lang='lat' dir='ltr'><strong>Eum</strong></span> <span class='ocrx_word' id='word_1_346' title='bbox 1495 2572 1561 2606; x_wconf 79' lang='lat' dir='ltr'><strong>ita-</strong></span> 
     </span>
     <span class='ocr_line' id='line_1_38' title="bbox 113 2619 1560 2667; baseline -0.001 -14"><span class='ocrx_word' id='word_1_347' title='bbox 113 2630 180 2664; x_wconf 87' lang='lat' dir='ltr'><strong>que</strong></span> <span class='ocrx_word' id='word_1_348' title='bbox 209 2619 336 2655; x_wconf 83' lang='lat' dir='ltr'><strong>Chiron</strong></span> <span class='ocrx_word' id='word_1_349' title='bbox 365 2622 530 2664; x_wconf 86' lang='lat' dir='ltr'><strong>accersit,</strong></span> <span class='ocrx_word' id='word_1_350' title='bbox 561 2633 604 2655; x_wconf 87' lang='lat' dir='ltr'><strong>ex</strong></span> <span class='ocrx_word' id='word_1_351' title='bbox 627 2621 758 2663; x_wconf 81' lang='lat' dir='ltr'><strong>Insula,</strong></span> <span class='ocrx_word' id='word_1_352' title='bbox 792 2620 851 2655; x_wconf 90' lang='lat' dir='ltr'><strong>ubi</strong></span> <span class='ocrx_word' id='word_1_353' title='bbox 883 2620 975 2667; x_wconf 85' lang='lat' dir='ltr'><strong>apud</strong></span> <span class='ocrx_word' id='word_1_354' title='bbox 997 2632 1111 2666; x_wconf 89' lang='lat' dir='ltr'><strong>regem</strong></span> <span class='ocrx_word' id='word_1_355' title='bbox 1133 2619 1377 2664; x_wconf 83' lang='lat' dir='ltr'><strong>Lycomedem,</strong></span> <span class='ocrx_word' id='word_1_356' title='bbox 1410 2628 1560 2652; x_wconf 84' lang='lat' dir='ltr'><strong>socerum</strong></span> 
     </span>
     <span class='ocr_line' id='line_1_39' title="bbox 113 2663 1560 2712; baseline -0.001 -13"><span class='ocrx_word' id='word_1_357' title='bbox 113 2675 227 2706; x_wconf 83' lang='lat' dir='ltr'><strong>suum,</strong></span> <span class='ocrx_word' id='word_1_358' title='bbox 260 2665 456 2701; x_wconf 83' lang='lat' dir='ltr'><strong>Deidamiae</strong></span> <span class='ocrx_word' id='word_1_359' title='bbox 472 2672 627 2712; x_wconf 88' lang='lat' dir='ltr'><strong>patrem,</strong></span> <span class='ocrx_word' id='word_1_360' title='bbox 661 2667 940 2702; x_wconf 84' lang='lat' dir='ltr'><strong>commorabatur.</strong></span> <span class='ocrx_word' id='word_1_361' title='bbox 988 2667 1132 2701; x_wconf 84' lang='lat' dir='ltr'><strong>Achilles</strong></span> <span class='ocrx_word' id='word_1_362' title='bbox 1163 2667 1279 2710; x_wconf 88' lang='lat' dir='ltr'><strong>itaque</strong></span> <span class='ocrx_word' id='word_1_363' title='bbox 1310 2663 1463 2698; x_wconf 89' lang='lat' dir='ltr'><strong>comitem</strong></span> <span class='ocrx_word' id='word_1_364' title='bbox 1488 2675 1560 2698; x_wconf 79' lang='lat' dir='ltr'><strong>sese</strong></span> 
     </span>
     <span class='ocr_line' id='line_1_40' title="bbox 112 2709 1559 2755; baseline -0.001 -11"><span class='ocrx_word' id='word_1_365' title='bbox 112 2709 242 2745; x_wconf 80' lang='lat' dir='ltr'><strong>Atridis</strong></span> <span class='ocrx_word' id='word_1_366' title='bbox 263 2710 440 2755; x_wconf 77' lang='lat' dir='ltr'><strong>adjunxit3</strong></span> <span class='ocrx_word' id='word_1_367' title='bbox 469 2724 580 2747; x_wconf 81' lang='lat' dir='ltr'><strong>secum</strong></span> <span class='ocrx_word' id='word_1_368' title='bbox 604 2713 729 2747; x_wconf 85' lang='lat' dir='ltr'><strong>habens</strong></span> <span class='ocrx_word' id='word_1_369' title='bbox 749 2712 784 2745; x_wconf 86' lang='lat' dir='ltr'><strong>in</strong></span> <span class='ocrx_word' id='word_1_370' title='bbox 808 2712 957 2746; x_wconf 85' lang='lat' dir='ltr'><strong>exercitu</strong></span> <span class='ocrx_word' id='word_1_371' title='bbox 989 2724 1050 2747; x_wconf 88' lang='lat' dir='ltr'><strong>suo</strong></span> <span class='ocrx_word' id='word_1_372' title='bbox 1074 2723 1154 2745; x_wconf 75' lang='grc' dir='ltr'><strong>ΜΜΜ</strong></span> <span class='ocrx_word' id='word_1_373' title='bbox 1178 2709 1445 2754; x_wconf 82' lang='lat' dir='ltr'><strong>Myrmidonum:</strong></span> <span class='ocrx_word' id='word_1_374' title='bbox 1483 2709 1559 2753; x_wconf 84' lang='lat' dir='ltr'><strong>(ita</strong></span> 
     </span>
     <span class='ocr_line' id='line_1_41' title="bbox 111 2754 1557 2803; baseline -0.002 -12"><span class='ocrx_word' id='word_1_375' title='bbox 111 2756 189 2791; x_wconf 88' lang='lat' dir='ltr'><strong>olim</strong></span> <span class='ocrx_word' id='word_1_376' title='bbox 211 2754 317 2797; x_wconf 78' lang='lat' dir='ltr'><strong>dicti,</strong></span> <span class='ocrx_word' id='word_1_377' title='bbox 351 2757 411 2801; x_wconf 83' lang='lat' dir='ltr'><strong>qui</strong></span> <span class='ocrx_word' id='word_1_378' title='bbox 432 2768 520 2792; x_wconf 89' lang='lat' dir='ltr'><strong>nunc</strong></span> <span class='ocrx_word' id='word_1_379' title='bbox 542 2758 708 2803; x_wconf 83' lang='lat' dir='ltr'><strong>Bulgari)</strong></span> <span class='ocrx_word' id='word_1_380' title='bbox 730 2758 819 2792; x_wconf 89' lang='lat' dir='ltr'><strong>inter</strong></span> <span class='ocrx_word' id='word_1_381' title='bbox 843 2769 926 2803; x_wconf 88' lang='lat' dir='ltr'><strong>quos</strong></span> <span class='ocrx_word' id='word_1_382' title='bbox 949 2758 1076 2792; x_wconf 86' lang='lat' dir='ltr'><strong>Nestor</strong></span> <span class='ocrx_word' id='word_1_383' title='bbox 1099 2757 1184 2798; x_wconf 86' lang='lat' dir='ltr'><strong>fuit,</strong></span> <span class='ocrx_word' id='word_1_384' title='bbox 1217 2761 1253 2790; x_wconf 88' lang='lat' dir='ltr'><strong>et</strong></span> <span class='ocrx_word' id='word_1_385' title='bbox 1276 2755 1470 2795; x_wconf 84' lang='lat' dir='ltr'><strong>Patroclus,</strong></span> <span class='ocrx_word' id='word_1_386' title='bbox 1499 2766 1557 2788; x_wconf 87' lang='lat' dir='ltr'><strong>ca—</strong></span> 
     </span>
     <span class='ocr_line' id='line_1_42' title="bbox 109 2800 1557 2849; baseline -0.001 -13"><span class='ocrx_word' id='word_1_387' title='bbox 109 2807 253 2836; x_wconf 81' lang='lat' dir='ltr'><strong>strorum</strong></span> <span class='ocrx_word' id='word_1_388' title='bbox 276 2802 488 2846; x_wconf 82' lang='lat' dir='ltr'><strong>praefectus:</strong></span> <span class='ocrx_word' id='word_1_389' title='bbox 522 2802 780 2849; x_wconf 83' lang='lat' dir='ltr'><strong>impetrantibus</strong></span> <span class='ocrx_word' id='word_1_390' title='bbox 802 2804 868 2838; x_wconf 87' lang='lat' dir='ltr'><strong>hoc</strong></span> <span class='ocrx_word' id='word_1_391' title='bbox 894 2803 936 2837; x_wconf 88' lang='lat' dir='ltr'><strong>ab</strong></span> <span class='ocrx_word' id='word_1_392' title='bbox 961 2802 1012 2836; x_wconf 88' lang='lat' dir='ltr'><strong>his</strong></span> <span class='ocrx_word' id='word_1_393' title='bbox 1034 2802 1202 2843; x_wconf 86' lang='lat' dir='ltr'><strong>Chirone,</strong></span> <span class='ocrx_word' id='word_1_394' title='bbox 1225 2801 1349 2842; x_wconf 88' lang='lat' dir='ltr'><strong>Peleo,</strong></span> <span class='ocrx_word' id='word_1_395' title='bbox 1373 2805 1411 2835; x_wconf 86' lang='lat' dir='ltr'><strong>et</strong></span> <span class='ocrx_word' id='word_1_396' title='bbox 1432 2800 1557 2834; x_wconf 86' lang='lat' dir='ltr'><strong>Theti-</strong></span> 
     </span>
     <span class='ocr_line' id='line_1_43' title="bbox 110 2845 1558 2893; baseline -0.001 -12"><span class='ocrx_word' id='word_1_397' title='bbox 110 2848 175 2890; x_wconf 88' lang='lat' dir='ltr'><strong>de,</strong></span> <span class='ocrx_word' id='word_1_398' title='bbox 208 2850 245 2880; x_wconf 92' lang='lat' dir='ltr'><strong>ut</strong></span> <span class='ocrx_word' id='word_1_399' title='bbox 274 2846 435 2881; x_wconf 83' lang='lat' dir='ltr'><strong>Achillem</strong></span> <span class='ocrx_word' id='word_1_400' title='bbox 466 2848 715 2885; x_wconf 85' lang='lat' dir='ltr'><strong>comitarentur.</strong></span> <span class='ocrx_word' id='word_1_401' title='bbox 762 2848 882 2885; x_wconf 82' lang='lat' dir='ltr'><strong>Exivit</strong></span> <span class='ocrx_word' id='word_1_402' title='bbox 911 2847 1019 2893; x_wconf 86' lang='lat' dir='ltr'><strong>igitur</strong></span> <span class='ocrx_word' id='word_1_403' title='bbox 1051 2847 1222 2889; x_wconf 81' lang='lat' dir='ltr'><strong>Achilles,</strong></span> <span class='ocrx_word' id='word_1_404' title='bbox 1253 2845 1392 2892; x_wconf 80' lang='lat' dir='ltr'><strong>Argivis</strong></span> <span class='ocrx_word' id='word_1_405' title='bbox 1415 2845 1558 2892; x_wconf 80' lang='lat' dir='ltr'><strong>Myrmi-</strong></span> 
     </span>
     <span class='ocr_line' id='line_1_44' title="bbox 167 2898 1286 2937; baseline 0.004 -5"><span class='ocrx_word' id='word_1_406' title='bbox 167 2900 310 2933; x_wconf 78' lang='lat' dir='ltr'><strong>Ioannes</strong></span> <span class='ocrx_word' id='word_1_407' title='bbox 348 2899 512 2934; x_wconf 74' lang='lat' dir='ltr'><strong>Malalas.</strong></span> <span class='ocrx_word' id='word_1_408' title='bbox 1258 2898 1286 2937; x_wconf 86' lang='lat'>7</span> 
     </span>
    </p>
   </div>
  </div>
 </body>
</html>
