1838 3230
672 726 1092 775 HUMFREDI
1126 726 1359 775 HODII

983 860 1056 896 AD

291 944 1744 1049 ANNOTATIONE‘S

541 1114 1500 1188 APPENDIX.

411 1389 510 1443 Pag.
539 1388 598 1428 εᾶ.
628 1389 758 1430 Βοηη.
788 1393 825 1431 3.
856 1394 893 1432 3.
934 1393 1022 1446 Θεῷ
1048 1391 1175 1429 minus
1203 1397 1313 1429 recte
1342 1390 1438 1441 legit
1455 1390 1746 1443 Transcriptor,

299 1447 477 1498 quisquis
499 1447 531 1484 is
549 1447 690 1494 suerit3
718 1447 757 1484 in
780 1447 858 1487 MS.
877 1460 949 1485 nos
969 1447 1134 1496 legimus
1151 1449 1254 1487 θεοῦ
1274 1444 1380 1499 (θῦ)
1394 1443 1451 1500 ²⁸¹).

414 1505 507 1554 Pag.
539 1506 576 1543 3.
619 1505 655 1542 6.
707 1500 885 1554 Ασουοῖμ.
926 1503 969 1540 in
1012 1504 1091 1541 MS.
1133 1502 1200 1540 hic
1239 1502 1321 1540 loci
1361 1497 1548 1553 Ασοναμ;
1583 1501 1748 1540 inferius

298 1556 479 1608 Ασουοὶμ
511 1558 551 1595 in
572 1558 725 1607 Eclogis
748 1558 833 1595 aliis
857 1559 966 1599 MSS.
985 1572 1034 1596 ex
1057 1559 1307 1608 Hamartolo,
1337 1571 1437 1610 quae
1460 1557 1502 1595 in
1535 1558 1670 1597 eadem
1685 1558 1750 1595 Bi-

298 1613 496 1652 bliotheca
514 1613 626 1651 Bodl.
647 1627 736 1651 serv
740 1621 878 1663 antur,
907 1615 1055 1665 ubique
1074 1611 1227 1666 Σουάμ.

418 1673 511 1721 Pag.
545 1673 582 1710 9.
605 1673 668 1710 10.
696 1667 915 1721 κολάζηται.
936 1666 1137 1718 κολάζεται
1152 1669 1315 1720 corrigit
1325 1668 1600 1718 ‘Chilmeadu83
1624 1681 1751 1720 neque

303 1726 417 1764 aliter
439 1726 584 1774 legitur
601 1725 641 1762 in
663 1725 742 1764 MS.
772 1727 830 1763 sic
859 1726 933 1764 alia
963 1733 1056 1764 sunt
1084 1727 1289 1778 complura
1323 1740 1344 1764 a
1373 1725 1600 1763 Chilmeado
1619 1738 1750 1763 corre-

304 1788 386 1828 cta,
421 1794 520 1832 quae
549 1795 629 1818 non
654 1782 731 1819 MS.
764 1782 920 1831 codici,
958 1783 1050 1820 licet
1078 1783 1235 1820 minime
1259 1782 1385 1831 bono,
1415 1781 1484 1819 sed
1507 1781 1584 1832 ipsi
1604 1781 1750 1819 exscri-

303 1838 412 1889 ptori
429 1838 619 1875 nonsatis
638 1843 784 1875 attento
814 1845 906 1876 sunt
932 1839 1173 1890 imputanda.
1233 1838 1352 1886 Quod
1380 1838 1499 1876 semel
1515 1837 1751 1875 monendum

306 1893 417 1932 duxi

417 1947 514 2000 Pag·
548 1952 612 1991 12.
643 1953 679 1990 1.
707 1948 894 2001 ὑστέρησε
920 1947 994 2002 τήν
1017 1945 1182 2002 ἀρχαίαν
1204 1945 1361 2013 φωνήν.
1390 1949 1558 1988 verbum
1582 1947 1750 1997 ’ὗστερέω

305 2003 385 2040 hoc
402 2017 539 2053 sensu,
571 2007 749 2055 quamvis
770 2006 864 2043 alibi
884 2005 992 2043 haud
1019 2011 1163 2044 temere
1182 2005 1376 2055 invenies,
1405 2004 1465 2042 un‘
1488 2011 1622 2043 monet
1643 2002 1751 2043 Chil-

307 2058 487 2108 meadus‚
517 2061 714 2110 reperitur
741 2067 871 2099 tamen
901 2068 1039 2113 postea
1077 2061 1183 2113 apud
1214 2060 1377 2099 eundem
1409 2061 1669 2111 Scriptorem,
1710 2060 1751 2097 in

308 2115 388 2153 MS.
406 2114 473 2151 ubi
497 2115 545 2153 de
566 2116 773 2154 Aristotele
790 2117 1079 2168 providentiam
1102 2124 1287 2169 negante,
1318 2112 1434 2165 οὗτος
1464 2112 1648 2170 (inquit)
1677 2130 1753 2167 την

310 2173 386 2224 γῆν
404 2173 474 2219 τῆς
491 2171 607 2218 θείας
626 2173 862 2223 κηδεμονίας
880 2172 1077 2224 ὑστέρησε.

425 2229 516 2278 Pag·
549 2230 612 2268 12.
643 2227 706 2268 15.
739 2228 985 2280 Ωριγένης,”
968 2243 1197 2281 ερμηνευων
1219 2227 1261 2267 ἐκ
1279 2230 1350 2278 τῆς
1368 2228 1570 2279 Συριακῆς
1590 2226 1751 2277 Βίβλον,

313 2288 495 2332 suspecta
528 2281 647 2334 hujus
676 2283 755 2320 loci
794 2285 1065 2334 interpretatio
1098 2283 1402 2321 Chilmeadiana:
1441 2282 1599 2319 videtur
1629 2281 1753 2320 Autor

268 2386 280 2394 ·
312 2351 392 2375 non
415 2337 633 2387 designasse
654 2341 944 2377 commentarios
963 2340 1064 2376 ullos
1090 2338 1264 2391 Origenis
1283 2354 1393 2390 super
1411 2335 1548 2376 Biblia
1570 2336 1752 2387 Syriaca,

315 2393 385 2430 sed
403 2399 554 2431 tantum
575 2395 744 2432 voluisse
766 2394 969 2444 Origenem
992 2395 1206 2433 Hebraeam
1230 2394 1398 2442 linguam
1417 2393 1620 2444 Syriacam
1638 2394 1754 2431 etiam

315 2448 545 2499 appellatam
563 2450 681 2488 fuisse
702 2450 876 2488 attestari
905 2450 947 2487 in
976 2451 1064 2488 loco
1095 2450 1264 2501 quodam
1284 2450 1659 2487 Commentariorum
1682 2449 1754 2487 ubi

316 2510 468 2542 textum
488 2505 708 2545 Hebraeum
728 2506 856 2544 citarit
886 2512 924 2544 et
951 2519 1000 2544 ex
1027 2520 1072 2545 eo
1093 2508 1132 2545 S.
1154 2505 1377 2557 Scripturae
1410 2506 1539 2544 locum
1560 2505 1754 2558 interpre-

316 2565 420 2598 tatus
437 2560 499 2601 sit.

430 2618 524 2667 Pag.
556 2619 623 2659 24.
656 2620 719 2660 12.
746 2613 1076 2671 τιμωρησάμενος.
1107 2615 1251 2654 Chron.
1267 2614 1377 2654 addit
1404 2611 1540 2668 αὐτήν.

364 2759 404 2803 )
439 2761 530 2800 Quas
562 2763 741 2804 praeterea
771 2761 895 2795 codicis
935 2760 1057 2794 iterum
1090 2758 1231 2803 inspecti
1265 2759 1444 2803 scripturas
1474 2759 1551 2793 hinc
1565 2770 1684 2811 usque
1713 2757 1756 2791 ad

320 2817 352 2849 p.
375 2806 432 2840 20.
457 2806 508 2839 ed
534 2805 590 2840 Ox
635 2806 798 2841 attulerat
820 2805 969 2848 Hodius,
1000 2805 1034 2838 iu
1058 2804 1289 2840 annotationes
1310 2809 1439 2840 nostras
1461 2803 1655 2850 recepimus.
