1838 3230
224 160 289 207 38
590 115 903 196 ›IOANNiS
934 150 1278 198 MALALAE

103 280 137 314 Ο
159 276 205 315 44
230 273 362 331 ρέντες
378 268 582 328 ἇνῦμνουν
607 268 743 315 αὐτόν.
803 294 806 298 *
809 272 1008 325 χειμῶνος
1032 269 1077 313 δὲ
1097 268 1324 327 γενομένου,
1348 269 1415 312 καὶ
1435 267 1681 326 πλημμυρή-

230 358 380 392 σαντος
408 342 512 384 πολὺ
539 345 612 384 τοῦ
633 338 926 396 παρακειμένου
955 343 1144 394 ποταμοῦ
1169 343 1220 397 τῇ
1246 338 1432 381 ’Ῑωνιτῶν
1459 335 1574 381 πόλει
1605 341 1683 381 τοῦ

232 409 446 467 λεγομένου
478 408 737 467 Δράκοντος,
784 408 871 450 νυνὶ
903 407 947 449 δὲ
972 406 1192 465 Ὀρόντου,
1228 406 1354 464 ᾔτησε
1383 405 1481 456 τοῦς
1505 406 1684 456 Ἰωνίτας

233 479 455 530 εὔξασθαι·
490 480 556 522 καὶ
578 478 619 519 ἐν
637 480 694 534 τῷ
722 473 913 531 εὔχεσθαι
942 476 1092 526 αὐτοὺς
1117 478 1184 519 καὶ
1205 481 1482 531 μυσταγωγεΐν
1514 475 1685 538 κατηνέ-

230 553 317 604 χθη
347 553 503 604 σφαῖρα
526 545 654 599 πυρὸς
673 548 868 601 κεραυνοῦ
891 545 934 586 ἐκ
952 549 1026 587 τοῦ
1046 545 1246 602 οὐρανοῦ,
1282 543 1370 598 ἣτις
1394 544 1555 598 ἐποίησε
1576 554 1718 590 nav-5

233 621 360 672 θῆναι
381 615 452 657 τὸν
467 618 646 669 χειμῶνα
665 615 730 655 καὶ
749 613 801 655 τὰ
817 617 891 655 τοῦ
911 618 1097 667 ποταμοῦ
1119 614 1379 668 ἐπισχεθῆναι
1402 611 1563 669 ῥεῖθρα.
1620 612 1689 655 καὶ

233 681 458 738 θαυμάσας
477 684 540 725 ἐπὶ
558 685 614 738 τῷ
636 679 812 737 γεγονότι
831 679 1046 738 ὃΠερσεῦς
1064 683 1106 732 ἐξ
1125 683 1272 724 ἐκείνου
1294 685 1367 723 τοῦ
1389 680 1519 736 πυρὸς
1535 679 1691 730 εὐθέως

181 758 213 796 D
238 753 370 807 ἀνῆψε
393 754 497 807 πῦρ,
537 751 601 792 καὶ
626 748 701 804 εἶχε
721 747 1025 806 φυλαττόμενον
1043 750 1137 804 μεθ’
1160 748 1307 793 ἑαυτοῦ
1323 763 1332 774 ·
1370 747 1465 805 ὅπερ
1490 752 1572 805 πῦρ
1590 746 1691 803 ἐβά-

237 822 377 872 σταζεν
401 820 464 860 ἐπὶ
487 819 537 860 τὰ
559 818 744 874 Περσικὰ
763 818 865 875 μέρη
888 821 943 868 εἷς
962 818 1015 862 τὰ
1035 819 1120 861 ἴδια
1141 819 1338 871 βασίλεια.
1410 818 1477 860 καὶ
1509 818 1691 868 ἐδίδαξεν

239 888 388 937 αὐτοὺς
408 891 530 944 τιμᾶν
547 888 668 929 ἐκεῖνο
691 887 738 929 τὸ
759 891 855 943 πῦρ,
894 886 991 944 ὅπερ
1014 886 1139 943 ἔλεγεν
1161 886 1300 936 αὐτοῖς
1320 885 1535 942 ἑωρακέναι
1553 886 1597 928 ἐκ
1614 889 1690 928 τοῦ
1704 896 1750 932 10

239 957 416 1012 οὐρανοῦ
435 955 726 1010 κατενεχθέντα
739 970 749 980 ·
777 954 873 1012 ὅπερ
894 960 974 1012 πῦρ
995 956 1069 1005 ἕως
1088 959 1160 998 τοῦ
1179 954 1382 1012 παρόντος
1399 956 1440 997 ἐν
1457 958 1554 1011 τιμῇ
1576 952 1695 1009 ἔχου-

241 1043 304 1067 σιν
327 1025 364 1067 οἳ
384 1024 568 1080 Πέρσαι,
607 1022 663 1073 ὥς
691 1028 820 1067 θεῖον.
893 1022 914 1067 ὃ
944 1025 988 1067 de*
1010 1024 1132 1073 αὐτὸς
1153 1023 1336 1080 Περσεύς
1356 1022 1483 1065 ἔκτισε
1505 1029 1590 1072 τοῖς
1606 1023 1696 1066 Ἰω-

240 1095 367 1142 νίταις
399 1090 528 1149 ἱερόν,
568 1090 589 1134 ὃ
618 1090 853 1146 ἐπωνόμασε
875 1093 1003 1148 πυρὸς
1026 1090 1253 1135 ἀθανάτου.
1325 1089 1476 1146 ὁμοίως
1492 1091 1536 1133 δὲ
1556 1092 1622 1134 καὶ
1643 1092 1698 1139 εἷς

243 1162 292 1204 τὰ
316 1160 500 1216 Περσικὰ
524 1159 673 1202 ἔκτισεν
701 1161 806 1216 ἱερὸν
837 1160 987 1217 πυρός,
1027 1159 1286 1215 καταστήσας
1308 1160 1389 1202 ἐκεῖ
1407 1161 1605 1202 διακονεῖν
1621 1158 1700 1201 αῦ-

242 1234 300 1286 τῷ
322 1229 503 1283 εὐλαβεῖς
525 1227 678 1282 ἄνδρας
689 1262 700 1279 ,
737 1227 926 1279 οὕστινας
947 1227 1106 1271 ἐκάλεσε
1123 1228 1290 1285 μάγους.
1362 1231 1494 1271 ταῦτα
1513 1229 1558 1270 δὲ
1574 1230 1700 1270 Παυ-
1712 1237 1755 1272 15

244 1299 385 1346 σανιάς
404 1295 424 1339 ὃ
443 1294 682 1352 σοφώτατος
697 1296 980 1354 χρονογράφος
1000 1296 1298 1353 συνεγράψατο.

344 1368 429 1408 Καὶ
457 1364 561 1419 μετὰ
591 1365 732 1421 καιρὸν
761 1363 950 1418 ἐλθών-ὅ
983 1366 1148 1421 Κηφεὺς
1177 1364 1368 1420 βασιλεὺς
1397 1362 1484 1407 κατ’
1510 1362 1638 1406 αὐτοῦ
1658 1363 1701 1405 ἐκ
1760 1408 1763 1412 ,

120 1453 153 1486 0
177 1452 221 1488 45
245 1438 320 1488 τῆς
347 1434 600 1485 Αἶθιοπιάς,
641 1431 662 1476 ὁ
694 1433 831 1489 πατὴρ
860 1438 932 1488 τῆς
952 1433 1249 1489 -Ἀνδρομέδας,
1288 1433 1530 1486 ἐπολέμησεν
1567 1431 1701 1489 αὐτῷ·

193 1514 226 1548 Ε
250 1497 300 1556 ῆν
322 1503 365 1544 δὲ
387 1499 408 1543 ὅ
429 1501 599 1557 Κηφεὺς
618 1502 660 1543 ἐκ
680 1506 753 1544 τοῦ
770 1499 903 1558 γήρως
926 1502 983 1556 μὴ
1009 1502 1181 1555 βλέπων.
1252 1503 1318 1545 καὶ
1342 1499 1521 1549 ἀκούσας
1544 1498 1565 1542 ὃ
1589 1502 1703 1555 Περ-

247 1569 338 1619 σεὺς
370 1568 432 1615 ὅτι
450 1573 618 1624 πολεμεῖ
633 1569 744 1628 αὐτῷ
756 1601 769 1623 ,
808 1569 1012 1627 ὀργισθεὶς
1031 1568 1160 1623 πάνυ,
1196 1571 1341 1626 ἐξῆλθε
1363 1567 1448 1612 κατ’
1474 1568 1601 1611 αὐτοῦ
1621 1572 1703 1622 βα·
1715 1578 1762 1612 20

338 1680 372 1715 5.
404 1680 608 1723 κεραυνοῦ]
641 1679 839 1724 κεραυνίου
873 1678 935 1713 Ch.
1029 1679 1110 1715 ibid.
1143 1680 1339 1722 παυθῆναι
1371 1677 1436 1712 ch.
1466 1688 1543 1711 cum
1565 1676 1707 1719 Chron.‚

338 1727 528 1769 καυθῆναι
549 1726 617 1759 Ox.
709 1726 743 1771 7.
768 1726 820 1771 τῷ
841 1722 1009 1770 γεγονὸς]
1034 1726 1146 1766 „Son
1170 1722 1233 1760 8222
1255 1723 1296 1761 τὸ
1317 1722 1476 1770 γεγονὸς,
1500 1723 1572 1758 sive
1595 1722 1709 1767 potius

341 1770 399 1806 ἐπὶ
419 1773 471 1818 τῷ
492 1769 673 1815 γεγονότι,
704 1771 755 1805 uti
775 1772 862 1815 legit
886 1771 967 1805 Chr.
990 1771 1122 1804 Alex.“
1160 1771 1225 1806 Ch.
1337 1773 1389 1805 11.
1422 1768 1709 1814 κατενεχθέντα]

342 1819 607 1862 κατενεχθῆναι
632 1818 758 1852 Chron.
804 1817 930 1851 Forma
961 1827 1052 1861 quae
1086 1815 1142 1850 hic
1172 1822 1224 1851 est
1252 1816 1344 1851 redit
1370 1828 1403 1861 p.
1428 1817 1484 1851 25.
1508 1815 1556 1859 A,
1587 1814 1644 1850 45.
1667 1814 1708 1854 Β,

344 1863 399 1897 86.
426 1863 466 1904 e,
493 1864 536 1904 a,
570 1865 624 1897 89.
649 1863 693 1904 1),
718 1863 762 1904 E,
786 1865 843 1899 91.
867 1863 912 1902 Ε,
936 1864 991 1900 93.
1016 1862 1058 1903 B,
1082 1861 1138 1896 94.
1163 1862 1204 1902 c,
1227 1864 1283 1898 99.
1308 1862 1353 1904 D,
1382 1862 1457 1897 112.
1482 1860 1525 1896 D.
1569 1861 1638 1894 vol.
1665 1859 1710 1894 Π.

344 1919 378 1952 p.
402 1909 458 1942 26.
483 1908 536 1950 D,
560 1908 615 1942 41.
643 1911 694 1949 C,
720 1909 773 1950 D,
797 1909 852 1943 44.
878 1908 928 1950 C,
950 1909 1005 1946 47.
1029 1908 1082 1950 E,
1106 1910 1161 1944 70.
1186 1908 1225 1942 B.
1318 1909 1400 1943 ibid.
1435 1907 1524 1953 τιμῇ
1546 1906 1612 1942 Ch.
1635 1915 1709 1939 cum

345 1953 496 1995 Chron.‚
522 1950 611 1997 ὑμῖν
637 1954 703 1990 Ox.

256 2042 416 2077 Perseum
439 2055 530 2077 suum
554 2044 784 2078 celebrabant.
831 2045 1053 2091 Tempestate
1075 2056 1158 2079 vero
1181 2044 1379 2089 ingruente,
1412 2054 1486 2078 cum
1508 2041 1620 2076 Draco
1643 2040 1711 2075 flu-

256 2088 351 2130 vius,
384 2088 442 2134 qui
465 2094 516 2123 est
539 2100 627 2122 nunc
651 2089 817 2131 Orontes,
849 2090 995 2136 Jopolim
1019 2090 1281 2136 praeterfluens,
1314 2100 1419 2136 supra
1440 2088 1573 2123 modum
1593 2087 1715 2121 imbri—

256 2134 321 2168 bus
351 2138 469 2168 auctus
492 2139 600 2175 esset;
638 2135 782 2168 Perseus
813 2135 965 2178 Jonstas,
999 2137 1049 2170 uti
1082 2148 1200 2182 preces
1222 2135 1423 2176 funderent,
1461 2135 1618 2168 hortatus
1641 2138 1711 2170 est:

259 2178 379 2222 quibus
404 2179 635 2225 precantibus,
660 2191 824 2224 sacraque
847 2181 1098 2225 peragentibus,
1124 2182 1242 2227 globus
1263 2180 1350 2225 ignis
1374 2179 1565 2221 fulminalis‚
1589 2191 1609 2213 e
1634 2191 1714 2213 cce-

257 2224 291 2259 lo
315 2225 490 2271 delapsus,
530 2229 763 2269 tempestatem
788 2226 941 2267 sedavit,
976 2226 1186 2272 fluminisque
1207 2227 1369 2271 impetum
1392 2227 1556 2260 coercuit.
1602 2224 1715 2258 Mira-

259 2270 392 2304 bundus
424 2271 466 2304 ad
491 2272 554 2304 hoc
584 2270 726 2304 Perseus
754 2271 868 2313 stetit,
908 2277 944 2305 et
967 2283 1008 2305 ex
1031 2271 1112 2316 igne
1143 2272 1200 2306 illo
1225 2273 1336 2317 ignem
1368 2271 1482 2308 statim
1516 2271 1715 2311 accendens,

260 2316 352 2360 apud
386 2327 422 2350 se
446 2314 607 2360 religiose
639 2316 844 2350 asservavit:
887 2328 984 2360 quern
1007 2317 1041 2350 in
1069 2318 1260 2359 Persidem,
1296 2328 1439 2361 regnum
1470 2329 1584 2358 suum,
1606 2325 1716 2350 secum

259 2360 356 2394 tulit:
392 2361 513 2395 Persas
537 2361 637 2395 etiam
658 2360 792 2394 edocuit
816 2361 946 2396 divinos
969 2363 1112 2398 honores
1136 2364 1243 2397 eidem
1266 2363 1448 2403 exhibere3
1473 2365 1594 2407 utpote
1616 2371 1716 2407 quem

264 2406 307 2439 de
331 2406 426 2440 coelo
450 2419 486 2440 se
516 2406 688 2451 delapsum
711 2406 830 2440 videre
853 2408 1036 2442 asserebat.
1093 2409 1219 2443 Persae
1242 2408 1359 2452 itaque
1389 2408 1500 2452 ignem
1522 2417 1632 2451 usque
1654 2405 1717 2438 ad-

264 2451 330 2485 huc
361 2452 495 2492 colunt,
539 2462 600 2496 pro
626 2451 770 2485 Numine
802 2452 973 2486 habentes.
1026 2453 1104 2497 Ipse
1137 2459 1249 2487 autem
1273 2454 1416 2487 Perseus
1446 2452 1568 2486 Jonitis
1600 2452 1716 2485 fanum

266 2497 442 2539 condidit,
482 2497 560 2541 igni
592 2502 729 2531 aeterno
762 2508 901 2532 sacrum.
949 2496 1051 2532 Aliud
1083 2499 1184 2532 etiam
1216 2498 1376 2543 templum
1410 2497 1446 2530 in
1468 2496 1607 2531 Perside
1642 2495 1718 2540 Igni

267 2542 437 2582 extruxit3
475 2542 534 2576 ubi
557 2541 644 2578 illius
667 2541 838 2578 ministros
860 2542 971 2587 posuit
1002 2546 1133 2578 sanctos
1157 2544 1316 2588 quosdam
1337 2542 1448 2583 viros,
1484 2554 1567 2586 ques
1593 2543 1718 2587 Magos

267 2587 465 2665 nominalvit.
513 2588 653 2635 Scripta
684 2592 794 2622 autem
818 2588 956 2634 reliquit
978 2589 1062 2622 haec
1085 2589 1286 2630 Pausanias,
1325 2587 1583 2632 sapientissimus
1606 2589 1718 2622 Chro-

265 2643 307 2666 no
335 2644 371 2665 ra
411 2644 471 2666 ius.

311 2643 332 2676 g
358 2644 482 2711 szstea
514 2677 675 2723 temporis
707 2678 832 2713 bellum
865 2679 1023 2713 movebat
1052 2682 1171 2713 contra
1192 2679 1350 2713 Perseum
1373 2678 1531 2723 Cepheus
1553 2678 1627 2713 Rex
1652 2678 1720 2711 Ae-

265 2721 440 2766 thiopum,
474 2724 709 2759 Andromedae
733 2730 841 2770 pater.
887 2724 977 2758 Erat
1000 2729 1110 2758 autem
1134 2724 1311 2768 Cepheus,
1346 2736 1388 2758 ex
1411 2724 1523 2765 senio,
1549 2724 1720 2757 oculorum

268 2767 422 2800 acumine
446 2768 620 2812 privatus:
645 2769 789 2804 Perseus
812 2781 893 2803 vero
916 2769 972 2803 ubi
998 2769 1162 2811 audisset,
1185 2770 1274 2804 bello
1297 2781 1333 2804 se
1357 2770 1400 2803 ab
1425 2781 1464 2803 eo
1489 2768 1578 2813 peti,
1601 2769 1720 2813 ingen·

267 2811 296 2845 ti
322 2817 501 2858 correptus
522 2813 599 2857 ira,
625 2819 745 2853 contra
766 2816 860 2851 illum
881 2826 1053 2862 egressus,
1077 2815 1287 2860 Gorgonium
1308 2818 1414 2861 caput
1434 2827 1546 2849 secum
1569 2814 1658 2857 tulit,
1681 2814 1721 2848 il-
