1838 3230
316 168 413 213 688
901 164 1171 211 BENTLEII

314 279 398 317 sine
418 278 539 317 dubio
557 279 747 332 scriptum
766 286 848 319 erat
865 279 916 319 ad
940 280 1018 320 hoc
1036 283 1282 334 exemplum.
1311 281 1463 332 Καθως
1493 280 1529 326 ὅ
1546 244 1760 338 Σοφοκλῆς

315 332 425 379 εἶπεν
453 335 496 376 ἐν
521 339 607 382 ταῖς
636 333 887 386 &mezzanam
917 332 973 384 εἷς
1009 337 1089 379 ἐστι
1115 335 1224 387 θεός.
1291 339 1420 380 Homo
1447 341 1613 381 stolidus
1639 341 1760 381 inter-

314 384 531 444 punctione
553 391 648 429 salsa
665 391 859 444 jugulavit
883 405 1060 442 versum,
1089 395 1307 446 misereque
1337 396 1578 448 disperdidit.
1633 397 1758 436 Nimi-

313 461 412 488 rum
434 449 482 486 ab
515 445 740 497 αληθείαισι
771 447 1061 488 distinctionem
1092 451 1244 500 posuit,
1285 464 1372 491 cum
1404 453 1530 490 oratio
1558 459 1649 505 post
1674 449 1761 494 εἷπε

314 505 499 543 sustineri
516 503 711 542 debuerit.
769 503 844 541 Sed
865 504 1029 543 efficiam
1059 512 1101 543 ut
1119 505 1283 557 posthac
1308 507 1352 546 hi
1371 508 1554 549 versiculi
1570 522 1666 549 sano
1684 509 1759 548 sal-

314 567 391 600 tem
414 561 516 613 pede
536 559 689 611 possint
710 558 900 599 incedere.
957 561 1021 598 Sic
1042 561 1160 611 igitur
1181 563 1365 603 emendo.

535 619 597 656 Ev
611 619 696 662 ταῖς
716 611 966 666 οἷληθείαισιν
986 612 1042 663 εἷς
1059 617 1161 657 ἐστιν
1178 616 1276 665 θεος

536 673 591 719 Ος
611 667 785 723 ουρανόν
807 687 828 710 τ
834 667 990 720 ’ἔτευξε
1003 671 1070 712 καὶ
1087 677 1203 741 γαῖαν
1221 689 1376 726 μακραν

531 723 693 768 Πόντου
713 742 752 766 τε
770 725 944 796 χαροπόν
963 724 1082 779 οἶδμα
1103 725 1285 796 κᾷνέμων
1303 730 1405 781 βίας.

535 783 683 849 Θνητοί
702 797 742 822 τε
760 780 902 823 πολλὸν
919 784 1061 850 καρδία
1079 781 1329 837 πλανωμενοι

533 834 814 905 Ιδρυσαμεσθα
830 835 1023 890 πημάτων
1042 839 1306 909 παραψυχην,

536 897 646 935 Θεῶν
667 890 858 961 ἅγαλματ’
879 895 921 935 ἐκ
940 893 1106 935 λίθων
1085 894 1114 947 ἠ’
1131 896 1305 963 χαλκέων

534 953 578 990 Η
591 947 881 1016 χρυσοτεύκτων
900 947 929 1003 ἢ
951 947 1207 1002 ’λεφαντίνων
1222 948 1385 999 τύπους.

535 1007 683 1054 Θυσίας
701 1021 742 1046 τε
759 1003 913 1054 τούτοις
932 1006 998 1046 καὶ
1020 1023 1136 1055 κενας
1154 1004 1398 1062 πανηγύρεις

538 1060 746 1114 Τευχοντες
766 1059 892 1110 οὕτως
911 1059 1088 1115 ευσεβεῐν
1110 1065 1331 1116 νομίζομεν.

317 1120 376 1157 Ita
399 1118 480 1156 fere
507 1118 691 1169 leguntur
715 1119 819 1170 apud
840 1118 1055 1167 lustinum,
1086 1120 1341 1168 Clementem,
1371 1116 1604 1168 Eusebium,
1633 1116 1760 1156 Theo-

318 1174 515 1222 doritum,
545 1181 584 1212 et
609 1174 752 1225 partim
774 1173 1080 1224 Athenagoram3
1111 1175 1207 1213 adeo
1236 1182 1280 1214 ut
1312 1173 1482 1213 demirer
1505 1174 1763 1226 interpretem

319 1229 608 1275 Chilmeadum,
637 1229 832 1268 hominem
850 1244 943 1268 sane
959 1231 1249 1281 pererudssum,
1279 1231 1322 1269 in
1342 1230 1431 1268 luce
1452 1235 1530 1268 tam
1562 1230 1666 1268 clara
1687 1229 1763 1266 mi-

317 1299 392 1325 nus
412 1286 527 1324 solito
554 1285 808 1336 perspexisse.
869 1286 946 1323 Sed
963 1300 1040 1323 non
1057 1292 1096 1324 te
1114 1287 1248 1325 celabo
1260 1316 1270 1335 ,
1301 1286 1410 1338 quod
1426 1299 1522 1337 pace
1539 1292 1764 1323 sanctorum

316 1342 495 1381 vix-orum
519 1341 665 1380 dictum
681 1341 819 1389 velim,
849 1340 1100 1380 vehementer
1118 1356 1179 1380 me
1207 1343 1398 1393 suspicari
1421 1355 1502 1381 non
1524 1355 1607 1380 esse
1623 1339 1720 1378 haec
1740 1354 1764 1378 a

318 1396 527 1449 Sophocle.
583 1396 629 1434 ld
652 1396 749 1435 adeo
774 1410 844 1434 cur
868 1396 911 1434 in
942 1397 1112 1435 animum
1141 1397 1344 1446 inducam,
1380 1397 1411 1435 si
1441 1410 1503 1434 me
1527 1399 1763 1446 interroges3

317 1453 409 1492 dico
426 1482 438 1502 ,
465 1452 678 1505 permirum
707 1451 804 1490 mihi
830 1459 988 1503 praeter
1016 1452 1091 1490 alia
1121 1453 1269 1502 videri,
1305 1459 1384 1491 tam
1410 1452 1601 1490 illustrem
1629 1452 1763 1489 locum

316 1508 602 1548 Ecclesiasticis
625 1507 719 1546 solis
739 1508 952 1547 incurrisse
979 1508 1023 1545 in
1053 1508 1212 1554 oculos,
1243 1509 1408 1546 aliorum
1438 1507 1610 1546 omnium
1639 1507 1763 1545 aciem

191 1572 223 1607 0
249 1575 293 1611 13
321 1565 512 1615 effugisse.
571 1563 650 1611 Qui
675 1564 840 1613 factum,
870 1564 929 1602 uti
960 1564 1186 1602 dormitaret
1213 1563 1279 1602 hic
1303 1562 1505 1602 Plutarchi
1533 1562 1760 1613 diligentia?

318 1622 396 1669 Qui
414 1620 679 1672 P01phyr1um
707 1620 919 1671 praeterire
946 1619 1076 1670 potuit
1106 1619 1196 1672 περὶ
1222 1617 1373 1671 ἀποχῆς
1400 1615 1587 1670 ἔμψυχων
1606 1625 1684 1656 tam
1703 1619 1763 1656 in·

318 1678 427 1728 signe
449 1676 715 1715 testimonium
739 1676 927 1714 adversus
945 1677 1023 1714 τῶν
1042 1678 1198 1715 θυσιῶν
1217 1691 1286 1723 τας
1312 1671 1567 1728 παρανόμους
1595 1671 1761 1726 σφαγάς,

316 1739 363 1771 ut
394 1733 443 1771 ad
466 1732 573 1770 hunc
600 1733 730 1770 locum
757 1731 811 1769 ait
840 1731 1128 1769 Theodoritus'?
1164 1731 1236 1769 Ubi
1261 1738 1327 1779 tu,
1365 1731 1546 1780 Stobaee,
1589 1729 1762 1779 cessasti,

317 1789 521 1828 literarum
541 1787 718 1827 oblivio?
746 1794 814 1837 tu,
849 1787 915 1838 qui
935 1793 994 1825 tot
1014 1787 1164 1825 forulos
1185 1786 1515 1825 Bibliothecarum
1544 1785 1760 1835 excussisti,

320 1844 529 1897 Sophoclis
549 1850 677 1882 autem
702 1850 740 1882 et
759 1843 960 1895 Euripidis
979 1849 1225 1880 monumenta
1246 1843 1419 1881 studiose
1436 1847 1590 1894 praeter
1611 1847 1763 1878 caeteia

319 1901 514 1939 lectitasti.
571 1900 730 1938 Adeone
757 1913 905 1951 paucos
934 1912 954 1937 e
974 1899 1176 1948 Patribus,
1205 1898 1301 1950 quid
1328 1899 1462 1936 Patres
1493 1903 1619 1936 autem
1642 1896 1760 1935 dico?

324 1969 495 1994 unumne
511 1956 678 2006 aliquem
696 1956 958 1994 tenebrionem
969 1982 981 2002 ,
1012 1955 1080 2005 qui
1100 1955 1303 2005 supposita
1321 1967 1488 2005 persona
1515 1952 1659 1991 librum
1679 1951 1762 1989 edj-

324 2012 428 2050 derit
455 2011 522 2063 (ut
541 2018 578 2049 et
601 2011 693 2049 olim
722 2018 760 2050 et
790 2011 908 2049 hodie
934 2010 1211 2048 nonnullorum
1241 2009 1372 2061 opinio
1400 2015 1481 2058 est,
1510 2020 1634 2058 neque
1659 2007 1759 2044 adeo

323 2066 492 2118 injuria)
522 2068 681 2104 caeteris
709 2067 887 2106 omnibus
906 2066 1230 2117 perspicaciorem
1257 2072 1295 2105 et
1317 2065 1597 2115 diligentiorem
1616 2063 1758 2100 fuisse?

326 2124 502 2161 Clemens
530 2122 631 2160 enim
656 2129 788 2173 aperte
817 2129 855 2161 et
880 2122 1046 2172 ingenue
1069 2122 1216 2160 fatetur
1241 2121 1422 2159 Hecataei
1447 2134 1487 2159 se
1514 2119 1630 2157 fidem
1650 2131 1759 2156 secu-

325 2185 429 2229 tum,
459 2177 590 2242 apud*
579 2191 705 2228 lpsum
725 2177 958 2230 Sophoclem
979 2177 1136 2215 omnino
1160 2191 1239 2216 non
1267 2177 1415 2226 legisse.
1474 2177 1508 2215 Ο
1530 2173 1618 2230 μὲν
1626 2176 1759 2223 Σοφο-

323 2238 440 2286 κλῆς,
470 2234 525 2272 ait
541 2235 680 2274 Strom.
701 2233 750 2272 V.
782 2231 834 2281 ὥς
853 2246 975 2285 φησιν
996 2236 1193 2280 Εκαταῖος
1221 2231 1246 2273 ὅ
1270 2230 1340 2280 τας
1372 2230 1544 2282 ἱστορίας
1569 2217 1759 2276 συνταξά-

325 2305 443 2343 μενος
459 2290 501 2331 ἔν
514 2292 570 2343 τῷ
583 2285 672 2329 κατ’
697 2290 888 2341 Αβραμον
914 2289 981 2329 καὶ
1002 2303 1095 2335 τους
1114 2289 1180 2328 Αἰ·
1171 2288 1365 2340 ,Ηυπτίους
1421 2285 1525 2324 Illud
1543 2290 1671 2324 autem
1692 2297 1759 2322 ex-

324 2347 523 2399 ploratum
543 2345 667 2383 habeo
691 2351 768 2382 tam
790 2358 810 2381 a
829 2344 979 2382 Justino
999 2351 1036 2382 et
1056 2344 1248 2382 Clemente
1266 2344 1398 2381 Patres
1427 2341 1523 2379 alios
1549 2340 1755 2391 accepisse,

326 2415 443 2452 quam
464 2401 655 2440 Iustinum
675 2406 714 2438 et
732 2401 963 2437 Clementem
983 2400 1233 2437 commentitii
1252 2399 1334 2449 ejus
1349 2397 1529 2435 Hecataei
1548 2395 1757 2434 autoritate

323 2457 541 2496 tradidisse.
600 2457 724 2504 Quem
751 2455 800 2493 ad
824 2455 1019 2493 hominem
1048 2455 1225 2504 demum,
1262 2460 1300 2492 et
1327 2466 1442 2504 quam
1468 2452 1576 2490 nulla
1599 2451 1675 2489 fide
1693 2464 1757 2488 res

324 2513 505 2562 redierit,
524 2512 653 2558 vides.
709 2512 779 2549 Ille
805 2524 852 2549 ne
878 2516 923 2548 ut
940 2509 1123 2562 Sophocli
1145 2509 1359 2548 versiculos
1389 2507 1538 2558 aliquot
1555 2513 1757 2546 vereretur

325 2568 534 2620 affingere,
572 2568 639 2618 qui
670 2567 781 2605 illum
807 2567 957 2619 ipsum,
1002 2579 1078 2616 quo
1107 2579 1173 2603 eos
1203 2564 1385 2611 adduxit,
1423 2564 1567 2601 librum
1591 2562 1758 2601 ediderit

324 2624 504 2662 simulata
522 2636 689 2676 persona
709 2622 917 2661 Hecataei?
947 2621 1038 2672 Ipsa
1062 2627 1263 2672 praeterea
1282 2620 1406 2657 oratio
1432 2619 1480 2657 de
1509 2632 1549 2657 se
1576 2618 1670 2656 facit
1697 2617 1757 2654 in-

325 2679 485 2720 dicium.
551 2679 639 2717 Non
668 2692 836 2729 agnosco
860 2676 960 2716 illud
987 2675 1180 2727 χαλκέων,
1219 2681 1257 2714 et
1285 2673 1428 2715 πολλὸν
1454 2680 1672 2726 sumptum,
1710 2677 1758 2709 ut

326 2736 458 2780 aiunt,
487 2734 780 2784 adverbialiter,
811 2747 892 2773 esse
909 2731 1076 2770 hominis
1097 2731 1234 2779 Attici,
1265 2737 1333 2768 aut
1358 2730 1399 2768 in
1422 2729 1638 2779 Tragoedia
1659 2726 1757 2765 ferri

330 2804 454 2842 posse.
511 2790 647 2839 Qualis
678 2790 780 2831 enim
809 2789 906 2828 haec
935 2788 1036 2827 foret
1058 2787 1233 2826 confusio
1261 2786 1537 2836 dialectorum,
1567 2790 1607 2824 et
1631 2789 1677 2822 ut
1702 2783 1756 2820 ait
