1838 3230
291 181 416 209 xxxu
789 163 1235 210 PROLEGOMENA.

285 276 404 331 plnum
441 284 616 318 nostrum
649 285 849 319 arcessunt
859 293 870 329 3
922 292 1060 319 verum
1082 282 1272 334 suppetit
1304 283 1415 322 nobis
1451 288 1734 334 argumentum,

288 344 409 397 idque
429 346 586 398 quidem
618 343 682 402 (ni
700 344 844 399 fallor)
874 345 1137 387 firmissimum
1167 363 1211 387 ac
1239 337 1530 400 irrefragabile,
1559 349 1611 388 ad
1632 349 1747 388 illam·

287 412 512 463 dignitatem
528 427 616 453 eum
635 428 835 466 nunquam
864 414 983 452 fuisse
1011 424 1202 456 evectum.
1260 419 1347 456 Non
1375 417 1442 456 hic
1465 415 1661 455 adnotabo
1684 411 1740 454 (zi-⁴

288 481 363 519 tari
381 481 491 519 illum
510 496 532 519 a
559 485 690 521 Tzetze
713 481 897 519 Chiliasta
919 488 1104 533 tanquam
1131 483 1328 523 hominem
1349 484 1558 523 obscurum
1577 488 1616 522 et
1633 483 1740 534 igno·

289 555 395 587 tum:
439 551 569 588 Ταῦτα
605 546 675 600 μὲν
708 545 888 600 Ιωοῖννης
916 564 974 597 τις
1004 549 1186 602 Μελέλης
1217 545 1507 604 χρονογροξφος·
1543 550 1612 589 ubi
1639 548 1741 588 illud

291 615 548 664 vocabulum,
589 614 672 662 τὶς,
712 615 960 653 obscuritatis
997 623 1090 654 nota
1122 624 1162 656 et
1194 617 1383 656 indicium
1411 618 1611 656 videatur:
1647 615 1741 666 hoc,

294 682 475 733 inquam,
504 695 582 719 non
611 681 828 732 adnotabo,
858 683 1005 735 quippe
1033 684 1102 722 vix
1132 685 1264 736 negari
1292 685 1418 737 possit
1444 684 1539 735 quin
1565 684 1614 722 de
1637 681 1740 721 Viris

297 750 411 788 etiam
446 749 755 787 nominatissimis
784 756 823 788 et
850 750 1028 788 maximis
1055 765 1135 790 vox
1166 753 1240 790 ista
1257 751 1450 790 interdum
1468 750 1577 804 apud
1590 755 1742 789 veteres

297 822 485 867 usurpata
505 816 734 868 reperiatur.
795 817 860 854 Sic
893 820 957 866 (ut
985 818 1079 856 alios
1105 819 1242 857 missos
1258 816 1424 874 faciam)
1455 818 1504 856 de
1526 815 1742 856 Theodore-

299 894 360 933 το,
393 883 587 935 Episcopo
608 883 701 934 Cyri
726 884 950 922 doctissimo
978 886 1379 938 celebratissimoque,
1410 882 1634 924 Theodorus
1652 881 1741 922 Ab-

304 949 375 989 bas
393 961 427 989 et
453 949 704 1002 Philosophus
733 951 773 989 in
797 951 1039 1003 Argumento
1069 952 1217 1004 Synodi
1248 952 1478 1006 Ephesinae:
1508 949 1675 1003 Εὖρέθη
1699 947 1743 990 δὲ

302 1016 399 1070 μετά
419 1014 600 1058 Ιωοῖννου
626 1015 876 1071 Θεοδῶρ-ητός
907 1035 997 1068 τις,
1027 1016 1327 1072 ἐλλογιμώτατος
1348 1015 1512 1071 Κύρῤου
1531 1017 1744 1065 ἐπίσκοπος

301 1082 451 1133 πόλεως
472 1081 715 1137 ἀνατολικῆς.
772 1086 835 1123 Sic
864 1086 913 1123 ad
936 1087 1098 1125 verbum
1120 1086 1308 1125 Leontius
1334 1085 1597 1126 Scholastica-³
1625 1084 1666 1123 in
1685 1084 1745 1122 Li-

301 1151 431 1203 brol)
463 1151 509 1190 de
539 1150 682 1201 Sectis,
721 1166 770 1191 ex
790 1152 948 1191 Abbate
979 1153 1175 1193 Theodoro
1206 1152 1274 1206 (ut
1292 1151 1470 1204 'opinor)
1501 1152 1744 1192 exscribens:

303 1217 469 1272 Εὖρέθη
489 1217 531 1258 δὲ
552 1217 645 1269 ueto}
672 1216 854 1260 Ιωοῖννου
884 1217 1138 1274 Θεοδώρητός
1164 1236 1241 1269 τις,
1272 1216 1472 1271 ἐλλόγιμος
1500 1216 1639 1271 Κύρου
1665 1218 1746 1260 ἐπί-

304 1299 450 1333 σκοπος
482 1282 686 1338 ἀνατολῆς.
743 1287 910 1326 Abunde
944 1288 1037 1336 erit,
1079 1289 1110 1326 si
1141 1301 1189 1326 ex
1214 1287 1302 1338 ipso
1332 1285 1646 1324 Patriarcharum
1667 1286 1746 1323 An-

302 1353 577 1392 tiochenorum
606 1353 788 1404 Catalogo
817 1355 1151 1403 demonstremus,
1190 1355 1309 1392 fuisse
1336 1354 1486 1392 nullum
1510 1353 1616 1391 illius
1644 1353 1747 1392 Civ1·

303 1421 395 1461 tatis
419 1420 651 1472 Episcopum
679 1421 919 1460 nominatum
951 1421 1162 1471 Joannem,
1203 1422 1267 1473 qui
1302 1422 1342 1459 in
1372 1422 1440 1459 illa
1480 1427 1624 1470 aetate,
1668 1433 1747 1472 qua

303 1488 503 1540 scripserit
523 1485 700 1536 Mulela,
729 1488 918 1527 floruerit.
977 1490 1058 1540 Age
1079 1490 1230 1540 itaque,
1259 1487 1458 1526 videamus
1474 1493 1570 1539 quot
1587 1487 1748 1525 fuerunt

305 1555 474 1595 Jocmnes
494 1552 731 1592 Antiocheni
749 1555 1020 1601 Patriarchae,
1053 1562 1090 1594 et
1111 1556 1230 1593 fuisse
1259 1555 1407 1593 nullum
1438 1555 1572 1593 eodem
1600 1562 1748 1604 tempo-

305 1618 360 1661 ris
390 1621 624 1668 intervallo,
663 1634 740 1671 quo
764 1622 911 1661 vixerit
939 1621 1114 1672 Μαῖεἷα,
1147 1621 1410 1660 ostendamus.
1467 1620 1512 1658 In
1539 1618 1750 1672 Nicephorii

305 1687 557 1728 Patriarchae
591 1687 664 1725 CP.
696 1689 1010 1728 Patriarcharum
1040 1687 1370 1727 Antiochenorum
1406 1687 1612 1737 Catalogo,
1654 1684 1750 1738 (qui

307 1771 426 1795 unum
445 1768 609 1792 numero
633 1758 754 1807 supra
776 1757 981 1808 sexaginta
1002 1755 1295 1806 complectitur,
1323 1762 1359 1793 et
1377 1753 1610 1806 perducitur
1626 1765 1750 1803 usque

309 1823 360 1861 ad
381 1820 644 1859 patriarcham
663 1822 920 1861 Anastasium
935 1823 1125 1875 juniorem
1137 1851 1148 1872 ‚
1179 1822 1247 1873 qui
1263 1822 1495 1873 martyrium
1509 1819 1627 1857 subiit
1647 1819 1750 1857 circa

310 1902 455 1926 annum
483 1888 759 1927 incarnationis
789 1890 1011 1927 Dominicae
1044 1891 1136 1931 608.
1166 1902 1256 1938 seu,
1284 1895 1330 1926 ut
1353 1889 1418 1927 alii
1437 1888 1596 1934 volunt,
1626 1884 1750 1931 611.)

310 1960 560 1994 recensentur
582 1953 751 1994 Joannes
774 1956 868 1994 duo.
925 1958 1073 1994 Eorum
1091 1957 1259 2008 primus,
1290 1956 1394 2007 apud
1425 1967 1555 1992 omnes
1576 1952 1751 2003 Scripto-

312 2036 376 2061 res
400 2021 693 2060 Ecclesiasticos
730 2030 892 2073 propter
918 2023 1092 2060 Schisma
1125 2023 1166 2059 in
1187 2021 1346 2072 Synodo
1367 2020 1560 2073 Ephesina
1584 2032 1752 2057 comme-

312 2095 508 2141 moratus,
548 2094 586 2126 et
613 2089 797 2139 Epistolis
829 2090 979 2140 aliquot
1018 2089 1098 2126 suis
1128 2088 1371 2135 notissimus,
1408 2087 1484 2125 fuit
1513 2085 1650 2124 ordine
1679 2085 1752 2123 Pa-

312 2155 574 2197 triarcharum
597 2157 706 2196 39us.
727 2161 765 2194 et
782 2170 882 2193 anno
905 2157 948 2194 D.
968 2154 1061 2197 438.
1085 2169 1104 2193 e
1126 2155 1227 2193 vivis
1247 2153 1425 2202 excessit,
1453 2159 1662 2204 postquam
1680 2151 1752 2190 Pa-

311 2222 569 2262 triarchatum
598 2235 670 2273 per
702 2225 765 2264 18.
797 2237 917 2261 annos
953 2222 1217 2273 gubernasset.
1284 2218 1482 2260 Secundus
1515 2220 1591 2257 suit
1616 2219 1752 2258 ordine

312 2291 424 2333 47us.
444 2302 647 2327 successor
666 2288 771 2328 Petri
794 2288 992 2339 Fullonis‚
1022 2288 1093 2326 sub
1115 2290 1269 2326 Zenone
1291 2287 1389 2339 Imp.
1409 2286 1455 2325 A.
1478 2287 1522 2327 D.
1544 2287 1636 2329 476.
1661 2290 1752 2338 post

310 2370 462 2396 menses
481 2359 521 2399 3.
547 2355 702 2408 ejectus.
761 2358 856 2395 Post
885 2356 983 2394 duos
1012 2354 1084 2393 hos
1112 2354 1298 2404 Jozznraes,
1329 2366 1427 2405 quos
1455 2367 1569 2392 nemo
1592 2367 1672 2391 non
1691 2353 1753 2391 vi-

315 2425 382 2463 det
398 2423 585 2462 Joarmem
614 2430 789 2462 nostrum
811 2421 1006 2463 Malelam
1036 2428 1160 2460 aetate
1187 2421 1457 2470 antecessisse,
1487 2435 1574 2459 cum
1601 2420 1752 2459 florue-

314 2493 396 2530 rint
417 2498 504 2530 ante
531 2492 738 2542 imperium
759 2489 968 2528 Iustiniani
997 2490 1079 2542 ejus
1114 2489 1279 2527 nominis
1307 2488 1425 2526 Primi
1456 2488 1569 2540 cujus
1597 2494 1702 2537 gesta
1730 2501 1753 2524 a

317 2557 473 2598 Malela
491 2558 749 2610 celebrantur,
778 2571 857 2596 non
878 2558 976 2596 alius
998 2555 1166 2596 Ioannes
1185 2557 1228 2594 in
1245 2556 1471 2595 Antistitum
1488 2552 1753 2594 Antiocheno-

369 2768 410 2812 1)
434 2768 511 2803 Act.
534 2768 567 2804 4.
590 2779 624 2814 p.
648 2769 728 2804 509.
