1838 3230
335 187 435 234 766

666 296 709 333 F.

335 384 532 421 Factionum
554 387 648 423 Rom.
673 387 908 424 distinctiones
971 389 1042 425 922

335 432 367 466 F
369 433 507 467 aelicius
531 444 641 467 comes
666 434 819 468 Orientis
864 476 865 479 Ἴ
969 435 993 468 b
1017 434 1043 472 4

335 478 464 514 Fanum
482 479 656 525 Serapidis
675 480 754 514 solis
772 481 814 515 ab
827 480 922 516 AleX.
941 480 1042 516 cond.

381 569 551 604 occlusum
947 525 1042 608 1346

335 614 464 649 Fanum
488 615 579 649 Jovis
603 615 772 660 Olympici
973 618 1043 653 372

335 659 470 695 Faunus
487 661 575 695 idem
596 662 652 705 qui
670 662 777 695 Mero.
796 662 868 706 ejus
890 659 1043 706 inventa,

425 707 518 741 Deus
545 718 666 741 aureus
691 707 818 751 dictus,
852 712 890 744 et
914 711 957 744 ab
973 711 1043 743 Ae-

427 752 555 797 gyptiis
579 752 734 786 adoratus
996 756 1044 790 22

381 797 541 831 Misremo
557 796 592 831 in
612 799 768 843 Aegypto
785 800 938 835 succedit
997 802 1043 836 23

335 842 540 878 Februarius
559 843 707 878 Senator
735 856 853 880 caesus
881 850 917 880 et
936 846 1045 880 Roma

430 889 557 933 ejectus
975 891 1043 926 238

382 935 426 968 ab
448 935 504 969 illo
524 934 645 969 mensis
662 934 772 971 dictus
975 938 1043 971 238

338 980 445 1015 Festa
468 982 725 1016 Anathematum
976 983 1044 1016 138

338 1026 473 1060 Festum
493 1027 528 1060 in
552 1027 679 1071 Campo
698 1026 825 1062 Martio
974 1029 1043 1062 218

337 1071 474 1106 Festum
500 1071 796 1117 Tlieophaniorum
951 1073 975 1109 b
997 1071 1044 1108 43

338 1118 418 1151 Filii
441 1117 496 1151 dei
511 1118 547 1151 in
568 1118 654 1152 libro
675 1119 765 1153 Gen.
782 1117 839 1163 qui
1021 1120 1044 1153 6

337 1161 491 1196 Floriani
514 1164 655 1208 Augusti
679 1163 866 1209 descriptio
973 1164 1042 1199 399

382 1208 478 1241 Mors
973 1207 1043 1244 400

336 1252 519 1288 Flavianus
550 1257 642 1300 patr.
676 1254 835 1289 Antioch.
871 1255 1043 1299 relegatus

331 1341 517 1377 Follerales
539 1341 661 1377 nummi
684 1342 743 1389 qui
923 1346 946 1377 b
970 1347 1038 1381 117

660 1445 708 1480 G.

333 1523 468 1559 Gabala
484 1524 576 1558 motu
591 1525 708 1558 terrae
726 1532 890 1557 concussa
944 1521 968 1556 b
991 1522 1037 1556 88

378 1569 556 1616 provincia
578 1570 672 1603 facta
921 1566 945 1601 b
971 1568 1037 1603 183

332 1617 466 1650 Gainas
490 1615 629 1649 rebellis
653 1613 785 1648 occisus
949 1613 972 1647 b
995 1612 1040 1648 44

333 1662 472 1696 Galatia
495 1661 584 1694 unde
607 1660 701 1693 dicta
971 1660 1040 1693 286

334 1708 471 1741 Galbae
493 1706 689 1751 descriptio,
713 1707 748 1739 et
765 1714 854 1738 mors
913 1704 994 1743 333,
1017 1705 1040 1739 4

334 1753 459 1786 Gallus
479 1751 602 1786 flumen
972 1750 1041 1786 286

333 1797 475 1832 Galieni
492 1796 676 1842 descriptio
694 1798 730 1830 et
747 1807 836 1830 mors
969 1794 1040 1830 394

334 1844 476 1878 Galatia
495 1843 604 1888 prima
630 1853 650 1876 a
667 1843 815 1876 secunda
832 1840 942 1876 divisa
958 1852 1039 1920 prlp-

380 1889 491 1923 vincia
508 1893 544 1922 et
560 1888 760 1933 Metropolis
777 1888 878 1921 facta'

335 1934 428 1968 Galli
452 1946 472 1967 a
495 1933 651 1967 Romanis
670 1933 754 1967 victi

380 1981 515 2013 Brenno
528 1980 613 2012 duce
626 1979 764 2012 Romam
775 1977 942 2013 invadunt
970 1978 1037 2012 235

335 2024 550 2069 Ganymedes
568 2024 670 2057 Trois
693 2025 718 2057 f.
991 2025 1038 2058 98

382 2082 403 2104 a
427 2069 572 2103 Tantalo
599 2080 777 2114 oppressus
991 2070 1037 2104 98

380 2127 469 2150 mors
487 2115 559 2158 ejus
579 2118 614 2147 et
631 2114 850 2159 Epitaphium
992 2116 1038 2149 99

380 2161 470 2194 unde
486 2164 605 2205 raptus
624 2160 667 2193 ab
683 2159 795 2204 aquila
814 2160 926 2194 fertur
993 2162 1039 2196 99

336 2205 493 2250 Gar-gazi
515 2216 607 2239 mons
947 2205 970 2238 b
993 2206 1038 2240 93

335 2252 489 2285 Gelimer
511 2250 587 2295 quis
924 2250 948 2284 b
972 2251 1039 2286 197

335 2298 374 2330 S.
397 2295 552 2330 Gelasini
567 2294 654 2329 visio
673 2296 710 2329 et
731 2294 927 2339 martyrium

334 2343 372 2376 S.
391 2341 560 2385 Georgius
580 2340 768 2385 Cappadox
786 2345 914 2385 martyr
971 2339 1039 2375 402

336 2387 462 2421 Gesius
481 2388 590 2420 frater
605 2385 780 2420 Eudociae
947 2386 970 2420 b
993 2386 1037 2420 55

335 2433 505 2476 Gigantes
529 2431 617 2465 unde
639 2432 712 2465 nati
1015 2432 1038 2466 7

334 2478 511 2522 Gigantea
533 2476 652 2511 mulier
928 2475 951 2509 b
973 2476 1038 2510 133

335 2522 555 2556 Gilderichus
575 2521 772 2565 magistratu
793 2521 881 2567 priv.
925 2521 948 2555 b
973 2522 1038 2556 153

335 2566 578 2612 Gindaropolis
622 2567 744 2612 Syriae
790 2568 917 2612 primae
956 2567 1039 2599 urbs

336 2656 494 2692 Githillia
515 2658 597 2691 urbs
621 2656 795 2691 Maritima
933 2612 955 2646 b
972 2613 1041 2692 {gg

337 2703 468 2737 Glauca
490 2702 570 2747 igne
593 2707 791 2748 consumpta
994 2701 1039 2737 45

975 2749 1040 2783 133

927 2794 950 2827 b
974 2794 1040 2827 160

924 2839 1040 2875 b200

337 2748 463 2782 Glauci
485 2747 668 2793 descriptio

337 2794 437 2827 Glom
460 2793 653 2826 Hunnorum
676 2804 736 2826 rex

339 2839 570 2874 Gobbulorum
596 2838 778 2874 Castellum

852 162 1034 232 mmsx
1059 184 1281 232 amum.

1086 298 1231 335 Godilas
1239 301 1360 345 captus
1370 300 1414 336 ab
1421 299 1557 336 Hunnis
1566 299 1658 347 fugit
1685 301 1708 337 b
1724 301 1792 338 170

1087 346 1232 391 Gorgon
1256 357 1344 390 quae
1745 346 1792 383 41.

1131 390 1212 435 igne
1239 391 1418 437 absumpta
1745 390 1793 427 45

1088 436 1248 480 Gortyna
1270 438 1354 471 urbs
1383 437 1510 472 Cretae
1725 438 1793 473 107

1088 482 1247 516 Gratiani
1270 483 1454 529 descriptio
1698 481 1723 516 b
1744 482 1792 518 36

1133 538 1223 561 mors
1598 555 1602 558 .
1699 527 1722 561 b
1746 528 1793 564 38

1089 572 1217 607 Graeci
1238 571 1566 618 Geneathliologiam
1583 571 1674 608 unde
1687 583 1793 608 acce-

1177 630 1260 663 pere
1747 619 1792 654 18

1132 665 1228 698 nefas
1255 666 1378 710 putant
1397 664 1466 699 vim
1491 662 1542 698 illi
1561 662 1690 699 inferre
1714 663 1794 709 qui-

1180 721 1254 743 cum
1276 709 1419 744 ederunt
1722 707 1792 744 104

1134 766 1250 790 eorum
1291 766 1430 800 regnum
1469 753 1792 800 Peloponnesiacum

1180 811 1278 845 quam
1301 800 1359 834 diu
1380 799 1498 834 floruit
1723 800 1792 836 105

1134 856 1246 879 eorum
1262 846 1297 879 in
1316 846 1414 890 Troj.
1438 843 1610 890 expeditio
1724 846 1791 882 123

1135 901 1250 925 eorum
1259 891 1440 925 Primatum
1454 894 1489 924 et
1505 891 1643 925 navium
1654 889 1690 924 in
1698 889 1792 925 Tro·-

1176 936 1273 980 janos
1287 937 1515 981 profectorum
1526 936 1700 981 catalogus
1722 937 1792 973 1³6

1135 992 1248 1015 eorum
1270 982 1393 1015 literae
1413 980 1572 1015 inventae
1744 981 1791 1016 70

1133 1026 1231 1060 Libri
1251 1026 1401 1071 religiosi
1423 1030 1464 1061 et'
1483 1026 1683 1061 simulachra
1700 1036 1792 1060 com-

1181 1072 1280 1106 busta
1620 1072 1642 1106 b
1663 1071 1745 1113 237,
1768 1073 1791 1106 8

1135 1117 1293 1151 Graecae
1308 1116 1484 1161 religionis
1496 1117 1700 1163 professores
1711 1127 1792 1162 per-

1177 1163 1382 1197 secutionem
1407 1162 1499 1207 passi
1675 1162 1700 1196 b
1723 1162 1791 1198 184

1089 1206 1223 1252 Grepes
1253 1208 1454 1243 Herulorum
1482 1218 1543 1242 rex
1571 1207 1790 1242 Christianus

1132 1253 1241 1287 factus
1671 1253 1694 1287 b
1724 1251 1791 1288 154

1087 1298 1185 1332 Grod
1208 1299 1405 1333 Hunnorum
1427 1309 1488 1333 rex
1675 1298 1700 1332 b
1723 1300 1791 1333 160

1129 1343 1346 1378 Christianus
1368 1344 1410 1379 fit
1675 1343 1700 1377 b
1724 1344 1788 1379 161

1129 1389 1261 1419 occisus
1676 1389 1700 1424 b
1724 1390 1790 1424 162

1083 1430 1324 1466 Gundabarius
1348 1432 1426 1477 quis
1697 1432 1720 1466 b
1743 1434 1790 1470 83

1411 1497 1458 1532 H·

1082 1565 1245 1600 Haeresis
1267 1565 1474 1601 Nestoriana
1675 1565 1698 1600 b
1722 1565 1790 1601 116

1085 1611 1256 1646 Hannibal
1273 1613 1431 1645 Afrorum
1452 1612 1519 1646 dux
1719 1612 1788 1646 267

1130 1657 1250 1691 Italiae
1269 1663 1398 1702 partem
1415 1660 1528 1692 vastat
1719 1657 1789 1692 267

1131 1714 1152 1738 a
1165 1702 1326 1747 Scipione
1343 1704 1488 1737 secundo
1503 1702 1615 1738 victus
1632 1714 1669 1737 ae
1684 1713 1790 1736 vene-

1175 1760 1219 1781 no
1237 1748 1400 1782 interficit
1719 1748 1788 1783 269

1130 1794 1285 1829 Heberus
1309 1794 1423 1838 lingua
1447 1803 1508 1828 sua
1533 1792 1569 1827 in
1595 1792 1788 1828 confusione

1084 1851 1239 1920 Harii?
1258 1845 1454 1918 {ffffi‘ssm
1742 1838 1788 1917 {ss

1084 1932 1245 1966 Hebraea
1254 1930 1369 1974 lingua
1378 1931 1420 1964 ab
1428 1928 1554 1964 Adamo
1563 1929 1724 1973 usurpata
1743 1929 1787 1962 12

1084 1976 1276 2012 Hebraicae
1300 1976 1419 2010 literae
1438 1974 1652 2018 excogitatae
1763 1971 1787 2007 4

1083 2021 1242 2057 Hectoris
1259 2025 1294 2056 et
1302 2021 1425 2055 Heleni
1435 2019 1675 2066 descriptiones
1720 2018 1787 2053 132

1128 2067 1288 2101 Hectoris
1303 2078 1392 2101 mors
1718 2063 1785 2099 155

1083 2112 1245 2147 Hecubae
1267 2111 1450 2158 descriptio
1719 2109 1786 2145 133

1130 2169 1218 2192 mors
1718 2154 1786 2191 135

1083 2204 1234 2238 Hecates
1251 2201 1408 2247 templum
1426 2201 1676 2235 subterraneum
1716 2199 1785 2234 408

1083 2248 1272 2294 Heliopolis
1290 2248 1367 2281 urbs
1377 2246 1526 2293 Aegypti
1740 2245 1786 2279 72

1083 2295 1214 2329 Helena
1241 2293 1355 2327 Ledae
1377 2292 1448 2326 filia
1719 2291 1785 2324 101

1129 2351 1150 2373 a
1167 2339 1291 2374 Paride
1308 2341 1409 2383 rapta
1719 2336 1785 2370 119

1085 2385 1254 2419 Helladici
1276 2384 1336 2428 qui
1739 2381 1785 2415 83

1083 2431 1214 2465 Helena
1237 2434 1343 2464 mater
1366 2427 1481 2460 const.
1510 2424 1560 2459 M.
1717 2425 1740 2458 b
1761 2425 1786 2460 5

1083 2475 1301 2521 Helenopolis
1328 2473 1444 2517 (Suga
1463 2470 1566 2514 olim)
1590 2469 1678 2505 unde
1693 2469 1786 2551 gicfg

1129 2564 1279 2598 civitatis
1299 2565 1377 2608 jure
1400 2561 1526 2595 donata
1695 2562 1718 2594 b
1741 2562 1785 2594 10

1130 2611 1263 2644 Terrae
1286 2614 1375 2643 motu
1397 2617 1561 2641 concussa
1694 2607 1717 2640 b
1738 2607 1785 2641 96

1083 2654 1310 2700 Helenoponti
1333 2653 1509 2698 provincia
1694 2651 1717 2685 b
1742 2651 1786 2684 10

1084 2700 1366 2744 Heliopolitanum
1390 2698 1546 2743 templum
1716 2696 1786 2730 366

1084 2746 1246 2780 Hercules
1273 2745 1402 2789 Tyrius
1436 2749 1472 2779 et
1494 2753 1645 2789 purpura
1672 2741 1716 2777 ab
1743 2750 1784 2774 eo

1128 2791 1267 2824 inventa
1738 2785 1785 2819 36

1082 2835 1248 2874 Hercules
1270 2834 1380 2870 Heres
1737 2830 1785 2865 93
