1838 3230
309 193 406 240 636
793 187 1253 234 ANNOTATIONES.

309 309 382 341 etc.
439 301 582 341 Verum
605 316 693 341 cum
715 301 854 341 Victor
873 301 972 342 haec
990 302 1184 343 Anastasii
1204 304 1305 357 Imp.
1326 319 1388 345 an.
1405 319 1518 346 xxxv.
1537 312 1646 357 gesta
1663 320 1754 347 nar-

306 365 388 452 ἒεῐ,
426 359 674 452 Μετεεέῐίηυε
707 358 757 396 ad
782 372 930 397 annum
957 367 1203 412 sequentem,
1240 360 1449 401 Anthemio
1482 368 1520 402 et
1548 362 1753 404 Florentio

340 428 414 453 oss.
441 428 484 452 ea
505 428 547 452 re
567 422 637 453 ert.
1699 432 1709 441 ²

422 473 518 522 Pag.
549 471 641 512 406.
673 470 712 512 5.
750 467 867 522 ὄντα]
896 471 978 511 Ser.
1010 468 1070 513 ὅν.

416 539 516 590 Pag.
546 539 642 578 406.
675 539 738 578 10.
782 535 901 585 ἔθνος
929 536 1266 591 πολεμιώτατον]
1307 541 1390 579 Scr.
1417 535 1753 592 πολεμικώτατον·

306 594 355 632 de
371 592 446 630 hac
468 606 560 630 vero
583 592 814 630 Hunnorum
833 594 1058 631 Sabirorum
1084 594 1326 646 irruptione,
1356 595 1448 634 vide
1469 596 1751 646 Marcellinum,

304 650 506 687 Victorem
534 649 750 686 Turonens.
774 649 980 699 Evagrium
1001 650 1071 689 lib.
1093 654 1130 692 3.
1156 664 1238 702 cap.
1256 650 1323 693 43.
1364 650 1578 703 Nicephor.
1596 651 1665 690 lib.
1685 655 1751 694 16.

305 719 392 756 cap.
418 707 483 746 38.
502 710 542 742 et
561 703 792 743 cedrenum.
848 705 1137 745 Munificentiae
1154 712 1284 745 tamen
1299 706 1418 757 hujus
1440 707 1723 759 Imperatorls
1711 721 1754 746 1η

304 760 523 810 Vectigales
555 760 767 813 spoliatos,
797 761 844 800 de
873 775 951 813 qua
969 762 1119 801 Auctor
1142 764 1262 814 paulo
1291 763 1424 814 infra,¹
1447 763 1554 816 apud
1578 763 1673 803 istos
1702 777 1754 803 ne

305 817 469 856 verbum
498 815 667 867 quidem.

408 884 506 934 Pag.
535 884 628 926 407
659 885 698 925 3.
727 881 1008 936 ὁσταυρωθεὶς
1032 880 1086 925 δι’
1105 884 1231 937 ἡμᾶς,
1260 884 1421 937 ἐλέησον
1438 883 1579 938 ἦμᾶς.]
1615 883 1753 937 Τρισα-

308 956 413 995 γιος,
445 939 623 991 Hymnus
645 944 721 990 est,
754 939 905 978 Graeca
935 941 1107 979 Ecclesia
1128 941 1329 981 decantari
1356 941 1483 983 solita.
1539 941 1667 980 Verba
1686 954 1753 979 au-

309 1004 387 1036 tem
411 1002 520 1034 erant
546 995 660 1033 haec:
706 1000 828 1047 Αγιος
860 994 881 1035 ὁ
902 994 1020 1045 θεος,
1051 993 1161 1050 ἅγιος
1190 994 1368 1050 ἰσχυρὸς,
1399 993 1510 1049 α’γιος
1536 992 1754 1046 ἆθιὶνατος,

309 1053 468 1104 ἐλέησον
488 1051 611 1102 ημᾶς·
641 1050 703 1088 his
721 1052 859 1090 Petrus
880 1052 1005 1102 Fullo,
1036 1053 1230 1091 Ecclesiae
1251 1052 1514 1091 Antiochenae
1535 1052 1606 1090 sub
1626 1053 1753 1092 Leone

309 1109 407 1160 Imp
429 1108 601 1156 antistes,
626 1107 837 1145 clausulam
855 1107 957 1146 hanc
972 1115 1062 1160 post
1084 1106 1194 1162 ἅγιος
1213 1105 1428 1156 ἀθάνατος,
1453 1107 1629 1156 addidit3
1658 1111 1753 1161 Χρι-

311 1162 374 1204 στὲ
395 1165 573 1215 βασιλεῦ,
604 1161 624 1202 ὅ
645 1163 887 1215 σταυρωθεὶς
906 1161 963 1204 δι’
982 1163 1105 1216 ἡμᾶς
1149 1170 1285 1216 postea
1310 1178 1404 1203 vero
1422 1165 1462 1202 in
1482 1163 1642 1205 exilium
1664 1164 1754 1216 pul-

310 1233 391 1268 sus,
418 1233 505 1257 cum
526 1217 678 1256 tandem
703 1218 832 1256 denuo
855 1234 876 1257 a
898 1222 1053 1259 Zenone
1068 1220 1324 1273 Episcopatui
1344 1234 1414 1258 suo
1433 1221 1635 1259 restitutus
1658 1220 1754 1258 suis.-

308 1281 380 1325 set,
407 1275 470 1313 his
492 1274 655 1319 omissis,
687 1273 829 1326 Χοιστὲ
850 1277 1023 1327 βασιλεῦ,
1052 1277 1202 1328 reliqua
1223 1276 1406 1322 retinuit,
1435 1289 1575 1328 nempe
1593 1274 1618 1316 ο
1637 1286 1754 1316 σταυ-

309 1331 456 1384 ρωθεὶς
479 1309 1180 1385 διήμᾶς.(18(11811113·πρότερον
1209 1331 1252 1373 δὲ
1278 1331 1503 1386 προσέθηκε
1531 1330 1754 1400 [Πέτροςὸ

309 1383 524 1437 Κναφευς]
554 1389 608 1440 τῷ
630 1387 836 1453 τρισαγίῳ,
867 1386 1009 1439 Χριστὲ
1037 1389 1215 1439 βασιλεῦ,
1246 1387 1270 1428 o‘
1288 1386 1531 1441 σταυρωθεὶς
1552 1383 1607 1427 δι’
1632 1387 1752 1439 ἡμᾶς.

309 1455 474 1494 υστερον
496 1440 538 1481 δὲ
560 1439 703 1482 ἐλθων.
731 1445 897 1494 περιεῖλε
916 1440 978 1493 τὸ,
1008 1441 1149 1496 Χριστὲ
1175 1444 1351 1495 βασιλευ.
1409 1442 1601 1494 Deinceps
1619 1443 1753 1493 itaque

311 1498 505 1536 clausulae
525 1497 644 1549 hujus
665 1497 812 1535 additio
836 1499 942 1548 apud
961 1499 1253 1546 Antiochenses,
1282 1499 1554 1549 Ecclesiasque
1574 1498 1642 1536 01
1631 1505 1754 1536 lenta-

307 1555 365 1593 les
396 1553 618 1600 obtinebat,
659 1553 762 1591 unde
792 1568 814 1591 a
842 1555 1300 1607 Constantinopolitanis,
1345 1559 1385 1592 et
1416 1553 1753 1603 Occidentalibus‚

315 1608 640 1661 Theopaschitae,
672 1609 766 1647 dicti
788 1616 877 1648 sunt
910 1610 1136 1650 orientales.
1192 1609 1401 1649 Passianos
1425 1623 1491 1647 eos
1511 1616 1627 1648 vocat
1643 1609 1753 1647 Mar-

310 1666 495 1704 cellinus:
524 1665 597 1702 Die
617 1664 840 1715 Dominico‚
872 1664 961 1704 dum
978 1665 1132 1719 jubente
1151 1665 1369 1705 Anastasio
1396 1661 1558 1703 Caesare
1571 1681 1640 1717 per
1660 1663 1754 1704 Pla-

309 1732 434 1760 tonem
463 1721 503 1758 in
527 1719 703 1758 Ecclesia
729 1719 880 1773 pulpito
912 1722 1143 1760 insistentem
1172 1722 1212 1759 in
1243 1720 1420 1767 hymnum
1457 1720 1658 1759 Trinitatis
1679 1720 1754 1758 Dei

310 1777 582 1816 Passianorum
611 1776 860 1823 Quaternitas
890 1775 1068 1823 additur,
1098 1775 1213 1815 multi
1244 1774 1561 1815 orthodoxorum
1588 1777 1754 1828 pristina

310 1847 401 1871 voce
420 1830 646 1884 psallentes,
673 1830 915 1885 perfidosque
935 1847 1142 1885 praecones
1163 1830 1398 1871 clamoribus
1417 1829 1681 1882 objurgantes,
1710 1832 1752 1869 in

312 1886 479 1940 ejusdem
498 1885 696 1925 Ecclesiae
719 1890 867 1938 gremio
890 1890 990 1927 caesi
1012 1898 1113 1927 sunt.
1171 1888 1269 1926 Vide
1291 1886 1500 1937 Evagrium
1518 1886 1585 1926 lib.
1605 1889 1644 1928 3.
1666 1900 1750 1938 cap.

313 1943 381 1984 44.
419 1941 683 1993 Nicephorum
701 1944 767 1984 lib.
795 1947 857 1986 16.
875 1958 959 1996 cap.
979 1943 1048 1986 45.
1078 1943 1289 1992 Victorem,
1320 1949 1359 1981 et
1381 1942 1613 1981 Cedrenum.

427 2012 519 2060 Peg
547 2010 640 2051 407.
671 2010 734 2052 14.
777 2007 1084 2078 πραιδεύσαντες
1112 2009 1160 2051 τοὶ
1189 2006 1315 2051 αυτοῦ
1343 2005 1540 2062 &nicoma-[l
1581 2003 1752 2059 δημόσια

311 2064 380 2103 hic
417 2065 577 2102 Aeraria
613 2067 824 2105 vertimus:
869 2063 1108 2119 Τρακτευτής
1127 2067 1252 2116 enim,
1284 2071 1322 2104 et
1340 2063 1592 2119 Λογοθέτης,
1619 2063 1661 2102 id
1681 2070 1752 2113 est,

311 2118 563 2159 Publicanum
593 2119 806 2159 Rationum
835 2122 1035 2171 Minister,
1067 2122 1146 2160 sive
1176 2121 1430 2171 Vectigalium
1455 2118 1639 2168 Curator,
1671 2126 1753 2157 erat

311 2175 505 2224 Marinus,
535 2175 593 2212 uti
614 2176 763 2214 Auctm
782 2185 913 2217 nostei
934 2192 1072 2229 supra:
1104 2177 1128 2218 o‘
1155 2176 1197 2218 δὲ
1222 2192 1338 2224 αυτος
1359 2172 1537 2242 βασιλευς
1557 2176 1753 2224 κουφίσας

313 2227 499 2283 Ιωαννην
528 2228 595 2271 τὸν
615 2229 863 2298 Παφλαγόνα
882 2234 924 2274 ἐκ
949 2237 1022 2273 τοῦ
1038 2232 1258 2302 τρακτεύειν
1278 2247 1326 2272 τα
1348 2227 1512 2282 δημόσια
1529 2231 1677 2298 χαρτία
1681 2233 1752 2270 τοῦ

311 2287 551 2339 ποαιτωοίου
569 2289 646 2326 τῶν
664 2284 855 2355 ἐπαρχων,
876 2289 1058 2340 ἐποίησεν
1077 2286 1192 2330 αυτὸν
1213 2285 1291 2328 ἄπο
1310 2284 1482 2334 ὑπάτων,
1513 2281 1603 2326 αντ’
1625 2281 1753 2326 αυτοῦ

310 2338 481 2395 ποιήσας
499 2357 750 2396 τρακτευτην,
778 2359 844 2383 και
861 2344 1076 2398 λογοθέτην
1097 2348 1285 2397 Μαρῖνον
1304 2341 1368 2384 τὸν
1390 2338 1536 2395 Συρον.

313 2465 363 2502 Al
426 2412 522 2461 Pag.
548 2408 641 2452 407
671 2413 735 2453 21
770 2410 836 2451 καὶ
854 2406 1072 2462 ανελθώαὴ]
1102 2413 1186 2450 Ser.
1220 2408 1412 2462 ἀνῆλθεν,
1441 2409 1500 2447 uti
1517 2407 1637 2447 habet
1658 2407 1747 2449 Chr.

366 2477 424 2504 ex.

420 2517 518 2572 Pag·
547 2519 641 2562 408.
670 2524 708 2562 7.
739 2535 830 2567 τους
850 2517 892 2559 δὲ
912 2518 1169 2572 ἔρευματισε.]
1203 2514 1744 2572 881.ηρυματισε.ἒουόμαι,

313 2581 352 2612 ct
381 2573 544 2627 ἔρυμαι,
577 2573 783 2626 Custodi03
812 2575 915 2614 uude
944 2575 1088 2629 ἔρυμα,
1122 2574 1307 2615 Custodia
1330 2573 1461 2624 salva,
1492 2575 1573 2613 sive
1587 2551 1750 2614 Carcer.

312 2630 555 2682 Hesychius.
597 2631 741 2683 ε’ρυμα,
769 2628 971 2684 ὀχύρωμα,
1002 2630 1186 2683 φυλακη,
1217 2627 1421 2682 καλυμμα,
1458 2627 1660 2684 φυλαγμα·
1701 2630 1748 2668 ab

316 2685 440 2739 ἔρυμα
465 2699 559 2724 vero
590 2686 740 2726 Auctor
766 2694 897 2726 noste1
923 2688 1084 2734 verbum
1115 2687 1325 2739 ἐρυματίζω
1350 2686 1548 2727 sormmaxit

428 2750 528 2803 Pssg·
558 2755 652 2794 408.
696 2757 758 2796 13.
808 2750 1050 2805 ευσχημων.]
1089 2753 1179 2790 Chr.
1208 2752 1316 2790 Alex.
1360 2768 1380 2791 a
1418 2753 1571 2791 Radere
1601 2751 1749 2790 editum

317 2806 436 2846 habet
462 2806 689 2861 λευσχήμων
750 2817 953 2862 corrupte:
993 2809 1085 2849 Chr.
1127 2809 1230 2847 idem
1265 2822 1314 2848 ex
1342 2809 1416 2851 Jos.
1448 2808 1629 2859 Scaligeri
1670 2806 1749 2845 edi-
