1838 3230
272 209 366 255 180
661 198 951 244 IOANNIS
981 199 1319 244 MALALAE

269 320 343 365 δύο
377 321 568 378 ἀδελφοί,
606 318 680 370 ἕως
706 313 754 361 οὗ
781 318 933 367 τελείας
959 316 1112 373 ἡλικίας
1140 318 1315 374 ἐγένοντο
1348 319 1413 361 καὶ
1436 316 1712 371 ἐβασίλευσαν,

269 391 529 446 σημαίνοντες
548 387 609 431 ὅτι
627 386 705 429 ὑπὸ
724 390 798 428 τοῦ
825 383 1018 428 Φαύστου
1037 391 1109 428 τοῦ
1134 390 1308 443 γεωργοῦ
1344 387 1409 428 καὶ
1439 389 1512 440 τῆς
1530 385 1717 440 γυναικὸς

269 459 395 501 αὐτοῦ
424 457 637 510 Λυκαίνης
670 451 904 510 ἐτράφησαν
934 453 976 496 ἐκ
1003 458 1084 497 τῶν
1121 454 1342 510 ἀλλοτρίων
1384 454 1614 506 ἐσθίοντες,
1661 450 1718 502 ὥς

269 526 575 582 προγέγραπται.
646 521 798 571 ὄνειδος
834 521 911 577 γὰρ
947 519 1098 577 ’ὗπῆρχε
1135 522 1247 578 παρὰ
1275 520 1486 576 Ῥωμαιόις
1518 521 1584 563 καὶ
1616 523 1717 563 πᾶσι

270 600 356 642 τοῖς
388 592 568 647 ἀρχαίοις
600 590 698 632 ποτε
718 589 766 631 τὸ
788 590 830 630 ἐκ
856 593 937 631 τῶν
966 588 1189 646 ἀλλοτρίων
1214 589 1443 645 τρέφεσθαί
1467 601 1581 631 τινα·
1618 586 1750 631 ὅθεν5

270 663 336 703 καὶ
358 660 399 702 ἐν
427 665 513 708 τοῖς
539 648 779 712 συμποσίοις
800 663 883 706 τοῖς
901 657 1123 712 λεγομένοις
1142 661 1312 714 φιλικοῖς
1334 657 1500 705 ἕκαστος
1518 660 1600 698 τῶν
1620 672 1717 697 συν-

270 727 491 784 ερχομένων
523 727 577 775 εἷς
616 725 663 767 τὸ
699 722 924 779 συμπόσιον
958 724 1003 767 τὸ
1037 724 1138 766 ἴδιον
1170 725 1295 767 αὐτοῦ
1324 729 1472 780 βρῶμα
1507 725 1573 765 καὶ
1604 721 1739 777 πόμα

271 795 363 849 μεθ’
400 793 546 836 ἑαυτοῦ
573 794 743 846 κομίζει,
780 794 848 834 καὶ
871 794 925 841 εἷς
944 792 990 834 τὸ
1011 792 1141 835 κοινὸν
1163 790 1294 835 πάντα
1316 793 1609 847 παρατίθεται,
1651 792 1718 833 καὶ

218 869 248 902 Β
273 863 458 905 ἐσθίουσι
495 856 766 918 κρατήσαντες
799 859 845 902 τό
888 859 1054 916 ἀρχαῖον
1095 859 1193 909 ἔθος
1234 860 1307 909 ἕως
1343 864 1416 915 τῆς
1444 863 1542 912 νῦν,
1580 859 1626 901 τὸ
1658 857 1716 913 μὴ

270 928 429 973 ἀκούειν
461 926 786 985 ἀλλοτριοφάγοι.
857 925 1003 969 τούτου
1033 925 1152 982 χάριν
1184 926 1371 982 ἐπενόησε
1397 931 1518 970 τοῦτο
1545 925 1566 968 ὅ
1596 926 1717 976 αὐτὸς
1730 934 1772 968 10

129 1007 162 1040 Ο
185 1008 253 1044 229
271 997 438 1052 Ῥῶμος,
472 997 574 1052 πρὸς
594 996 640 1038 τὸ
663 993 955 1045 ἔξιλεώσασθαι
974 995 1047 1049 τὴν
1066 994 1185 1050 ὕβριν
1207 983 1367 1047 ἑαυτοῦ,
1399 994 1571 1044 καλέσας
1585 996 1652 1037 καὶ
1670 993 1717 1036 τὸ

272 1066 401 1120 ὄνομα
423 1069 495 1107 τοῦ
519 1064 686 1120 ἀρίστου
709 1063 907 1120 ῥωμαϊστὶ
933 1061 1218 1119 βρουμάλιουμ
1229 1095 1242 1115 ,
1280 1062 1422 1112 καθὼς
1441 1060 1462 1104 ὃ
1481 1059 1719 1119 σοφώτατος

271 1134 481 1182 Λικίννιος
501 1130 522 1174 ὃ
540 1129 747 1185 Ῥωμαίων
763 1128 1043 1187 χρονογράφος
1063 1131 1236 1181 ἐξέθετο.

371 1199 496 1243 Μετὰ
517 1200 561 1241 δὲ
578 1197 733 1252 Ῥῶμον
753 1200 820 1240 καὶ
835 1196 980 1252 Ῥῆμον
999 1198 1094 1247 τοὺς
1120 1197 1319 1255 ἀδελφοὺς
1353 1197 1617 1251 ἐβασίλευσαν
1643 1195 1718 1238 ἄλ-

269 1272 333 1310 λοι
359 1266 404 1318 (ἐξ
433 1271 506 1322 τῆς
530 1265 687 1320 Ῥώμης
722 1266 796 1315 ἕως
824 1270 897 1307 τοῦ
927 1267 1154 1319 Ταρκυνίου
1191 1266 1428 1322 Σουπέρβου
1458 1269 1530 1307 τοῦ
1561 1264 1713 1308 ἀδίκου.
1729 1269 1771 1305 15

269 1337 445 1389 ἕβδομος
481 1334 558 1390 γὰρ
595 1333 785 1386 βασιλεὺς
814 1337 887 1387 τῆς
922 1331 1078 1388 Ῥώμης
1113 1334 1216 1388 μετὰ
1256 1333 1303 1376 τὸ
1342 1337 1558 1387 κτισθῆναι
1592 1331 1718 1386 αὖτὴν

270 1403 444 1458 ἐγένετο·
480 1404 546 1444 καὶ
565 1399 726 1457 ἐπήρθη
748 1400 796 1443 τὸ
822 1402 1025 1454 βασίλειον
1044 1401 1137 1458 παρ’
1161 1401 1300 1444 αὐτοῦ.
1598 1400 1599 1405 ’

365 1470 453 1512 Ἐπὶ
474 1470 518 1511 δὲ
536 1473 616 1512 τῶν
636 1467 795 1526 χρόνων
816 1472 887 1522 τῆς
912 1469 1120 1523 βασιλείας
1150 1469 1276 1512 αὐτοῦ
1310 1463 1360 1524 ἦν
1380 1468 1563 1521 Σίβυλλα
1582 1464 1608 1522 ἦ
1628 1468 1718 1510 Κυ-

271 1538 374 1591 μαία
397 1535 552 1591 μάντις.

221 1614 251 1647 C
330 1605 449 1659 ’Ὲσχε
493 1605 537 1646 δὲ
576 1602 597 1646 ὅ
632 1603 754 1655 αὐτὸς
794 1601 1019 1661 Ταρκύνιος
1060 1603 1148 1646 υἱὸν
1185 1601 1353 1657 ὀνόματι
1388 1601 1605 1660 Ἄρῥουνς,
1654 1600 1773 1644 δι’ΞΟ

272 1671 317 1715 ὃν
357 1670 558 1727 ἐξεβλήθη
596 1676 668 1726 τῆς
694 1673 924 1726 βασιλείας,
968 1670 1030 1714 ὅτι
1062 1669 1307 1726 βιασάμενος
1348 1670 1421 1725 τὴν
1451 1670 1716 1726 Λουκρητίαν

272 1740 535 1795 συγκλητικὴν
557 1740 783 1794 ἐμοίχευσεν
817 1738 837 1782 ὅ
867 1739 954 1788 υἱὸς
984 1743 1056 1781 τοῦ
1086 1740 1314 1796 Ταρκυνίου
1345 1737 1366 1780 ὃ
1387 1737 1607 1794 ’Άρῥουνς”
1642 1736 1717 1778 κά-

272 1808 377 1862 κείνη
403 1807 572 1863 ἶέσφαξεν
594 1805 761 1862 ἑαυτήν,
800 1805 853 1857 ὥς
874 1805 1061 1864 σώφρων.
1131 1809 1196 1850 καὶ
1217 1807 1366 1862 ἐγένετο
1386 1803 1580 1862 ἐμφύλιος
1598 1802 1717 1847 mile*

362 1926 393 1960 1.
418 1922 652 1970 ἐβασίλευσαν
675 1926 822 1968 Οὴιοιι.,
846 1927 1061 1974 βασίλευσαν
1083 1909 1151 1961 ΟΧ.

271 2029 308 2061 et
329 2026 372 2060 ab
394 2025 622 2070 incunabulis,
645 2028 690 2063 ad
712 2030 899 2074 perfectam
922 2040 1025 2074 usque
1048 2031 1207 2069 aetatem,
1232 2025 1345 2072 quoad
1367 2037 1514 2071 regnare
1538 2025 1716 2071 coepisset,

272 2071 410 2105 aliorum
432 2073 524 2106 victu
548 2073 711 2107 enutritus
734 2075 870 2109 fuisset:
905 2086 1024 2119 nempe
1045 2075 1240 2115 innuentes,
1262 2084 1336 2106 eum
1361 2073 1452 2116 apud
1475 2072 1634 2106 Faustum
1657 2083 1716 2105 co-

272 2117 401 2157 lonum,
425 2123 461 2151 et
484 2117 612 2162 Lupam
635 2130 772 2153 uxorem
795 2121 887 2163 ejus,
911 2132 953 2153 ex
978 2120 1086 2154 alieno
1112 2119 1292 2153 enutritum
1316 2117 1433 2152 fuisse:
1463 2118 1515 2151 uti
1538 2122 1639 2151 antea
1663 2117 1717 2151 di-

274 2166 364 2196 ctum
387 2166 448 2196 est.
503 2163 601 2206 Apud
624 2163 790 2198 Romanos
813 2166 922 2207 enim3
954 2170 1086 2199 veteres
1110 2164 1210 2198 etiam
1233 2170 1364 2205 omnes,
1398 2163 1482 2197 vitio
1505 2163 1716 2203 vertebatur,

275 2207 303 2239 si
325 2206 399 2251 quis
423 2206 531 2241 alieno
563 2219 650 2251 pane
682 2214 886 2243 vesceretur.
932 2210 1033 2244 Unde
1064 2215 1100 2244 et
1121 2209 1156 2243 in
1188 2208 1391 2253 Symposiis,
1430 2219 1517 2252 quae
1546 2209 1717 2242 Amicalt‘a

274 2251 368 2285 dicta
389 2257 477 2293 sunt,
499 2252 619 2296 singuli
637 2264 677 2286 ex
701 2254 849 2288 convivis
872 2255 981 2289 cibum
1004 2260 1186 2300 potumque
1208 2265 1300 2288 suum
1323 2254 1547 2299 proferentes,
1570 2252 1604 2286 in
1627 2264 1717 2286 com-

275 2308 372 2330 mune
396 2297 594 2338 conferunt3
627 2309 750 2331 morem
775 2299 946 2344 antiquum
970 2311 1075 2344 usque
1097 2300 1206 2335 adhuc
1228 2302 1421 2340 servantes,
1444 2310 1487 2332 ne
1509 2299 1600 2331 forte
1623 2299 1717 2331 Alie-

275 2343 387 2375 nivori
422 2342 586 2376 audirent.
632 2342 688 2376 Ob
722 2343 809 2376 hanc
844 2344 951 2388 igitur
976 2357 1124 2386 causam,
1161 2356 1278 2389 nempe
1303 2344 1346 2377 ad
1370 2342 1601 2378 contumeliam
1623 2342 1716 2376 illam

251 2386 254 2391 '
276 2398 298 2420 a
320 2398 355 2420 se
379 2388 615 2428 amovendam,
638 2398 743 2431 genus
765 2389 828 2422 hoc
850 2389 997 2423 convivii
1020 2391 1177 2424 Romulus
1199 2389 1363 2429 instituit3
1399 2391 1433 2422 et
1457 2386 1580 2421 Latina
1602 2387 1716 2431 lingua

276 2432 490 2466 Bracmanum
517 2432 671 2467 vocavit:
710 2432 761 2466 uti
794 2434 877 2467 haec
910 2435 1050 2468 tradidit
1071 2434 1329 2480 sapientissimus
1351 2432 1517 2474 Licinius,
1546 2432 1716 2467 Romano-

276 2487 349 2510 rum
372 2477 669 2522 Chronographus.

366 2522 446 2555 Post
481 2522 656 2557 Romulum
687 2524 722 2556 et
743 2522 881 2557 Remum
908 2524 1052 2565 fratres,
1090 2535 1186 2568 reges
1210 2535 1246 2558 v1
1270 2523 1328 2557 alii
1349 2523 1476 2557 Romae
1507 2524 1716 2568 regnarunt3

278 2565 321 2599 ad
351 2565 510 2609 injustum
539 2579 643 2612 usque
664 2568 755 2601 illum
777 2568 997 2613 Tarquinium
1028 2571 1213 2612 superbum.
1260 2569 1310 2603 Ab
1345 2568 1431 2602 urbe
1461 2567 1547 2602 enim
1579 2567 1715 2602 condita

278 2611 500 2664 Romanorum
522 2624 583 2646 rex
605 2613 765 2658 septimus
801 2614 867 2648 fuit
887 2613 967 2647 iste:
1004 2625 1023 2647 a
1046 2625 1111 2658 quo
1135 2613 1236 2648 etiam
1259 2614 1407 2648 ablatum
1430 2617 1482 2647 est
1503 2612 1632 2658 regium
1654 2612 1715 2647 im-

278 2666 419 2699 penum.

368 2701 475 2744 Hujus
497 2703 558 2736 sub
580 2714 686 2747 regno
708 2703 825 2738 floruit
846 2704 994 2738 Cumaea
1016 2703 1168 2747 Sibylla,
1191 2703 1420 2738 vaticinati-ix.

368 2745 571 2791 Tarquinius
590 2748 652 2782 iste
674 2749 778 2783 filium
797 2748 933 2790 habuit,
956 2748 1015 2793 qui
1033 2749 1140 2782 Aruns
1163 2748 1271 2783 dictus
1292 2753 1359 2783 est=
1384 2747 1442 2793 qui
1463 2749 1497 2782 in
1520 2758 1618 2782 causa
1636 2746 1713 2787 fuit,

278 2788 369 2833 quod
395 2790 598 2835 Tarquinius
621 2798 721 2838 pater
743 2805 849 2838 regno
871 2793 1066 2828 deturbatus
1088 2794 1211 2836 fuerit3
1247 2806 1288 2828 eo
1311 2794 1401 2839 quod
1424 2793 1622 2834 Lucretiae,
1644 2803 1714 2825 ma-

277 2837 395 2869 tronae
418 2837 522 2870 nobili
543 2838 609 2872 vim
627 2839 804 2874 intulerat:
827 2838 887 2874 illa
909 2851 1003 2881 vero,
1025 2843 1065 2874 ut
1087 2841 1210 2875 castam
1228 2852 1263 2875 se
1285 2843 1465 2885 argueret,
1490 2843 1627 2873 mortem
1649 2835 1711 2870 sibi
