1838 3230
251 198 348 245 102
643 187 921 234 IOANNIS
949 187 1285 234 MALALAE

198 325 228 361 Β
250 315 324 355 τοῦ
359 311 426 355 καὶ
451 312 533 353 τῶν
558 308 769 363 βασιλέων.
838 304 997 362 γνόντες
1018 307 1063 350 δὲ
1086 304 1231 356 πάντες
1250 305 1319 348 διὰ
1337 305 1410 360 τὴν
1433 305 1589 362 Βρίσου
1604 308 1691 348 θυ-

106 393 139 428 o
164 394 231 431 128
251 379 400 436 γατέρα
410 411 425 431 ,
459 384 626 433 γυναῖκα
647 377 691 418 δὲ
708 379 781 418 τοῦ
798 375 1005 427 Μενὲτου,
1043 374 1104 418 ὅτι
1122 375 1350 430 ἀπέκρυψεν
1371 373 1496 427 αὐτὴν
1514 371 1535 415 ὃ
1557 371 1698 427 Ἀχιλ-’

251 447 343 497 λεύς
361 446 463 502 μετὰ
484 449 555 488 τοῦ
577 441 710 500 ἐφόρει
737 436 930 495 κοσμίου,
966 441 1231 498 ἐλυπήθησαν
1256 441 1357 497 πρὸς
1381 440 1504 484 αὐτὸν
1520 442 1586 483 καὶ
1609 439 1692 502 &²197-

253 516 457 571 γίσθησαν
484 511 569 555 κατ’
601 511 750 562 αὐτοῦ,
789 509 891 553 διότι
917 509 1134 567 ἔπιώρκησε
1158 510 1225 552 διὰ
1245 509 1314 552 τὸν
1338 507 1413 563 εἶχε
1437 508 1539 564 πρὸς
1567 507 1694 563 αὖτὴν

254 582 398 639 ἔρωτα,
469 581 536 623 καὶ
555 577 702 628 πάντες
723 576 952 632 ἐλοιδόρουν
971 578 1093 621 αὐτὸν
1113 577 1174 623 ὅτι
1194 577 1422 631 ἀπέκρυψεν
1440 574 1566 631 αὐτήν
1575 608 1588 628 ,
1626 576 1726 622 καὶὸ

254 647 525 704 συναχθέντες
547 648 588 689 ἒν
608 646 813 704 κομβέντῳ
835 644 1037 689 ἐκώλυσαν
1057 646 1127 689 τὸν
1147 645 1269 688 αὐτὸν
1283 644 1464 699 Ἀχιλλέα
1483 648 1556 687 τοῦ
1581 643 1694 700 ἔπιῤ-

255 718 406 775 ῥίπτειν
426 717 492 757 καὶ
514 712 847 771 παραλαμβάνειν
867 712 999 763 πόλεις
1017 715 1082 756 καὶ
1103 711 1327 770 πραιδεύειν
1352 710 1512 769 χώρας,
1548 710 1698 760 ἄλλους

256 784 340 827 ἀντ’
375 783 501 826 αὐτοῦ
531 780 855 836 καταστήσαντες
880 781 952 824 τὸν
982 786 1185 838 Τεῦκρον,
1222 780 1294 823 τὸν
1314 780 1492 836 ἀδελφὸν
1512 779 1696 828 Αἴαντος

255 855 330 895 τοῦ
351 851 628 906 Τελαμωνίου,
666 851 733 892 καὶ
751 849 821 892 τὸν
838 849 1052 904 Ἰδομενέα.
1107 850 1246 898 οἵτινες
1265 848 1497 904 παρέλαβον
1511 847 1586 902 τὴν
1604 843 1697 890 Κό-

257 936 360 976 προν
376 921 442 961 καὶ
462 918 534 973 τὴν
551 918 755 973 Ἰσαυρίαν
773 918 839 959 καὶ
860 917 933 971 τὴν
952 918 1117 960 Λυκίαν
1136 914 1447 972 πραιδεύσαντες
1463 916 1529 958 καὶ
1550 913 1697 957 &nou-
1709 924 1754 960 10

257 1003 400 1036 σαντες
430 983 569 1035 αῧτάς.
639 984 659 1028 ὃ
690 986 733 1028 δὲ
755 983 1014 1039 Τελαμώνιος
1032 984 1142 1033 Αἴας
1171 982 1354 1040 ὁρμήσας
1384 983 1482 1033 τοὺς
1510 981 1699 1042 Θρᾳκοῦς

258 1054 354 1103 τοὺς
374 1055 414 1096 εἶν
435 1050 684 1111 Χερρονήσῳ
706 1051 925 1108 ἐπολιόρκει
943 1054 1009 1094 καὶ
1029 1052 1098 1094 τὸν
1117 1050 1423 1107 Πολυμήστορα
1441 1050 1510 1093 τὸν
1528 1049 1700 1104 βασιλέα

206 1135 236 1169 c
259 1122 407 1165 αὐτῶν.
467 1119 487 1163 ὅ
510 1121 554 1162 δὲ
573 1119 860 1177 Πολυμήστωρ
878 1122 1077 1177 φοβηθεὶς
1094 1119 1167 1174 τὴν
1185 1124 1257 1162 τοῦ
1275 1119 1421 1174 ἀνδρὸς
1438 1116 1577 1172 ἀλκήν,
1597 1133 1701 1173 χρυ-

260 1189 333 1232 σὸν
361 1188 471 1246 αὐτῷ
500 1188 628 1230 πολὺν
658 1188 754 1237 δοὺς
784 1189 849 1230 καὶ
877 1195 988 1231 σῖτον
1015 1186 1101 1237 ἑνὸς
1127 1189 1310 1230 ἐνιαυτοῦ
1335 1190 1391 1237 εἷς
1411 1184 1608 1240 ἀνάλωμα
1626 1188 1700 1228 τοῦ

253 1257 442 1311 Ἀχαϊκοῦ
470 1260 671 1312 στρατοῦ,
707 1257 774 1298 καὶ
804 1255 967 1298 ἔκδοτον
998 1256 1094 1305 δοὺς
1121 1255 1192 1298 τὸν
1209 1255 1298 1298 υἱὸν
1311 1259 1385 1298 τοῦ
1405 1252 1599 1310 Πριάμου
1630 1252 1701 1295 τὸν
1712 1261 1756 1297 15

259 1322 497 1381 μικρότερον
525 1322 709 1376 πάντων,
754 1321 1006 1379 Πολύδωρον
1044 1320 1209 1377 ὀνόματι
1217 1356 1230 1375 ,
1279 1322 1562 1379 παρατεθέντα
1590 1320 1702 1378 αὐτῷ

262 1391 375 1447 παρὰ
406 1395 479 1433 τοῦ
510 1389 705 1446 Πριάμου
731 1395 804 1433 τοῦ
832 1391 987 1446 πατρὸς
1015 1390 1140 1433 αὐτοῦ
1160 1390 1262 1445 μετὰ
1275 1388 1498 1446 χρημάτων
1518 1393 1699 1431 πολλῶν·

262 1457 399 1515 ἠγάπα
419 1458 496 1514 γὰρ
516 1458 586 1501 τὸν
604 1456 870 1515 Πολύδωρον,
909 1457 962 1508 ὥς
978 1456 1215 1514 μικρότερον
1238 1456 1414 1510 πάντων,
1451 1455 1471 1500 ὅ
1493 1452 1700 1513 Πρίαμος,

265 1528 331 1569 καὶ
362 1524 418 1575 ὥς
445 1525 644 1582 εὐπρεπῆ·
680 1526 747 1568 διὰ
774 1526 850 1582 γὰρ
880 1530 1000 1569 τοῦτο
1030 1527 1095 1569 καὶ
1117 1526 1158 1568 ἓν
1180 1524 1281 1582 ἄλλῃ
1295 1523 1413 1584 χώρᾳ
1434 1524 1557 1566 αὐτὸν
1577 1524 1703 1579 παρέ-

264 1598 389 1645 θετο,
423 1594 492 1635 ἰ’να
511 1593 568 1647 μὴ
593 1592 647 1643 ὡς
665 1595 825 1636 παιδίον
847 1592 1117 1650 ταράττηται,
1156 1591 1314 1636 ἀκούων
1344 1592 1551 1646 πολέμων
1585 1589 1759 1645 ποιή-Ξο

116 1674 149 1709 0
176 1675 240 1711 129
265 1678 342 1710 σας
361 1659 381 1702 ὃ
403 1660 526 1709 αὐτὸς
543 1659 830 1718 Πολυμήστωρ
853 1659 1061 1715 συνθήκας
1081 1660 1183 1715 μετὰ
1204 1664 1276 1703 τοῦ
1295 1660 1477 1709 Αἴαντος
1496 1657 1704 1715 ἐγγράφως

264 1729 321 1785 μὴ
342 1734 566 1783 συμμαχεῖν
582 1727 774 1787 Πριάμῳ.
842 1730 908 1770 καὶ
926 1730 969 1771 ἐκ
987 1733 1068 1771 τῶν
1085 1730 1237 1770 ἐκεῖθεν
1260 1726 1444 1785 ὁρμήσας
1461 1725 1482 1769 ὃ
1500 1727 1612 1776 Αἴας
1629 1722 1706 1781 ἦλ-

355 1823 389 1858 4.
421 1821 610 1868 ἔπιόρκησε
633 1824 699 1858 ΟΧ.
791 1827 824 1860 6.
855 1823 1059 1871 κομβέντφ]
1083 1826 1247 1872 κομβενῷ
1270 1825 1336 1859 Ox.
1430 1825 1481 1859 11.
1514 1821 1705 1866 Θρακοΰς]

360 1870 506 1916 Θρᾷκας
529 1869 593 1902 Ch.
693 1870 748 1907 13.
771 1866 883 1916 ἀλκὴν
907 1871 991 1913 Ch.‚
1030 1868 1140 1916 ὁλκὴν
1164 1872 1231 1906 Ox.
1328 1870 1384 1905 21.
1408 1867 1614 1915 ἐγγράφους
1636 1868 1705 1902 Ce-

356 1914 480 1951 drenus
503 1926 536 1962 p.
563 1915 639 1951 127.
663 1915 705 1951 A.

267 2003 356 2038 tulit.
401 2003 474 2038 Ubi
495 2015 577 2038 vero
602 2005 750 2040 omnibus
772 2006 985 2047 innotuisset,
1008 2006 1171 2042 Achillem
1186 2004 1290 2039 Brissi
1310 2004 1433 2046 filiam,
1457 2003 1602 2039 Menetis
1623 2014 1705 2038 vero

270 2048 361 2093 regis
383 2060 541 2091 uxorem,
574 2061 647 2083 cum
672 2054 791 2084 ornatu
815 2053 884 2095 ejus
908 2051 1014 2094 omni,
1045 2051 1136 2097 apud
1157 2063 1193 2085 se
1216 2051 1358 2091 celasse3
1394 2061 1497 2094 aegre
1519 2050 1584 2084 hoc
1605 2048 1642 2082 in
1664 2060 1705 2082 eo

272 2096 444 2136 tuierunt3
468 2094 588 2138 iraque
608 2095 644 2128 in
661 2106 734 2129 eum
758 2096 911 2131 commoti
932 2102 1027 2139 sunt,
1052 2097 1140 2142 quod
1162 2097 1205 2130 ob
1228 2106 1390 2136 amorem,
1413 2106 1512 2140 quam
1528 2105 1612 2139 erga
1633 2104 1706 2128 eam

271 2138 410 2179 habuit,
441 2140 594 2184 perjurus
616 2141 727 2173 factus
749 2141 884 2175 fuisset:
926 2142 1007 2185 quin
1031 2147 1067 2177 et
1090 2141 1246 2176 conviciis
1269 2152 1342 2174 eum
1364 2144 1589 2184 exceperunt,
1615 2139 1707 2173 cela-

271 2191 339 2217 tam
370 2184 526 2218 amasiam
558 2184 590 2218 ei
622 2186 873 2230 exprobrantes.
920 2187 990 2220 Sed
1020 2191 1056 2221 et
1078 2198 1099 2221 a
1130 2186 1345 2230 congregatis
1373 2186 1409 2220 in
1433 2185 1585 2219 Concilio
1609 2184 1706 2218 duci-

271 2230 331 2263 bus
357 2229 569 2263 interdictum
591 2234 642 2264 est
665 2230 806 2271 Achilli,
839 2242 883 2264 ne
915 2232 1053 2277 amplius
1084 2237 1172 2267 esset
1191 2231 1227 2265 in
1249 2231 1387 2265 urbibus
1409 2232 1466 2265 vel
1489 2229 1706 2275 occupandis,

273 2274 330 2308 vel
358 2273 572 2315 invadendis3
608 2286 693 2308 neve
724 2276 876 2319 regiones
907 2277 1107 2320 praedatum
1138 2281 1176 2311 ut
1199 2276 1326 2310 exiret:
1368 2275 1518 2310 suffectis
1539 2275 1575 2308 in
1596 2275 1706 2309 locum

274 2320 366 2363 ejus,
389 2319 539 2361 Teucro,
562 2320 674 2364 Ajacis
697 2320 885 2355 Telamonii
908 2322 1035 2363 fratre,
1058 2328 1094 2357 et
1116 2322 1311 2356 Idomeneo:
1336 2321 1394 2365 qui
1416 2322 1586 2366 Cyprum,
1609 2320 1705 2354 Isau-

274 2365 379 2405 riam,
412 2364 636 2409 Lyciamque,
670 2370 786 2410 captas
809 2370 844 2399 et
865 2370 1031 2407 vastatas,
1066 2366 1223 2412 praedati
1254 2369 1339 2400 sunt.
1385 2367 1471 2410 Ajax
1493 2376 1575 2399 vero
1598 2365 1706 2398 Teia-

275 2409 401 2444 monius
423 2421 593 2454 egressuS,
616 2410 765 2445 Thraces
785 2410 821 2444 in
845 2411 1052 2446 Cherroneso
1074 2423 1256 2456 regemque
1280 2422 1414 2452 eorum,
1435 2410 1705 2455 Polymestorem,

275 2454 483 2498 aggreditur.
509 2474 514 2479 -
540 2455 749 2500 Polymestor
776 2459 887 2489 autem
918 2456 1032 2500 Ajacis
1064 2457 1150 2490 vires
1182 2456 1420 2497 reformidans,
1457 2466 1610 2498 magnum
1632 2454 1707 2489 auri

275 2499 405 2543 pondus
429 2500 461 2534 ei
483 2499 625 2541 obtulit3
647 2504 841 2544 tantumque
861 2502 1039 2542 frumenti,
1062 2506 1220 2545 quantum
1237 2500 1382 2534 Achaico
1406 2499 1566 2534 exercitui
1587 2500 1623 2534 in
1646 2511 1707 2533 an-

278 2556 353 2577 num
372 2545 564 2587 sufficeret,
597 2545 834 2590 suppeditavit.
878 2546 948 2579 Sed
983 2550 1018 2579 et
1041 2547 1246 2589 Polydorum
1268 2556 1422 2589 quoque,
1456 2545 1582 2579 Priami
1604 2544 1706 2579 filium

278 2594 360 2623 natu
386 2589 569 2631 minimum,
609 2601 706 2634 quem
735 2595 832 2636 pater
863 2591 931 2634 ejus
954 2590 1195 2635 Polymestori,
1235 2601 1307 2624 cum
1340 2589 1468 2633 ingenti
1490 2589 1706 2635 pecuniarum

304 2635 447 2676 ondere‚
480 2634 712 2669 enutriendum
734 2634 960 2676 commiserat,
997 2635 1093 2678 Ajaci
1114 2634 1265 2668 tradidit.
1310 2634 1444 2679 Nempe
1473 2646 1535 2669 rex
1556 2635 1707 2669 Priamus

278 2645 482 2723 Polydorum
505 2691 710 2725 summopere
732 2680 794 2715 sibi
817 2681 950 2714 charum
973 2679 1110 2720 habuit3
1146 2685 1183 2713 ut
1206 2679 1265 2723 qui
1286 2679 1450 2714 formosus
1473 2685 1576 2722 esset,
1605 2685 1709 2714 natu-

280 2734 345 2766 que
369 2724 535 2759 minimus:
569 2726 689 2769 itaque
710 2725 743 2758 in
768 2725 875 2759 aliena
897 2725 1035 2769 regione
1058 2723 1239 2758 enutritum
1261 2723 1387 2765 voluit,
1421 2736 1464 2758 ne
1487 2725 1547 2769 qui
1568 2725 1708 2760 tenellus

280 2773 374 2809 erat,
407 2780 575 2804 armorum
596 2770 739 2815 strepitu
763 2771 983 2804 territaretur.
1029 2769 1099 2803 Sed
1121 2769 1222 2803 etiam
1244 2769 1454 2813 Polymestor
1475 2770 1569 2814 Ajaci
1591 2769 1708 2803 foedus

280 2812 436 2857 scriptum
463 2815 613 2860 pepigit,
636 2827 672 2851 se
693 2815 828 2850 Priamo
851 2825 948 2861 opem
969 2825 1035 2850 non
1056 2815 1211 2849 laturum.
1255 2813 1337 2849 Inde
1359 2814 1532 2851 discedens
1545 2815 1651 2860 ‚Ajmq
1671 2813 1707 2848 in
