1838 3230
0 190 16 377 ξ

0 449 4 483 Γ
76 449 192 492 urtone
223 462 308 490 σου.

7 502 11 506 ’
187 502 294 544 Ῑόίἆ.
359 498 568 553 cimai-elma>
607 499 881 554 δεκατέσσαρα.
894 503 907 553 ]
948 502 1008 541 Ita
1048 501 1164 541 etiam
1198 498 1289 539 Chr.
1320 498 1532 542 Alexandr.

77 561 278 602 Cedrenus
305 559 422 610 legit,
449 559 798 612 τεσσαρεσκαίδεκα
825 559 903 611 ἔπη
962 558 1241 598 Constantinus
1272 556 1492 597 Manasses:

293 614 382 668 Σήν
400 612 444 655 δὲ
465 616 611 655 κακίαν
633 614 850 667 μυσαχθεὶς
869 614 938 655 καὶ
959 616 1285 668 βεβηλοτροπίαν,

293 667 518 714 Εκκόπτων
539 670 762 720 ’ὑπεξέκοψε
783 687 876 719 τους
895 669 1059 725 χρόνους
1078 674 1150 723 τῆς
1171 672 1273 722 ζωῆς
1293 682 1378 720 σου,

295 728 379 769 Καὶ
395 725 565 797 χρόνους
582 726 803 779 ἕκολόβωσε
823 727 1011 794 τέσσαρας
1028 726 1137 796 πρὸς
1145 724 1239 774 τούς
1263 725 1379 766 δέκα·

563 156 1032 205 ANNOTATIONES.
1432 162 1532 210 637

74 282 185 321 tione
211 279 310 333 legit
335 277 571 332 λευχεὶμων·
597 276 649 316 ad
671 289 790 329 quam
817 276 1027 317 lectionem
1044 280 1219 314 nostram
1250 273 1534 314 emendandam

74 350 296 445 ffinssssopag
325 393 421 436 408·
453 393 518 434 16.
552 386 772 442 ἆπληστίαν
801 388 910 442 σου.]
953 388 1154 428 Cedrenus
1193 386 1332 438 habet,
1371 403 1534 429 κακοπι-

294 784 376 825 Koa
393 781 510 824 ταῦτ’
532 782 676 833 εἰπων,
707 780 907 836 οἷπήλειψε
926 781 1091 832 τούτους
1111 780 1190 824 απὸ
1211 785 1284 824 τοῦ
1302 779 1460 836 χάρτου.

78 886 81 887 ⁷
189 841 419 894 Pag.408.
451 843 514 883 18.
544 840 613 881 καὶ
633 841 855 893 διυπνίσθη
873 842 1123 895 ταραχθείς.]
1155 838 1532 889 Chr‚A1ex.l1abet,

75 889 355 950 κατἀῤῥαγείς·
385 897 583 939 mendose.

184 956 286 1006 Pag-
317 953 412 997 409.
443 956 482 996 3
511 951 679 994 ὄπισθέν
707 968 786 1005 μου
818 949 950 993 ἒλθων
979 952 1145 1006 χοῖρος.]
1176 952 1391 999 sustinum,
1422 950 1533 990 Ana-

76 1009 187 1050 stasii
202 1010 243 1048 in
264 1009 432 1062 impeiio
453 1023 743 1059 successorem,
772 1009 846 1047 ista
873 1015 1030 1048 notant.
1061 1023 1177 1061 quein
1209 1006 1437 1078 συφορβόν,
1466 1023 1536 1047 su-

79 1063 235 1106 bulcum
251 1066 374 1105 fuisse
399 1066 487 1106 vult
505 1068 698 1106 Zonaras.
706 1062 955 1136 Ανερῤήθη
987 1064 1030 1106 δὲ
1061 1062 1246 1134 βασιλευς
1279 1062 1536 1112 Ιουστΐνοςο

80 1119 202 1173 Θρᾶξ,
231 1121 397 1192 γονέων
400 1121 472 1175 μὲν
493 1120 620 1174 ἐκφιῖς
638 1118 806 1189 α’σήμων
825 1122 893 1162 καὶ
911 1119 1102 1175 οῗφανῶν,
1131 1117 1253 1170 αὐτος
1272 1119 1318 1162 τό
1336 1117 1533 1174 ποότερον

78 1176 338 1232 αυτουργοῖν,
367 1196 393 1232 η
377 1175 599 1232 ’“βουκὸλος
617 1194 821 1232 τυγχανων
847 1178 916 1219 καὶ
939 1173 1152 1230 συφορβός.
1211 1178 1323 1216 Certe
1343 1177 1435 1215 loco
1456 1175 1533 1215 hu-

77 1235 185 1285 mili,
213 1236 293 1274 imo
315 1235 480 1275 sordido
500 1243 655 1285 natum,
686 1235 868 1287 agrisque
899 1234 1128 1274 exercendis
1150 1240 1300 1273 tantum
1333 1240 1534 1273 assuetum

77 1292 200 1331 fuisse
219 1305 332 1340 eum,
359 1292 499 1332 asserit
517 1292 758 1345 Procopius,
787 1293 932 1331 Arcan.
952 1292 1097 1330 Histor.

189 1347 415 1401 Peg-409.
456 1352 521 1392 19.
570 1365 628 1390 ων
656 1348 851 1389 ἕνιαυτων
886 1344 1185 1400 ἐννενήκοντα]
1231 1346 1404 1386 Zonaras
1435 1346 1534 1385 dicit

76 1403 323 1445 anastasium
340 1406 538 1457 octoginta
560 1412 651 1444 octo
669 1410 823 1444 tantum
845 1419 967 1444 annos
992 1404 1158 1443 vixisse:
1189 1404 1248 1442 uti
1268 1404 1383 1443 etiam
1404 1410 1443 1443 et
1462 1404 1532 1441 Vi-

77 1467 167 1501 ctor
195 1461 412 1502 Turonens.
468 1461 711 1501 Anastasius
738 1459 956 1514 Imperator
985 1462 1090 1500 intra
1112 1459 1308 1514 palatium
1335 1475 1443 1499 suum
1472 1470 1533 1499 10-

76 1518 292 1558 nitruorum
314 1527 457 1557 terrore
475 1517 669 1574 fugatus,
700 1527 736 1556 et
766 1519 1050 1557 coruscationis
1075 1515 1215 1581 jaculo
1240 1532 1462 1569 percussus,
1492 1517 1535 1554 in

77 1571 281 1622 cubiculo,
311 1588 388 1628 quo
407 1572 620 1613 absconsus
623 1573 788 1629 fuerat
817 1575 1000 1622 moritur,
1030 1584 1066 1612 et
1095 1588 1179 1612 cum
1199 1573 1413 1624 ignominia
1436 1571 1534 1611 abs-

77 1645 152 1684 que
193 1632 383 1669 consuetis
421 1631 597 1684 exequiis
632 1628 688 1668 ad
727 1628 917 1668 tumulum
954 1628 1126 1678 ducitur,
1169 1642 1274 1666 anno
1309 1629 1411 1667 vitae
1440 1642 1534 1666 suae

77 1699 233 1726 xxcux.
289 1685 501 1724 Marcellus
516 1687 622 1725 vitae
640 1685 724 1739 ejus
743 1699 868 1723 anno1
871 1699 936 1724 um
962 1698 1166 1724 numerum
1193 1685 1387 1724 incertum
1409 1684 1532 1724 relin-

79 1742 186 1795 quit5
215 1743 464 1793 octogenario
485 1748 615 1781 tamen
636 1741 823 1794 majorem
844 1742 984 1780 obiisse
1001 1747 1180 1781 testatul.

193 1799 291 1852 Pag.
307 1799 418 1841 ’410
445 1802 484 1841 5.
522 1813 661 1839 οντινα
688 1797 709 1839 ὅ
736 1796 898 1867 στρατός
925 1814 1007 1838 των
1032 1793 1306 1851 φυλαττόντων
1327 1794 1372 1838 τό
1398 1792 1531 1837 παλά-

79 1870 166 1896 τιον
198 1853 374 1896 κελεύσει
409 1857 537 1904 Θεου,
576 1851 902 1907 ἒξκουβιτόρων.]
947 1855 1008 1894 Ita
1047 1856 1160 1895 etiam
1193 1853 1283 1895 Chr.
1311 1852 1529 1894 Alexandr,

77 1912 388 1965 Εξκουβίτορες,
429 1909 710 1957 Excubitores,
748 1911 892 1950 Milites
920 1917 1032 1950 erant
1064 1909 1329 1958 Praetoriani‚
1367 1910 1530 1960 Palatio,

81 1975 198 2020 atque
216 1968 447 2035 Imperatori
467 1968 632 2006 tutando
653 1967 854 2017 destinati,
891 1974 1006 2020 atque
1023 1967 1111 2006 ideo
1134 1968 1158 2010 ὅ
1187 1964 1345 2020 στρατὸς
1366 1969 1447 2007 τῶν
1469 1966 1529 2016 ἐξ·

78 2021 326 2078 κουβιτόρων
352 2030 426 2066 etc.
457 2024 505 2063 ab
534 2025 707 2063 Auctore
735 2024 936 2063 dicuntur.
1004 2025 1162 2064 Graecis
1195 2019 1528 2076 σωματοφύλακες

79 2087 287 2121 vocantur.
345 2081 497 2120 Horum
518 2094 615 2119 vero
636 2082 858 2120 Praefectus
877 2087 962 2120 erat
977 2082 1164 2121 Justinus.
1194 2080 1386 2131 Evagrius
1403 2080 1469 2120 lib.
1485 2079 1526 2121 4.

79 2152 168 2191 cap.
189 2141 227 2180 1.
246 2137 296 2176 de
316 2137 469 2177 Iustino
501 2137 621 2208 Imp.
630 2136 726 2177 haec
748 2137 889 2177 habet:
916 2135 996 2180 νπό
1014 2154 1095 2179 των
1117 2139 1330 2191 βασιλικῶν
1349 2150 1527 2204 σωματο-

80 2191 272 2246 φυλάκων
289 2189 560 2246 αναῤῥηθεὶς,
590 2209 721 2247 ωνπερ
738 2194 803 2234 καὶ
821 2189 962 2246 ἦρχεν,
990 2193 1149 2248 ηγεμαίν
1174 2209 1255 2234 των
1283 2193 1325 2234 ἐν
1349 2195 1400 2247 τῇ
1421 2188 1526 2248 αυλῇ

79 2247 231 2304 τάξεων
250 2247 471 2299 καθεστώς
503 2251 604 2289 infra
622 2251 737 2289 etiam
762 2258 901 2290 nostro
920 2247 1044 2304 κόμης
1061 2246 1344 2303 ἔξκουβιτόρων
1363 2249 1524 2287 dicitur.

192 2305 289 2360 Pog
319 2306 417 2350 410.
444 2311 481 2350 6.
519 2307 744 2360 ἐβασίλευσε
774 2306 817 2348 δὲ
842 2307 907 2360 ἔτη
935 2306 992 2358 θ’,
1021 2309 1088 2349 καὶ
1115 2307 1264 2360 τμέρας
1286 2303 1498 2346 εἰκοσιδύο.
1506 2303 1524 2358 ]

81 2362 218 2403 Victor
239 2365 456 2403 Turonens.
477 2378 602 2402 annos
620 2378 710 2413 vm,
741 2370 779 2403 et
796 2378 944 2404 menses
959 2378 1016 2404 xx.
1035 2365 1229 2404 Justinum
1254 2375 1437 2413 regnasse
1464 2375 1528 2400 as-

82 2419 197 2458 serit-2
225 2419 327 2459 sorte
354 2420 404 2460 de
433 2435 624 2460 annorum
654 2434 817 2460 numero
849 2421 991 2474 quibus
1014 2422 1122 2460 solus
1149 2419 1356 2470 imperavit
1380 2418 1525 2457 intelli-

82 2475 232 2526 gendus
257 2483 334 2516 est:
364 2490 454 2516 cum
486 2479 587 2517 enim
617 2478 791 2517 ‚Iustinus
822 2492 945 2517 annos
973 2484 1084 2526 octo,
1114 2489 1266 2515 menses
1289 2488 1456 2523 novem,
1488 2479 1526 2512 ct

82 2531 169 2571 dies
190 2538 269 2571 tres
292 2541 509 2584 regnasset,
538 2534 798 2574 Justinianum
823 2535 971 2574 sororis
996 2534 1119 2572 filium
1146 2534 1187 2571 in
1213 2531 1374 2584 Imperii
1400 2532 1524 2570 socie-

80 2594 202 2627 tatem
221 2588 406 2630 adscivit.
435 2597 481 2629 ut
504 2591 694 2643 Evagrius
722 2597 909 2640 testatur,
939 2590 1007 2631 lib.
1028 2590 1068 2631 4.
1097 2603 1181 2641 cap-
1203 2591 1240 2630 9-
1297 2588 1328 2625 P
1331 2593 1393 2626 0⁸¹²
1417 2586 1527 2639 (10οἆ

80 2650 237 2696 tempus
265 2658 416 2685 menses
445 2647 561 2686 etiam
594 2654 765 2700 quatuor
788 2647 1006 2701 superfuit,
1035 2652 1079 2684 ut
1110 2660 1159 2685 ex
1188 2643 1325 2684 eodem
1357 2643 1523 2695 Evagrio

81 2700 293 2751 discimus,
321 2701 410 2742 loco
438 2704 580 2754 citat03
620 2704 690 2743 ubi
722 2705 838 2745 etiam
872 2718 960 2743 eum
986 2716 1107 2742 annos
1137 2716 1182 2741 ix
1211 2701 1404 2751 integros,
1434 2713 1523 2738 cum

80 2757 208 2796 tribus
228 2763 380 2797 tantum
405 2758 562 2809 (liebus,
592 2774 771 2826 regnasse
803 2761 987 2800 affirmat:
1023 2759 1098 2798 sibi
1126 2758 1276 2797 scilicet
1304 2756 1379 2796 hac
1406 2756 1449 2795 in
1477 2770 1521 2795 re

80 2826 226 2866 parum
247 2820 441 2857 constans.
496 2816 586 2856 Julii
616 2819 718 2857 enim
748 2818 812 2858 die
835 2831 901 2870 1x,
937 2816 1061 2856 Aerae
1086 2813 1353 2855 Antiochenae
1381 2826 1519 2852 nnxvx.
