1838 3230
293 193 394 240 416
687 191 975 237 IOANNIS
1003 195 1343 240 MALALAE

293 308 442 365 ἐγένετο
464 309 549 353 ἀντ’
572 310 699 354 αὐτοῦ
711 307 945 368 Εὖφράσιος
967 310 988 355 ὅ
1009 311 1346 371 Ἱεροσολυμίτης,
1360 314 1472 368 ὅστις
1487 317 1612 374 μέγαν
1626 319 1738 363 ἑποί-

243 387 245 390 ’
291 394 364 433 ησε
391 378 566 434 διωγμὸν
586 379 690 421 κατὰ
711 383 792 421 τῶν
811 380 1031 435 λεγομένων
1056 381 1308 437 ὄρθοδόξων,
1329 385 1505 435 πολλοὺς
1523 377 1736 442 φονεύσας.

389 445 456 496 Ἐν
476 447 520 488 δὲ
540 453 627 495 τοΐς
649 446 789 496 αὐτοῖς
811 445 974 501 χρόνοις
1000 449 1046 492 τὸ
1068 450 1238 493 Βένετον
1267 452 1391 506 μέρος
1416 454 1457 495 ἒν
1478 452 1630 504 πάσαις
1647 458 1739 505 ταῖς

143 519 176 554 0
205 521 268 556 139
293 511 454 556 πόλεσιν
473 512 657 568 ἦτάκτει,
695 516 761 556 καὶ
785 513 1011 572 ἐτάρασσον
1031 517 1105 567 τὰς
1133 516 1267 568 πόλεις
1305 525 1526 574 λιθασμοῒς
1567 523 1738 571 nahta-

292 583 511 636 ταβασίαις
554 584 619 624 καὶ
658 580 819 638 φόνοις’
867 582 1086 639 ἕπήρχοντο
1124 586 1201 642 γὰρ
1241 589 1307 629 καὶ
1348 595 1433 637 τοῖς
1471 588 1577 631 κατὰ
1620 588 1771 636 πόλινό

293 650 508 706 ἄρχουσιν,
547 648 763 706 ἀρξάμενοι
781 650 860 693 ἀπὸ
880 656 952 693 τοῦ
981 655 1219 705 Βυζαντίου.
1298 660 1430 698 ταῦτα
1451 658 1496 699 δὲ
1515 655 1740 714 &nouit-cmv-

293 735 340 760 το
389 717 461 767 ἕως
491 721 563 771 τῆς
586 719 797 773 γενομένης
816 725 1055 775 προαγωγῆς
1071 726 1145 777 τῆς
1167 724 1208 764 ἓν
1230 723 1659 768 Κωνσταντινουπόλει
1674 738 1742 781 ’γε-

293 785 464 839 νομένου
489 784 695 828 Θεοδότου
724 784 908 842 ὑπάρχου
929 786 1105 842 πόλεως,
1142 795 1215 832 τοῦ
1237 790 1316 834 ἀπὸ
1339 790 1526 847 κομήτων
1546 797 1620 848 τῆς
1638 792 1740 836 ἂνα-

293 857 437 907 τολῆς·
474 852 585 904 ὅστις
602 853 840 911 προεβλήθη
867 856 928 896 ἐπὶ
950 861 1022 912 τῆς
1049 855 1212 912 πρώτης
1231 860 1498 912 ἲνδικτιῶνος,
1531 862 1598 902 καὶ
1621 876 1741 903 κατε-

245 928 247 930 ’
295 920 539 964 δυνάστευσε
579 926 651 977 τῆς
684 924 960 980 δημοκρατίας
995 929 1077 967 τῶν
1108 927 1363 980 Βυζαντίων,
1408 926 1740 983 τιμωρησάμενος
1752 936 1796 970 10

243 995 272 1029 Β
296 990 470 1040 πολλοὺς
503 994 585 1032 τῶν
617 989 801 1033 ἀτάκτων
843 992 948 1033 κατὰ
980 992 1156 1035 >edievam
1185 998 1258 1036 τοῦ
1279 996 1479 1046 βασιλέως
1504 995 1738 1039 Ἶουστίνου.

295 1059 337 1099 ἓν
358 1056 417 1107 οἷς
439 1056 680 1112 συνελὰβετο
713 1057 934 1102 Θεοδόσιόν
953 1078 1066 1112 τινα,
1104 1061 1174 1104 τὸν
1203 1063 1364 1118 ἐπίκλην
1391 1061 1592 1116 Ζτικκοίν,
1630 1062 1742 1113 ὅστις

296 1126 338 1167 ἓν
361 1130 490 1182 πολλῇ
513 1126 678 1186 εὐπορία
698 1125 867 1182 ὑπῆρχε,
889 1130 954 1169 καὶ
975 1133 1026 1185 τῇ
1045 1129 1136 1188 ἀξίᾳ
1158 1129 1213 1172 ὢν
1241 1129 1516 1187 ἴλλούστριος,
1553 1132 1620 1173 καὶ
1644 1135 1742 1174 τοῦ-

295 1211 368 1235 τον
402 1193 660 1248 αὐθεντήσας
690 1195 838 1248 ἀνεῖλε,
874 1196 932 1249 μὴ
963 1196 1174 1252 ἀναγαγών
1204 1203 1262 1256 τῷ
1293 1203 1463 1253 βασιλεῖ.
1540 1201 1607 1242 καὶ
1640 1198 1743 1253 ἄγα-

295 1263 512 1317 νακτηθεὶς
554 1260 632 1305 ὖπὸ
666 1267 738 1305 τοῦ
765 1264 963 1316 βασιλέως
999 1264 1163 1320 ἐπαύθη
1198 1270 1272 1320 τῆς
1308 1267 1436 1324 ἀρχῆς
1475 1268 1543 1308 καὶ
1585 1264 1740 1319 ἆπεζῶ-
1753 1269 1796 1304 15

293 1334 381 1383 σθη
412 1334 486 1384 τῆς
518 1329 655 1382 ἀξίας,
703 1333 931 1380 κελευσθεὶς
963 1333 1139 1382 ἐξελθεῖν
1174 1334 1235 1374 ἐπὶ
1264 1334 1339 1389 τὴν
1382 1332 1594 1389 ἀνατολήν.
1674 1336 1742 1377 καὶ

292 1397 396 1452 μετὰ
429 1397 475 1440 τὸ
515 1403 759 1453 καταλαβεῖν
790 1398 914 1441 αὐτὸν
946 1399 1021 1454 τὴν
1059 1400 1261 1456 ἀνατολὴν
1303 1401 1422 1458 ἔφυγε
1456 1403 1658 1459 φοβηθεὶς
1700 1403 1742 1443 ἓν

292 1469 344 1522 τῇ
366 1467 481 1522 τρίτῃ
497 1468 732 1520 ῗνδικτιῶνι,
770 1467 1014 1523 προσφυγὼν
1038 1469 1079 1510 ἓν
1097 1467 1413 1525 Ἱεροσολύμοις,
1450 1471 1515 1511 καὶ
1534 1467 1741 1525 ἀπεκρύβη

294 1534 391 1575 ἐκεῖ·
428 1535 495 1575 καὶ
515 1533 596 1576 ἄντ’
619 1534 746 1578 αὐτοῦ
768 1533 960 1592 προήχθη
989 1535 1164 1593 ἔπαρχος
1192 1535 1347 1587 πόλεως
1376 1535 1591 1594 Θεόδωρος
1616 1534 1638 1580 ὃ
1660 1536 1740 1579 ἀπὸ

289 1599 478 1654 ὑπάτων,
526 1600 547 1644 ὅ
586 1603 748 1658 ἐπίκλην
782 1601 1033 1658 τηγανιστής.
1122 1603 1314 1660 προήχθη
1356 1606 1401 1647 δὲ
1451 1605 1493 1647 ἓν
1523 1604 1797 1664 Ἀντιοχείᾳὲο

290 1668 528 1725 Ἐφραίμιος
572 1668 592 1712 ὃ
624 1669 860 1726 Ἀμιδηνός·
899 1669 1009 1721 ὅστις
1028 1671 1251 1726 ἠγωνίσατο
1286 1673 1391 1715 κατὰ
1421 1676 1503 1715 τῶν
1532 1675 1742 1728 δημοκρα-

293 1735 474 1780 τούντων
503 1738 705 1782 Βενὲτων·
740 1741 807 1782 καὶ
833 1739 974 1782 λοιπὸν
994 1737 1195 1795 ἡσύχασεν
1224 1738 1248 1794 ἦ
1283 1741 1536 1798 δημοκρατία
1565 1744 1638 1783 τοῦ
1660 1743 1742 1782 Βε-

382 1848 415 1882 7.
439 1845 634 1891 γευομένου
657 1845 832 1882 delendum
854 1847 1000 1884 videtur.
1068 1849 1101 1885 8.
1126 1845 1317 1895 ὑπάρχον]
1349 1846 1509 1896 ἐπάρχου
1533 1847 1596 1883 Ch.
1655 1847 1740 1884 ibid.

385 1890 574 1938 κομήτων]
597 1894 766 1938 κομητῶν
789 1894 857 1928 ΟΧ.

295 1986 388 2028 quus
409 1984 444 2019 in
468 1986 575 2020 locum
597 1987 805 2032 Euphrasius
828 1988 1153 2033 Hierosolymitanus
1175 1989 1334 2025 suffectus
1357 1993 1426 2025 est:
1467 1989 1526 2035 qui
1549 1993 1584 2024 et
1614 1988 1739 2023 Ortho-

296 2031 420 2108 doazps,
444 2042 526 2076 quos
549 2038 692 2075 vocant,
714 2033 867 2078 graviter
889 2039 1088 2080 persecutus
1111 2039 1182 2078 est,
1218 2035 1367 2080 plurimis
1398 2047 1512 2070 eorum
1541 2034 1642 2070 etiam
1663 2032 1740 2067 neci

295 2080 352 2109 tra
376 2074 441 2109 itis.

386 2120 507 2154 Iisdem
529 2123 734 2166 temporibus
757 2125 891 2158 Veneta
914 2124 1033 2159 Factio
1058 2125 1292 2160 commotiones
1313 2126 1439 2171 ubique
1470 2136 1533 2171 per
1553 2124 1655 2158 urbes
1678 2134 1739 2157 ex-

295 2165 444 2207 citabat,
467 2166 764 2211 Lapidationibus,
795 2170 1005 2211 tumultibus,
1039 2172 1288 2216 caedibusque,
1320 2171 1429 2206 omnia
1450 2170 1599 2204 miscens.
1647 2168 1739 2209 Quin

296 2216 332 2245 et
355 2211 512 2245 adversus
535 2212 666 2246 urbium
690 2214 790 2248 etiam
813 2217 1005 2260 praefectos
1027 2216 1154 2260 ubique
1176 2217 1394 2261 insurgebant
1417 2215 1580 2259 [Veneti,]
1606 2213 1740 2248 initium

294 2255 485 2291 rebellionis
509 2268 529 2290 a
552 2257 845 2304 Constantinopoli
867 2265 1042 2297 sumentes.
1097 2262 1172 2295 Nec
1203 2263 1375 2296 desierunt
1396 2261 1653 2301 tumultuantes»,
1684 2271 1740 2293 us-

295 2312 362 2345 que
385 2301 462 2336 dum
486 2302 702 2343 Theodotus,
734 2316 884 2339 excomes
909 2306 1079 2348 Orientis,
1114 2307 1189 2340 urbi
1213 2308 1411 2341 Praefectus
1444 2305 1643 2339 constitutus
1665 2305 1740 2338 fue-

295 2346 360 2387 rit,
386 2347 477 2391 quod
500 2348 627 2382 factum
650 2352 700 2382 est
722 2349 909 2384 Indictione
931 2352 1055 2386 Prima.
1100 2352 1167 2386 Hic
1187 2352 1302 2396 itaque
1327 2350 1600 2385 insurrectionem
1623 2349 1741 2394 populi

295 2391 479 2434 Byzantini
502 2393 721 2438 compescuit,
745 2395 975 2430 seditiosorum
999 2396 1186 2441 permultis,
1208 2396 1424 2441 Imperatoris
1447 2396 1550 2440 ipsius
1573 2406 1615 2429 ex
1634 2395 1739 2438 jussu,

294 2436 330 2471 in
353 2437 552 2482 supplicium
575 2437 714 2473 adactis.
768 2440 862 2473 Inter
884 2452 966 2485 quos
989 2453 1062 2475 cum
1087 2441 1312 2476 Theodosium
1335 2441 1520 2486 quendam,
1545 2439 1739 2484 cognomine

294 2481 468 2524 zticcam,
490 2484 598 2517 virum
621 2484 910 2529 locupletissimum
934 2491 970 2519 et
992 2486 1158 2531 dignitate
1180 2487 1365 2528 Illum-em,
1399 2498 1421 2520 a
1452 2498 1489 2520 se
1518 2485 1739 2531 comprehen-

296 2538 390 2568 sum,
413 2538 480 2562 non
504 2533 683 2574 expectato
707 2529 921 2575 Imperatoris
944 2531 1130 2573 Mandato,
1153 2532 1225 2577 ipse
1247 2531 1434 2566 autoritate
1458 2530 1597 2576 propria
1618 2532 1737 2572 fretus,

296 2571 371 2605 neci
395 2572 552 2614 dedisset,
575 2574 638 2608 hoc
661 2575 696 2608 in
720 2587 759 2609 eo
782 2586 848 2609 non
871 2576 982 2609 ferens
1010 2577 1218 2621 Imperator,
1256 2576 1462 2622 Magistratu
1493 2587 1569 2611 eum
1599 2575 1740 2610 abdica-

296 2616 369 2658 vit,
401 2622 436 2650 et
458 2619 637 2653 honoribus
660 2625 813 2662 exutum,
844 2620 880 2654 in
903 2621 1078 2655 Orientem
1101 2620 1285 2665 ablegavit.
1339 2622 1417 2663 Quo
1441 2633 1514 2656 cum
1536 2620 1737 2661 advenisset,

297 2661 341 2695 de
363 2661 469 2696 salute
491 2675 550 2698 sua
571 2665 710 2699 necdum
742 2667 823 2701 satis
844 2677 999 2707 securus,
1044 2667 1158 2711 fugam
1180 2667 1259 2700 inde
1290 2667 1454 2712 capessit,
1491 2666 1680 2700 Indictione
1701 2665 1737 2706 3,

298 2710 333 2740 et
355 2707 618 2752 Hierosolymam
641 2711 797 2752 veniens,
830 2711 879 2745 ibi
899 2710 1045 2745 delituit.
1090 2713 1131 2745 In
1153 2711 1261 2746 locum
1286 2724 1368 2746 vero
1390 2712 1504 2752 istius,
1537 2711 1738 2746 Theodorus

297 2751 484 2794 Exconsul,
509 2760 728 2799 cognomento
753 2756 974 2801 Teganistes,
1008 2756 1085 2791 urbi
1105 2757 1303 2791 Praefectus
1328 2757 1527 2792 constitutus
1550 2760 1611 2790 est.
1658 2758 1738 2790 ‹An-

298 2795 446 2831 tiochiae
469 2809 549 2833 vero
574 2800 771 2835 Praefectus
793 2806 844 2836 est
866 2801 1099 2847 Qhraemius,
1122 2802 1317 2840 Amidenus:
1342 2803 1403 2848 qui
1426 2803 1630 2837 Venetarum
1652 2801 1737 2834 Par-

298 2840 381 2875 tium
402 2843 593 2880 tumultibus
616 2846 747 2882 obviam
769 2848 891 2890 eundo,
913 2859 1020 2894 usque
1041 2848 1128 2884 adeo
1151 2848 1301 2884 coercuit
1321 2859 1400 2891 eos,
1423 2851 1463 2883 ut
1488 2846 1736 2893 acquiescentes
