1838 3230
588 156 668 201 ΑΝ
669 157 708 201 Ν
712 153 1059 200 OTATIONES.
1454 154 1555 205 653

39 323 42 329 Ι
207 273 312 329 Peg.
339 274 438 321 458.
468 278 508 319 7.
544 269 770 326 ἆναστῆναί
786 271 855 325 με]
888 270 997 310 Haec
1026 269 1157 322 Legati
1184 269 1314 324 ipsius
1332 269 1455 311 verba
1475 283 1560 310 esse

26 332 43 355 ‘¹
93 329 296 372 videntur.

203 391 304 441 Peg.
333 388 428 432 458.
462 389 528 430 17.
569 384 595 428 ὅ
622 382 810 438 βασιλεύς
838 385 972 425 Ινδῶν
1000 380 1226 438 Ελεσβόας]
1266 385 1396 438 Supra
1419 385 1558 433 Ανδας

27 443 43 477 ἰ
93 449 262 486 vocatur
277 445 362 483 Rex
383 444 457 483 iste
478 443 793 483 Auxumiturum.

0 503 14 551 ἓ
207 502 304 554 Pag·
333 503 433 544 458.
464 503 531 542 21.
560 498 628 540 καὶ
658 498 911 550 ἐκπορθῆσαι
933 500 1068 539 πᾶσαν
1090 498 1190 548 etc.]
1222 492 1446 538 ἀσύντακτα
1466 502 1558 535 sunt

0 567 17 629 ᾗ
90 557 181 598 ista.
236 557 355 596 Forte
375 555 627 596 scribendum
639 555 972 609 ,,ἐκπορθοῦντα.

3 613 27 642 ⁹·
202 611 298 667 Pag
329 613 425 657 459.
454 614 494 655 4.
523 611 787 664 κατεπέμφθη
804 610 936 663 δέησις
954 609 1063 664 παροῖ
1085 610 1347 663 Θευδερίχου]
1380 610 1557 650 scriben-

0 640 21 762 ζ
46 671 48 674 ’
93 669 188 709 dum
215 670 328 710 Ιὶλδε
331 670 463 724 ρίχου,
492 669 551 707 uti
575 682 625 707 ex
647 668 903 719 sequentibus
932 675 1059 720 patet:
1089 668 1154 706 vel
1179 669 1315 720 potius
1338 668 1554 722 Ιλδερίχου,

92 725 154 765 uti
169 726 388 779 Procopius
409 725 549 772 habet,
579 725 628 764 de
649 726 746 763 Bell.
769 725 932 763 Vandal.
954 725 1022 765 lib.
1046 727 1082 766 1.

208 785 307 836 Peg.
337 783 431 826 459.
452 785 492 824 6.
520 781 587 822 καὶ
607 778 782 834 πόλεμον
796 785 874 821 τῶν
889 781 1167 835 Μαυρουσίων
1185 795 1286 821 κατα
1305 782 1385 820 τῶν
1400 782 1556 831 Λφρῶν

93 837 403 893 συμβαλόντων]
434 839 546 886 Quos
567 839 718 877 Auctor
736 838 855 877 Afros
873 845 1005 888 vocat,
1035 837 1202 876 Vandali
1220 843 1333 885 sunt3
1364 837 1432 887 qui
1453 837 1558 874 Afri-

93 909 180 935 cam
209 895 288 935 hoc
317 902 497 950 tempore
528 895 569 933 111
601 901 794 947 potestate
826 909 896 933 sua
926 894 1162 933 habuerunt.
1230 893 1419 932 Maurusii
1443 906 1555 943 vero,

93 953 163 1005 qui
200 959 241 992 et
267 953 395 991 Mami
439 952 537 991 dicti
569 958 681 1001 sunt,
720 958 850 990 oitum
884 952 1085 990 duxeruut
1114 965 1135 988 a
1171 949 1434 989 Phoenicibus
1459 950 1553 994 illis,

91 1009 308 1048 Israelitico
336 1009 594 1048 Palaestinam
630 982 862 1058 invadente,
903 1008 1061 1047 sedibus
1097 1007 1274 1059 propriis
1301 1007 1474 1055 relictis,
1512 1006 1556 1044 in

92 1066 263 1108 Africam
284 1079 324 1104 se
337 1066 611 1114 contulerunt3
634 1065 703 1103 ubi
726 1079 815 1104 arce
836 1070 1063 1103 constructa
1083 1064 1285 1102 columnas
1300 1064 1399 1101 duas
1422 1075 1557 1102 erexe-

91 1130 207 1173 iunt,
238 1122 382 1174 quibus
404 1122 538 1174 lingua
556 1094 770 1161 Plioenicia
795 1122 895 1161 haec
920 1122 1223 1174 insciipserunt.
1286 1123 1412 1172 Ημεῖς
1437 1116 1556 1170 ἐσμὲν

93 1179 136 1221 οἱ
161 1176 350 1233 φυγόντες
381 1175 458 1220 οἷπὸ
485 1175 704 1234 προσώπου
738 1182 863 1231 Ιησοῦ
889 1181 964 1219 τοῦ
991 1180 1140 1233 λῃστοῦ
1159 1176 1256 1217 υἷοῦ
1276 1178 1414 1228 Ναυῆ.
1471 1176 1554 1214 Nos

92 1249 230 1275 sumus
255 1236 321 1288 qui
349 1236 520 1287 sugimus
550 1250 573 1274 a
599 1235 700 1275 facie
721 1235 814 1275 Jesu
839 1235 1053 1289 praedonis
1083 1234 1215 1273 Navae
1243 1233 1288 1273 F.
1314 1233 1484 1285 Procop.
1505 1232 1555 1271 de

90 1293 191 1332 Bell.
214 1293 380 1334 vandal.
396 1292 463 1331 lib.
485 1297 525 1336 2.

207 1351 304 1403 Pag.
331 1348 426 1394 459.
457 1352 496 1392 8-
523 1345 746 1402 Λεπτωμᾶ,
773 1347 842 1389 καὶ
863 1344 1051 1401 Σαβαθα,
1081 1345 1148 1387 καὶ
1164 1362 1208 1387 το
1200 1342 1416 1399 ’Βιζοὶκιν]
1453 1345 1556 1384 scri-

90 1405 144 1446 bo
166 1364 371 1457 Βιζᾶλιον,
403 1419 453 1444 ex
479 1405 702 1458 Procopio,
733 1404 782 1444 de
815 1405 954 1444 Justin.
1014 1404 1142 1443 Aedif.
1169 1404 1238 1444 lib.
1265 1407 1302 1445 6.
1336 1403 1407 1440 ubi
1436 1403 1554 1441 etiam

90 1460 396 1517 Λεπτιμαγνοῖν,
437 1467 478 1502 et
506 1459 732 1516 Σαβαθροῖν
760 1462 865 1502 inter
895 1461 1051 1501 Africae
1078 1461 1196 1499 urbes
1225 1465 1424 1509 recenset3
1457 1472 1556 1510 quas

92 1519 248 1560 easdem
267 1533 350 1559 esse
367 1524 467 1572 puto
489 1532 578 1558 cum
601 1518 737 1558 Nostri
758 1516 982 1589 Λεπτωμοέ,
1015 1525 1054 1557 et
1077 1514 1265 1586 Σαβαθα.

207 1579 302 1630 Pag-
331 1577 427 1619 459.
457 1579 527 1618 20.
566 1575 635 1616 καὶ
654 1571 847 1617 ἀπέλυσεν
866 1572 1014 1623 αὐτους
1036 1570 1125 1627 μεθ’
1142 1571 1320 1626 ὕβρεως]
1350 1572 1471 1610 Forte
1495 1572 1555 1610 le-

92 1632 283 1685 gendum,
314 1628 459 1682 αυτόν,
490 1638 536 1670 ut
558 1632 728 1683 Legato,
763 1633 833 1703 qui
854 1632 994 1670 unicus
1013 1637 1118 1679 erat,
1151 1630 1282 1682 aptius
1303 1628 1526 1669 conveniat.

206 1688 429 1742 Pag.460.
462 1692 498 1730 1.
528 1686 630 1739 πρός
655 1703 726 1728 τον
756 1690 861 1740 ρῆγα
891 1685 1172 1740 Αθαλάριχον]
1204 1686 1422 1738 Procopius
1447 1684 1555 1723 hunc

92 1751 211 1786 vocat
239 1740 499 1798 Αταλᾶριχον.
564 1745 657 1783 Erat
693 1743 760 1783 hic
786 1744 1024 1783 Theuderici
1059 1741 1203 1798 (quem
1237 1743 1387 1781 Auctor
1418 1748 1555 1781 noster

94 1816 216 1856 supra
239 1801 549 1840 Valemeriacum
570 1799 638 1839 hic
656 1800 958 1852 Alemeriacum‚
987 1800 1116 1839 nescio
1135 1813 1212 1852 qua
1232 1813 1363 1850 causa,
1392 1806 1510 1838 vocat
1512 1796 1552 1854 ,)

93 1873 144 1898 ex
164 1856 466 1898 Amalasuemha
483 1857 560 1896 filia
584 1871 720 1910 nepos.

204 1914 303 1969 Pog.
333 1914 516 1958 461.11.
547 1913 645 1967 ε’χων
665 1909 762 1967 μεθ’
780 1913 925 1955 ἑαυτοῦ
939 1912 1006 1955 καὶ
1027 1909 1181 1967 βᾶνδον
1200 1910 1422 1967 βασιλικὸν]
1452 1908 1550 1966 βάν-

94 1973 167 2015 δον
189 1946 397 2012 Vexillum
419 1977 495 2021 est,
526 1977 570 2010 ut
595 1971 754 2010 Eruditi
776 1971 922 2023 ubique
940 1985 1012 2009 nos
1032 1976 1202 2010 monent.

207 2027 426 2082 Pag.461.
459 2031 523 2070 13.
560 2025 627 2068 δια
657 2030 730 2068 τοῦ
763 2028 974 2080 Κιρκισίου
1001 2025 1152 2078 ἐλθών]
1186 2026 1416 2081 Κιρκισίον,
1446 2026 1549 2065 scri-

93 2085 152 2125 bit
168 2084 410 2138 Procopius.
441 2091 525 2123 erat
550 2091 681 2123 autem
702 2085 914 2123 Castellum
937 2086 1203 2123 Romanorum
1229 2083 1548 2134 munitissimum,

94 2143 136 2181 in
155 2143 339 2182 extremis
354 2141 515 2194 imperii
533 2141 700 2191 sinibus,
731 2141 851 2180 altera
868 2140 1082 2194 Euphratis
1101 2147 1211 2193 parte
1231 2141 1364 2179 situm.

209 2197 430 2252 Pag.461.
472 2202 537 2242 16
585 2193 774 2238 οἷπελθων
800 2199 857 2246 εἰς
893 2198 1138 2251 συμμαχίαν]
1179 2198 1298 2236 Forte
1325 2196 1547 2249 legendum,

95 2251 277 2310 ἀπῆλθεν
296 2270 324 2296 ε.
344 2267 379 2296 σ.
404 2268 540 2294 sensus
560 2255 664 2294 enim
680 2254 794 2293 aliter
812 2256 1067 2307 imperfectus
1090 2261 1161 2294 est.

207 2315 302 2366 Pag·
328 2310 423 2355 461.
453 2315 521 2355 20.
554 2311 642 2364 ε’χον
661 2311 975 2379 παρακείμενον]
1006 2311 1279 2377 5ο1.ε’.χοντος

207 2371 301 2422 Pag-
329 2368 426 2411 461·
456 2372 521 2411 21.
550 2368 662 2422 πέριξ
687 2371 760 2409 τοῦ
781 2365 986 2420 φοσσάτου
1014 2364 1222 2422 τριβόλους
1249 2367 1457 2420 σιδηρους]
1489 2367 1546 2406 De

95 2424 259 2464 Fossam
278 2438 399 2476 supra
422 2385 622 2473 ᾶίκίωυερ
645 2423 696 2463 ad
721 2425 791 2464 lib.
814 2429 878 2468 12.
935 2426 1120 2465 Tribulus
1141 2438 1236 2463 vcro
1259 2430 1343 2463 erat
1367 2422 1546 2462 machina

97 2481 291 2533 quaedam
323 2481 471 2533 figurae
506 2482 776 2533 triangularis,
815 2495 867 2522 ex
895 2488 1067 2534 quatuor
1096 2482 1221 2519 acutis
1254 2480 1375 2519 clavis
1403 2479 1485 2518 feri
1489 2493 1545 2517 eis

96 2544 297 2587 constans,
334 2538 389 2578 ita
416 2539 666 2592 compositiS,
702 2545 749 2577 ut
784 2553 1018 2591 quacunque
1053 2538 1337 2590 projiceretur,
1377 2542 1544 2575 erectam

97 2607 252 2647 semper
278 2594 481 2647 cuspidem
512 2609 630 2635 unam
656 2595 836 2647 haberet,
866 2602 983 2648 atque
1010 2595 1089 2633 hoc
1115 2594 1235 2632 modo
1263 2592 1542 2644 impedimento

95 2656 181 2691 erat
209 2656 290 2689 tum
309 2651 507 2703 peditum,
546 2659 630 2691 tum
656 2652 832 2705 equitum
857 2651 1159 2691 incursionibus.
1223 2650 1375 2689 Horum
1398 2648 1544 2688 descri-

95 2707 271 2760 ptionem
293 2715 514 2747 accuratam
534 2708 722 2749 habemus
751 2709 858 2762 apud
875 2708 1123 2775 Procopium,
1158 2706 1312 2746 Gothic.
1328 2706 1396 2745 lib.
1417 2710 1455 2749 3.
1477 2706 1539 2744 his

95 2763 242 2804 verbis.
301 2764 354 2805 Οἱ
380 2762 424 2805 δὲ
441 2765 617 2834 τρίβολοι
650 2767 796 2807 τοιοίδε
815 2765 933 2806 εἰσίν·
963 2760 1165 2806 σκολόπων
1184 2760 1376 2832 τεττάρων
1395 2759 1539 2816 ἰσομή-

96 2835 179 2862 κων
193 2816 359 2875 μάλιστα
375 2836 423 2862 τα
441 2819 584 2863 οπισθε
603 2820 704 2877 πρός
727 2820 873 2875 α’λληλα
897 2817 1208 2876 ἔναρμοσᾶμενοι
1226 2817 1420 2875 τριγώνου
1441 2820 1535 2874 σχῆ-
