1852 3236
309 161 406 188 xxu
801 138 1197 185 PROLEGOMEN
1200 140 1249 183 A.

311 256 370 295 Ab
396 253 535 296 Isaaco
569 255 704 296 Tzeize
731 255 775 294 in
799 255 896 295 locis
923 255 1076 294 duobus
1112 252 1358 295 Scholiorum
1386 254 1428 293 in
1458 252 1752 309 Lycophronem

311 324 544 374 advocatum
573 323 614 361 in
631 325 757 377 primo
774 322 839 377 l)‚
870 323 918 362 de
931 324 1081 363 ratione
1102 337 1172 362 cur
1192 322 1367 374 Cecropi,
1383 321 1490 373 Regiv
1500 321 1752 372 Athenarum,

310 405 451 429 nomen
476 388 637 443 Διφυής
667 391 788 429 fuerit
818 391 1066 442 impositum5
1097 390 1206 442 quod
1232 403 1321 428 cum
1351 395 1440 428 ante
1457 389 1752 442 ejusrtemporzn

311 457 492 510 conjugio
518 458 626 495 nullo
654 458 761 509 apud
787 458 936 498 Atticos
954 458 1074 508 inito,
1102 459 1235 496 Pau-es
1256 470 1346 495 suos
1372 470 1452 495 non
1469 461 1677 495 noscerent
1697 455 1756 494 Li-

308 525 416 574 beri,
447 525 532 574 ille,
561 525 646 574 lege
673 524 721 563 de
750 525 898 576 nuptiis
927 525 1095 575 sancita,
1125 524 1317 574 effecerit,
1346 530 1392 562 ut
1414 537 1492 562 non
1514 523 1642 562 solum
1662 523 1757 562 Ma-

310 602 384 630 tres
406 592 475 630 sed
501 598 539 631 et
568 594 699 631 Patres
725 602 817 630 suos
845 598 1134 642 cognoscerent.
1190 594 1314 632 ταῦτα
1334 593 1433 646 γοῦν
1451 586 1575 632 αὐτὸν
1599 588 1756 644 λέγουσι.

310 661 471 711 Διφυῆ,
506 656 536 710 ἢ
573 657 625 706 ὥς
655 653 772 711 εὖρον
805 658 847 699 ἓν
877 655 1033 714 Ιωοὲννῃ
1054 663 1254 711 Αντιοχεῖ,
1286 655 1346 699 ὅτι
1373 655 1565 712 πρότερον
1583 662 1654 697 etc.
1710 656 1757 695 In

312 727 432 764 altero
449 723 497 780 2)
528 724 577 763 de
594 722 778 764 Palladio
801 725 968 778 Trojano
992 726 1039 764 ab
1067 727 1158 765 Asio
1192 725 1365 778 quodam
1385 724 1656 764 Mathemafico
1682 725 1758 763 Te-

310 793 506 831 lesmatice
531 791 732 841 confecto,
763 800 801 831 et
818 794 912 844 Regi
934 793 1028 832 Troi
1046 793 1093 831 ab
1119 793 1254 832 eodem
1271 793 1437 841 donato,
1465 799 1524 843 ut,
1551 805 1669 844 quam
1688 791 1759 830 diu

310 861 352 898 in
373 860 470 898 urbe
489 859 605 912 Troja
624 867 868 910 servaretur,
898 860 1216 912 inexpugnabilis
1243 874 1287 900 ea
1311 867 1473 911 tutaque
1498 866 1755 914 permaneret.

310 927 420 965 Illius
450 925 572 965 verba
601 927 644 964 in
677 927 848 966 medium
885 927 952 967 hic
987 929 1184 966 adducere
1227 941 1306 966 non
1341 928 1634 969 incommodum
1671 928 1756 967 erit.

313 989 495 1045 Ῑωοὶννης
526 994 568 1033 δὲ
597 992 623 1034 ὅ
642 993 855 1046 Αντιοχεύς
885 992 958 1036 οὐκ
988 996 1028 1045 ἐξ
1058 992 1232 1049 ου’ρανοῦ
1255 994 1355 1048 λέγει
1379 999 1513 1036 πεσεῖν
1539 993 1584 1037 τὸ
1603 993 1760 1038 Παλλά-

312 1062 421 1110 διον,
449 1058 639 1114 Ασιονθ)
670 1061 713 1101 δέ
753 1077 842 1102 τινα
882 1059 1108 1114 φιλόσοφον
1145 1059 1424 1115 μαθηματικὸν
1454 1065 1569 1104 τοῦτο
1594 1065 1762 1115 ποιῆσαι

313 1126 539 1182 ὥροσκοπίᾳ
565 1129 767 1183 καλλίστῃ,
800 1128 855 1176 εἰς
885 1127 929 1169 τό
958 1126 1193 1182 ἀπόρθητον
1226 1125 1327 1169 εἶναι
1354 1126 1428 1181 τήν
1453 1125 1571 1171 πόλιν
1590 1129 1759 1182 ἐκείνην,

313 1195 413 1235 ἔνθα
433 1191 485 1235 ἂν
499 1196 617 1235 τοῦτο
645 1193 753 1247 μένει
772 1195 1074 1249 πεφυλαγμένον
1101 1195 1168 1235 καὶ
1195 1193 1363 1236 ἄσυλον·
1395 1197 1634 1250 χαρίσασθαι
1658 1195 1701 1238 δὲ
1721 1194 1765 1238 τὸ

312 1265 492 1303 τοιοῦτον
524 1259 750 1302 Παλλάδιον
785 1265 840 1317 τῷ
876 1265 991 1315 Τρωΐ.
1062 1260 1257 1302 Caeterum
1294 1261 1463 1302 Ioannes
1495 1262 1764 1305 Antioc-benus

312 1327 470 1377 scribit,
501 1343 578 1367 non
605 1344 658 1367 ex
686 1328 791 1370 coelo
830 1327 1054 1368 Palladium
1086 1326 1292 1375 decidisse,
1322 1327 1388 1368 sed
1411 1322 1554 1371 Asiam
1574 1327 1764 1383 quendam

313 1393 589 1447 Philosophum
610 1409 658 1433 ac
678 1394 1001 1433 Mathematicum
1021 1393 1064 1432 id
1089 1396 1239 1446 egregio
1269 1394 1481 1449 horoscopo
1507 1394 1764 1448 praedixisse,

313 1476 390 1499 non
411 1471 676 1513 expugnatum
698 1462 748 1499 iri
774 1462 966 1500 civitatem
995 1462 1036 1500 in
1069 1475 1147 1515 qua
1170 1460 1393 1502 Palladium
1425 1460 1702 1513 custodiretur3
1729 1472 1766 1501 et

314 1526 392 1565 tale
417 1525 643 1565 Palladium
674 1528 768 1566 Troi
795 1527 897 1568 dono
928 1526 1087 1566 dedisse.
1145 1528 1215 1566 His
1241 1529 1341 1568 adde
1362 1529 1551 1568 Joannem
1575 1529 1764 1578 Tzetzem,

319 1594 454 1632 Isaaci
483 1594 589 1632 citati
616 1594 809 1644 Fratrem,
843 1595 910 1646 qui
942 1594 984 1631 in
1007 1594 1274 1633 Historiarum
1304 1594 1568 1643 Οῆἰῖἰαᾶἰόιιε,
1602 1594 1704 1637 Chii·
1723 1599 1764 1637 2.

314 1659 422 1698 Hist.
448 1662 515 1702 33.
546 1660 650 1699 inter
676 1662 766 1700 illos
796 1662 1017 1713 Scriptores
1047 1662 1113 1712 qui
1143 1660 1191 1699 de
1211 1663 1413 1714 Cleopatra
1433 1663 1600 1715 Aegypti
1620 1663 1766 1714 Regina

314 1727 356 1765 in
380 1728 574 1778 Operibus
596 1728 675 1765 suis
708 1728 853 1766 suerint
879 1726 1148 1776 commentati,
1176 1726 1238 1770 Jo.
1264 1728 1551 1770 Antiochenam
1579 1735 1765 1768 recenset.

315 1794 364 1833 Et
380 1808 517 1833 rursus
539 1795 579 1832 in
608 1792 706 1834 Chil.
736 1798 775 1838 6.
797 1793 904 1834 Hist.
935 1798 1001 1837 61.
1032 1794 1081 1834 de
1109 1794 1281 1833 Pentheo
1312 1795 1359 1832 ab
1382 1795 1515 1845 Agave
1542 1797 1698 1845 occiso,
1727 1801 1767 1835 et

316 1861 425 1898 istius
455 1861 610 1898 fabulae
637 1862 922 1913 explicatione,
953 1861 1118 1901 eundem
1141 1862 1249 1901 citat.
1307 1861 1502 1901 Historiae
1528 1862 1647 1916 hujus
1671 1864 1766 1903 Tze.

317 1929 467 1966 tzianae
488 1928 626 1966 titulus
654 1928 708 1965 sic
729 1943 768 1967 se
789 1929 930 1968 habet:
963 1928 1066 1983 Περὶ
1095 1932 1165 1969 τοῦ
1194 1926 1215 1969 ὅ
1245 1925 1458 1980 Αντιοχεῦς
1489 1926 1668 1982 Αγαυὴν,
1696 1927 1766 1970 τόν

316 1991 409 2035 υἱόν
438 1995 708 2046 προδιδοῦσαν
737 1996 792 2043 εἰς
826 1992 1020 2036 θάνατον.
1079 1995 1199 2044 Quod
1226 1995 1422 2046 Interpres
1450 1995 1506 2034 sic
1535 1999 1677 2035 vertit:
1706 1995 1767 2035 De

317 2076 383 2110 eo,
423 2058 529 2114 quod
569 2060 833 2101 Antiochenus
868 2062 1046 2115 Agavem
1075 2061 1212 2116 filium
1250 2060 1471 2114 prodentem
1513 2063 1555 2101 in
1593 2072 1766 2104 moriem.

317 2129 411 2166 Post
439 2141 577 2167 versus
606 2128 757 2181 aliquot
786 2128 835 2167 de
867 2128 1029 2169 Bacchis
1062 2135 1100 2169 et
1127 2128 1345 2183 Nepotibus
1376 2128 1530 2177 Cadmi,
1559 2128 1656 2169 haec
1674 2129 1782 2174 sub-A

319 2201 543 2234 nectuntur.

365 2347 404 2390 ι)
427 2359 461 2392 p.
486 2346 542 2382 24.

366 2404 409 2447 2)
432 2416 467 2449 p.
493 2403 549 2442 64.

365 2460 406 2503 ³)
429 2460 556 2494 Eadem
579 2461 652 2495 fere
673 2463 871 2507 repetuntur
897 2473 932 2506 p.
955 2463 1011 2498 66.
1034 2459 1092 2495 ubi
1118 2460 1321 2502 redundant,
1344 2462 1377 2494 et
1400 2461 1521 2494 absunt
1544 2471 1565 2494 a
1581 2459 1665 2494 eod.
1689 2461 1765 2496 MS.

410 2517 497 2550 Bibl.
521 2518 618 2552 Bodl.
642 2529 731 2562 quae
761 2519 928 2552 habentur
964 2517 1006 2551 de
1031 2517 1110 2550 Asio
1136 2521 1170 2551 et
1193 2518 1392 2561 Apollodoro
1423 2517 1483 2551 lin.
1513 2517 1547 2552 5.
1582 2528 1602 2549 a
1625 2517 1765 2551 vocibus

414 2569 463 2612 ὥς
486 2576 593 2614 Ασιος
614 2577 705 2617 μαθ.
736 2574 780 2608 ad
812 2574 869 2607 lin.
897 2572 949 2609 14.
984 2574 1156 2607 Ber-nardi
1178 2574 1365 2609 Bertrandi
1386 2573 1508 2608 Latina
1530 2574 1642 2607 versio
1676 2585 1766 2618 quae

412 2629 602 2664 redundant
632 2631 667 2664 in
691 2630 833 2665 Graecis
857 2630 1030 2674 agnoscit3
1063 2629 1124 2663 sed
1149 2641 1190 2663 ea
1220 2641 1309 2673 quae
1341 2634 1531 2673 sequuntur
1563 2634 1641 2674 post
1664 2641 1766 2664 voces

413 2683 450 2727 ἐξ
473 2680 638 2730 ου’ρανοΰ
660 2688 768 2721 τοῦτο
791 2690 910 2721 πεσεῖν
934 2687 991 2722 lin.
1014 2687 1070 2720 20.
1094 2685 1138 2718 ad
1162 2697 1276 2719 vocem
1294 2684 1594 2731 καταπὲπτωκεν,
1627 2685 1684 2722 lin.
1707 2687 1764 2724 26.

415 2752 501 2786 quae
525 2754 645 2779 revera
670 2755 690 2780 a
713 2744 845 2781 Tzetze
871 2742 999 2788 scripta
1021 2742 1117 2783 suut,
1140 2740 1175 2775 in
1196 2753 1238 2778 ea
1258 2741 1505 2779 desiderantur.
