1838 3230
407 134 1046 181 CHRONOGRAPHIA.
1078 134 1149 180 eL.
1179 135 1294 183 XIV.
1484 144 1584 191 373

111 257 180 302 καὶ
201 257 299 309 τοὺς
318 252 515 314 ἐξάρχους
535 257 603 299 καὶ
627 255 726 306 τούς
744 251 928 311 κόμη-τας
945 256 1013 298 καὶ
1032 255 1104 300 τὸν
1124 256 1302 313 στρατὸν
1320 254 1477 311 πάντα,
1516 261 1584 301 καὶ

109 324 239 382 μόνος
256 325 361 381 μετὰ
382 330 456 369 τοῦ
477 327 583 369 ἴδιόυ
602 325 761 377 πλοίου,
782 323 874 378 ἤτοι
894 324 1095 381 λιβὲρνου,
1112 330 1275 382 πρῶτος
1294 325 1416 382 ἔφυγε
1429 341 1439 352 ·
1464 326 1516 370 τὰ
1540 326 1580 370 δ’

108 394 219 439 ἄλλα
238 399 361 438 πλοῖα
383 391 518 438 πάντα
539 395 606 437 καὶ
626 391 647 436 ὃ
668 392 846 449 στρατὸς
865 391 1049 436 ἀπώλετο
1072 395 1113 436 ἐν
1142 399 1194 452 τῇ
1224 393 1422 453 θαλάσσῃ
1451 400 1582 448 βυθι-

110 459 282 507 caina.
334 464 376 506 ἓν
399 461 459 513 οἷς
481 464 550 506 καὶ
569 461 804 516 Δαμονικὸς
824 459 845 504 ὃ
864 461 944 504 ἀπὸ
968 464 1140 516 δουκῶν,
1162 461 1373 519 γενόμενος
1398 480 1581 520 στρατη-

34 559 38 563 ,
75 529 238 588 5λοῖτης
255 532 476 585 ἕξπεδίτου,
497 528 774 587 καταγόμενος
797 532 839 572 ἐκ
861 534 934 586 τῆς
954 530 1190 587 Ἀντιοχέων
1205 530 1384 589 μεγάλης
1408 530 1576 586 πόλεως,

107 598 433 658 ἀνδραγαθήσας
461 599 567 642 κατὰ
598 594 685 642 τῶν
710 598 878 656 Ἄφρων
908 601 975 641 καὶ
1003 602 1232 654 ,ιιονασθεὶς
1259 599 1473 657 ἐμεσᾶσθη
1510 603 1580 645 καὶ

106 666 348 726 συνελήφθη
373 669 440 712 καὶ
461 668 607 726 ἓρῤίφη
631 670 686 718 εἷς
714 667 786 711 τὸν
812 667 949 721 βυθὸν
979 667 1160 719 ἔνοπλος.
1229 671 1296 713 καὶ
1327 667 1578 728 ὑπέστρεψεν

105 736 128 782 ὃ
150 738 397 788 Βασιλίσκος
418 737 459 780 ἓν
478 735 909 780 Κωνσταντινουπόλει
926 734 1132 792 ἡττηθείς.

200 805 290 849 Ἐπὶ
323 806 368 848 δὲ
397 810 471 861 τῆς
498 807 709 860 βασιλείας
736 809 811 848 τοῦ
831 805 960 848 αὐτοῦ
979 806 1170 856 Λέοντος
1189 804 1347 862 ἐσφάγη
1365 805 1579 861 Ἀνθίμιος
1602 819 1635 854 Ο
1659 820 1702 856 81

49 872 128 922 1οὸ
157 874 352 930 βασιλεὺς
379 875 421 917 ἓν
447 872 582 931 Ῥώμῃ
598 888 607 898 ·
645 875 686 917 ἓν
716 873 849 933 ἔχθρᾳ
876 873 955 930 γὰρ
982 872 1194 930 γενόμενος
1215 879 1289 917 τοῦ
1314 876 1419 917 ι’διόυ
1448 875 1577 918 αὐτοῦ

102 943 196 986 υἱοῦ
215 941 589 1000 γαμβροῢῬεκίμερ
611 948 684 986 τοῦ
705 940 1006 1000 στρατηλάτου,
1031 944 1235 1000 φοβηθεὶς
1253 943 1378 986 αὐτὸν
1400 941 1456 993 ὥς
1467 947 1506 985 Γ
1504 942 1575 986 ότ-
1598 956 1630 990 c

56 1055 59 1058 ,
103 1016 215 1065 θον,
260 1011 448 1067 ἀπῆλθεν
486 1013 542 1062 εἷς
582 1011 654 1054 τὸν
689 1010 803 1067 ἅγιον
836 1011 1001 1067 Πέτρον
1031 1010 1296 1068 προσφεύγων
1328 1010 1349 1054 ὅ
1384 1012 1578 1065 βασιλεὺς

98 1079 333 1135 Ἀνθίμιος,
369 1081 516 1137 φησίν,
555 1078 610 1130 ὥς
640 1079 864 1137 ἅῤῥωστος.
936 1082 1002 1122 καὶ
1032 1080 1155 1135 γνοὺς
1185 1081 1312 1123 Λέων
1340 1077 1576 1134 ὅβασιλεῦς

103 1147 282 1204 ἔπεμψεν
311 1150 353 1192 ἓν
379 1147 516 1206 Ῥώμῃ
541 1148 614 1192 τὸν
643 1149 856 1205 πατρίκιον
886 1146 1106 1204 Ὀλύβριον
1134 1148 1207 1191 τὸν
1242 1146 1443 1202 Ῥωμαῖον
1470 1149 1576 1203 μετὰ

0 1270 2 1274 ,
47 1228 92 1264 15
105 1218 177 1273 τὴν
195 1215 390 1261 §natam
409 1217 538 1260 αὐτοῦ
549 1250 563 1271 ,
601 1215 651 1272 ἢν
674 1217 845 1260 δέδωκεν
874 1214 962 1271 ἅμα
977 1214 1233 1276 Ῥουστικίῳ,
1270 1219 1325 1267 εἷς
1346 1215 1417 1269 τό,
1455 1219 1571 1274 φησί,

101 1291 271 1342 ποιῆσαι
297 1287 442 1344 φίλους
470 1285 542 1329 τὸν
570 1285 743 1339 βασιλέα
776 1285 990 1339 Ἀνθίμιον
1019 1287 1086 1328 καὶ
1116 1285 1188 1328 τὸν
1221 1286 1409 1342 γαμβρὸν
1444 1286 1573 1329 αὐτοῦ

96 1353 288 1412 Ῥεκίμερ,
321 1351 378 1405 ὥς
398 1354 520 1404 ὄντας
539 1355 582 1396 ἐκ
602 1358 676 1408 τῆς
697 1351 925 1410 συγκλήτου
944 1351 1125 1408 Ῥώμης·
1162 1355 1228 1396 καὶ
1247 1352 1439 1404 κελεύσας
1459 1355 1573 1412 αὐτῷ

100 1422 163 1468 ὅτι
191 1423 317 1468 Μετὰ
345 1423 392 1466 τὸ
425 1423 615 1479 γενέσθαι
631 1422 845 1478 Ἀνθίμιον
866 1424 932 1464 καὶ
946 1420 1124 1479 Ῥεκίμερ
1147 1423 1293 1479 φίλους
1314 1423 1357 1465 ἐκ
1378 1427 1452 1477 τῆς
1470 1421 1573 1465 Ῥώ-

98 1510 181 1548 μης
204 1491 344 1544 ἔξελθε
367 1493 434 1534 καὶ
456 1491 611 1534 ἄπελθε
628 1491 732 1548 πρὸς
743 1489 983 1547 Ζινζήριχον
1000 1489 1257 1544 Οὖάνδαλον,
1281 1491 1353 1534 τὸν
1376 1491 1480 1548 ῥῆγα
1498 1496 1575 1546 τῆς

42 1561 314 1619 2οἶ-1ᾳρικῆς,
349 1558 405 1611 ὥς
436 1559 538 1616 ἔχων
570 1559 803 1618 παῤῥησίαν
835 1559 937 1616 πρὸς
968 1558 1094 1602 αὐτόν
1102 1593 1115 1612 ,
1153 1557 1255 1602 διότι
1282 1559 1356 1614 τὴν
1390 1559 1574 1616 ἀδελφὴν

98 1634 174 1686 τῆς
199 1633 275 1685 σῆς
302 1633 481 1686 γαμετῆς
508 1630 740 1678 Πλακιδιάς
765 1627 843 1682 ἔχει
871 1625 1035 1685 νύμφὴν
1065 1632 1140 1670 τοῦ
1170 1628 1263 1670 υἱοῦ
1294 1627 1425 1670 αὐτοῦ
1436 1660 1449 1679 ,
1505 1629 1572 1669 καὶ

190 1724 245 1761 14.
268 1726 343 1761 τῶν
353 1723 558 1771 Ῥωμαίων]
583 1724 718 1767 „Forte
735 1724 946 1759 scribendum
965 1720 1263 1768 τόν“Ρωμαῖον.“
1286 1723 1351 1757 Ch.
1421 1725 1477 1759 20.
1502 1722 1571 1768 τὴν

187 1771 352 1853 ἔαμετὴν
373 1773 441 1814 τῆς
459 1773 524 1816 σῆς
547 1769 729 1828 ἀδελφῆς]
765 1770 1020 1826 „Manifestum
1047 1770 1289 1825 vocabuiorum
1324 1767 1479 1828 ἀταξίαν
1514 1771 1570 1804 hic

214 1819 367 1853 abemus:
390 1818 583 1863 legendum,
607 1830 676 1860 την
700 1817 864 1862 αδελφην
886 1829 951 1861 της
975 1827 1040 1860 σης
1056 1829 1213 1861 γαμετης
1234 1817 1446 1857 Πλακιδιας.
1488 1816 1570 1850 Pla—

189 1863 312 1899 cidiam
344 1864 449 1906 enim,
482 1862 708 1898 Valentiniani
739 1863 825 1908 Imp·
850 1862 954 1896 filiam
978 1863 1139 1905 alteram,
1174 1873 1310 1897 uxorem
1336 1863 1454 1896 habuit
1479 1862 1569 1906 Oly-

187 1910 302 1951 brius3
340 1910 480 1945 alteram
503 1921 604 1950 vero,
628 1908 762 1944 nomine
784 1908 994 1951 Eudociam,
1018 1908 1248 1944 Genserichus
1270 1908 1310 1944 F.
1335 1919 1394 1943 suo
1418 1907 1568 1943 Honori-

189 1957 254 1991 cho
276 1956 491 1991 matrimonio
510 1956 712 2000 junxerat.“
758 1954 823 1989 Ch.

95 2036 158 2071 bus
187 2035 410 2082 exercituque
437 2034 527 2072 omni
560 2033 733 2080 prodidit;
769 2034 927 2080 solusque
959 2035 1052 2080 ipse,
1080 2045 1155 2070 cum
1178 2034 1309 2069 liburna
1333 2046 1415 2076 sua,
1447 2034 1566 2078 fugam

96 2081 226 2128 primu·
248 2093 425 2128 capessens
448 2079 578 2122 evasit3
603 2080 749 2115 caeteris
771 2080 912 2116 navibus
935 2080 1085 2116 omnibus
1106 2092 1179 2115 cum
1200 2080 1355 2116 exercitu
1378 2080 1462 2114 mari
1485 2081 1567 2114 sub-

96 2127 225 2165 mersis.
270 2128 364 2163 Inter
387 2139 471 2173 quos
493 2126 698 2161 Damonicus
722 2127 790 2161 dux
814 2126 899 2169 suit,
935 2126 1117 2162 Antiochia
1138 2138 1260 2172 magna
1283 2126 1467 2167 oriundus3
1507 2125 1567 2170 qui

97 2177 135 2208 et
156 2172 342 2208 exercitum
365 2173 530 2215 ducebat,
568 2177 604 2207 et
626 2172 699 2218 ipse
725 2177 862 2206 strenue
885 2178 1004 2208 contra
1026 2174 1127 2208 Afros
1149 2174 1347 2219 pugnabat=
1391 2172 1478 2206 solus
1502 2182 1565 2205 au-

95 2223 164 2254 tem
188 2220 225 2254 in
247 2219 365 2254 mediis
389 2219 538 2254 hostibus
562 2230 637 2253 cum
661 2223 759 2260 esset,
785 2224 960 2265 correptus
983 2222 1019 2253 et
1042 2224 1189 2254 armatus
1213 2218 1301 2253 sicut
1324 2223 1411 2259 crat,
1434 2218 1468 2251 in
1492 2228 1564 2251 ma-

95 2275 136 2299 re
158 2265 332 2309 disjectus.
377 2265 558 2300 Basiliscus
580 2264 736 2307 interim,
761 2264 851 2299 bello
876 2270 1070 2311 superatus,
1094 2264 1423 2309 Constantinopolim
1446 2273 1565 2298 rever-

96 2321 151 2345 sus
174 2317 235 2346 est.

187 2356 318 2391 Eodem
340 2355 531 2402 imperante
553 2357 669 2392 Leone
692 2357 908 2399 Anthemius,
931 2368 993 2392 rex
1015 2356 1203 2397 Romanus,
1237 2368 1257 2390 e
1280 2354 1388 2389 medio
1413 2353 1564 2388 sublatus

99 2404 161 2436 est.
207 2402 300 2437 Huic
321 2401 587 2438 intercesserunt
610 2415 683 2437 cum
709 2414 836 2447 genero
859 2414 918 2438 suo
943 2403 1122 2437 Recimere
1144 2413 1266 2446 graves
1288 2399 1507 2439 inimicitiae3
1542 2412 1564 2433 a

99 2457 191 2491 quo,
212 2452 375 2494 tanquam
400 2449 538 2491 Gotho,
575 2450 748 2484 metuebat
770 2448 844 2484 sibi.
891 2450 1013 2494 Itaque
1035 2448 1194 2493 templum
1217 2447 1262 2481 D.
1286 2445 1403 2482 Petri.
1434 2445 1565 2489 asylum

98 2503 281 2537 quaerens,
305 2493 364 2528 sed
387 2494 611 2530 valetudinem
636 2495 884 2542 praetendens,
918 2494 1117 2530 Anthemius
1138 2505 1173 2527 se
1196 2492 1340 2538 recepit.
1386 2491 1482 2525 Haec
1504 2490 1564 2524 ubi

98 2537 283 2573 audivisset
303 2539 373 2574 Leo
397 2540 607 2587 Imperator,
645 2541 844 2587 Olybrium‚
871 2540 1054 2575 Patricium
1088 2540 1290 2579 Romanum,
1322 2542 1399 2582 post
1422 2547 1563 2570 munera

98 2582 298 2619 Consularia
320 2585 363 2620 ab
387 2599 426 2620 eo
451 2596 488 2621 et.
511 2587 677 2630 Rusficio,
701 2586 736 2620 in
757 2588 915 2633 populum
940 2597 1068 2631 sparsa,
1093 2585 1230 2619 Romam
1255 2582 1363 2623 misit3
1386 2582 1452 2621 uti,
1471 2593 1562 2626 quae

96 2628 189 2663 inter
211 2629 422 2666 Anthemium
445 2639 481 2667 et
502 2645 661 2678 generum
695 2634 767 2677 ejus
790 2631 1022 2673 Recimerem,
1065 2631 1264 2664 Senatorem
1289 2632 1468 2672 utrumque
1491 2629 1563 2662 Ro-

97 2686 250 2716 manum,
284 2675 562 2721 intercesserant,
597 2678 791 2713 inimicitias
814 2678 1018 2723 consopiret.
1063 2677 1205 2720 Insuper
1228 2674 1330 2709 etiam
1354 2675 1386 2708 ei
1409 2675 1443 2708 in
1468 2685 1563 2708 man-

98 2721 179 2754 dato
211 2719 326 2763 dedit,
368 2728 544 2768 postquam
567 2723 779 2759 Anthemium
813 2730 850 2759 et
873 2723 1081 2758 Recimerem
1114 2719 1345 2762 conciliasset,
1380 2720 1432 2755 uti
1454 2720 1563 2755 Roma

97 2765 293 2808 discedens,
326 2766 560 2804 Zinzerichum
586 2770 792 2812 Vandalmn,
821 2770 960 2804 Africae
983 2779 1119 2811 regem,
1143 2766 1275 2808 adiret;
1309 2767 1427 2812 (apud
1451 2777 1563 2811 quem,

97 2813 190 2858 quod
214 2812 329 2847 uxoris
352 2813 424 2857 ejus
447 2815 620 2851 Placidiae
643 2827 790 2851 sororem
814 2815 883 2849 filio
908 2826 966 2849 suo
991 2813 1225 2859 desponsatam
1249 2813 1412 2856 haberet,
1453 2811 1562 2859 pluri-
