1838 3230
269 204 339 230 Lu

205 341 209 345 .
267 300 492 359 ΙΙσυχιόυ
522 303 570 348 ἐκ
602 302 694 350 τοῦ
730 304 792 355 εἰς
820 298 909 366 τήν
927 300 978 364 3)

378 370 602 432 Χριστοῦ
636 371 866 432 γέννησιν.

324 472 387 509 Εν
416 465 491 522 γὰρ
521 471 578 525 τῷ
594 466 659 522 μβ’
681 469 756 510 ἔτει
776 472 846 522 τῆς
869 470 982 523 βασι-

267 527 374 585 λείας
396 532 630 589 Αὐγούστου
639 567 651 587 ,
698 537 794 590 μηνὶ
831 541 980 591 Δεκεμ-

268 605 370 659 βρίῳ
397 599 471 654 κε’,
503 602 632 660 ἡμέρᾳ
667 601 719 655 ς’,
750 601 836 662 ὥρᾳ
871 602 982 659 ἕβδό-

268 672 382 729 μῃὸ)
419 674 493 724 τῆς
520 670 692 725 ἡμέρας,
726 671 926 728 ἐγεννήθη
957 666 982 717 ὅ

271 736 420 793 Κύριος
460 737 577 791 ἡμῶν
621 743 766 792 Ιησοῦς
809 741 980 796 Χριστὸς

269 806 308 848 τὸ
329 804 429 847 κατοέ
450 803 576 860 σάρκα
596 807 638 848 ἐκ
653 811 724 860 τῆς
749 807 865 862 ἁγίας
881 825 978 864 παρ-

268 875 391 916 θὲνου
413 875 602 927 Μαρίας,
632 875 743 925 ἔτους
769 874 869 917 κατοῖ
892 883 977 918 Λν-

268 948 405 997 τιοχεῖς
433 939 511 983 davd
537 944 699 992 κτίσεως
724 941 878 997 κόσμου
904 945 977 993 ἕως

267 1015 335 1064 τῆς
349 1013 524 1064 Χριστοῦ
539 1009 759 1064 γεννήσεως
777 1012 844 1053 καὶ
861 1026 974 1054 σταυ-

239 1076 242 1078 ’
266 1076 423 1133 ρώσεως
443 1075 547 1132 15⁶).
568 1075 776 1134 συνάγεται
801 1079 875 1136 γοῖρ
900 1077 978 1122 nimi

265 1145 408 1200 Αδοέμ,
449 1146 521 1194 ἕως
556 1145 686 1204 §Danu
721 1148 816 1188 υἷοῦ
852 1150 974 1202 Εβερ,

265 1216 330 1274 ἔτη
357 1232 400 1271 ly.
429 1214 496 1255 καὶ
533 1210 611 1255 οἷπὸ
642 1214 773 1256 Φαλὲκ
804 1216 877 1264 ἕως
898 1214 974 1269 μβ’.

265 1284 376 1332 ἔτους
407 1286 479 1335 τῆς
512 1284 712 1335 βασιλείας
739 1280 975 1337 Αὐγούστου

265 1351 330 1403 ἔτη
343 1349 475 1407 ᾳξζ’8).
486 1350 552 1390 καὶ
563 1349 702 1392 λοιπόν
715 1350 975 1406 συνανεστροῗ-

265 1435 323 1472 φη
349 1415 515 1470 ὅσωτήρ
536 1422 619 1466 τοις
651 1414 885 1474 ἀνθρώποις
909 1420 972 1473 ἔτη

265 1483 334 1541 λγ’.
365 1485 419 1535 ὥς
448 1489 633 1540 γίνεσθαι
659 1485 739 1530 vimi
755 1489 875 1543 Αὸοἳμ
902 1491 974 1540 ἕως

264 1558 334 1607 τῆς
349 1558 524 1610 Χριστοῦ
545 1553 767 1609 γεννήσεως
782 1557 846 1598 καὶ
861 1571 973 1598 σταυ-

265 1620 424 1676 ρώσεως
466 1623 531 1676 ἔτη
562 1641 598 1678 ’ς
632 1622 781 1679 πλήρη.
841 1624 861 1667 ὅ
898 1624 972 1679 γοὶρ

267 1689 398 1731 Φαλὲκ
415 1689 514 1731 κατὰ
532 1690 605 1746 τήν
616 1694 864 1747 προφητείαν
875 1697 974 1734 Μω-

265 1758 383 1810 σέως,
412 1757 456 1800 τὸ
478 1757 603 1813 ἥμισυ
623 1759 772 1815 λέγεται
790 1765 863 1803 τοῦ
880 1758 972 1816 χρό-

748 185 1069 231 PROLEGOM
1076 187 1202 232 ENA.

1024 304 1104 351 Ex
1146 305 1402 365 Heqyclzio
1455 305 1508 351 in
1553 302 1738 354 Christi

1257 374 1505 421 Natalem.

1081 473 1180 512 Nam
1211 473 1254 511 in
1282 472 1349 516 42.
1366 473 1413 527 4)
1450 487 1552 513 anuo
1580 474 1737 527 Imperii

1027 541 1216 592 Augusti,
1246 541 1390 580 mensis
1415 542 1642 582 Decembris
1667 544 1736 586 25.

1027 609 1089 648 die
1116 613 1154 651 6.
1181 609 1282 648 hora
1311 613 1350 652 7.
1385 609 1486 660 diei,
1525 617 1640 650 natus
1678 616 1738 650 est

1026 677 1215 715 Dominus
1253 683 1387 716 noster
1419 677 1531 716 Jesus
1558 677 1738 717 Christus

1024 745 1243 784 secundum
1289 757 1470 794 carnem,
1525 759 1575 785 ex
1610 745 1737 786 Maria

1022 813 1196 864 virgine3
1229 826 1332 851 anno
1361 811 1575 850 secundum
1597 813 1734 851 Antio-

1024 880 1168 919 chenos
1190 895 1212 918 a
1235 880 1431 919 creatione
1450 879 1588 918 mundi
1609 892 1736 931 usque

1022 949 1072 987 ad
1086 949 1265 987 Natalem
1288 947 1433 986 Christi
1456 953 1493 986 et
1508 947 1735 995 crucifixio-

1020 1031 1107 1055 nem
1135 1020 1257 1060 6000.
1288 1015 1530 1065 colliguntur
1559 1013 1660 1053 euim
1683 1015 1732 1052 ab

1022 1085 1146 1122 Adam
1183 1097 1308 1135 usque
1350 1082 1400 1121 ad
1429 1081 1575 1120 Phalec
1605 1081 1733 1120 fillum

1020 1152 1151 1190 Heber
1182 1152 1275 1190 anni
1305 1154 1428 1194 3000.
1459 1153 1513 1188 et'
1537 1163 1559 1188 a
1590 1148 1744 1203 Phalec·

1020 1233 1144 1272 usque
1180 1220 1232 1257 ad
1269 1217 1397 1267 42⁷)
1442 1231 1586 1256 annum
1619 1218 1733 1269 regni

1021 1288 1211 1339 Augusti,
1249 1286 1343 1324 anni
1372 1289 1492 1328 1067.
1523 1291 1563 1323 et
1588 1284 1732 1324 deinde

1020 1362 1273 1395 conversatus
1311 1361 1371 1394 est
1408 1357 1596 1393 Servatur
1641 1366 1733 1392 cum

1019 1423 1246 1462 hominibus
1285 1436 1407 1461 annos
1439 1425 1507 1463 33.
1549 1419 1649 1459 adeo
1685 1425 1733 1458 ut

1019 1492 1100 1530 sint
1125 1491 1173 1530 ab
1196 1490 1322 1528 Adam
1338 1503 1463 1542 usque
1478 1488 1529 1527 ad
1550 1488 1732 1526 Natalem

1021 1559 1167 1598 Christi
1195 1558 1283 1597 anni
1304 1561 1414 1600 6000
1446 1556 1565 1609 pleni.
1625 1554 1732 1594 Pha-

1018 1628 1079 1666 lec
1101 1627 1201 1665 enim
1221 1639 1270 1664 ex
1290 1624 1504 1677 Prophetia
1528 1623 1646 1662 Musis
1666 1623 1729 1662 di-

1022 1696 1128 1735 citur
1146 1693 1354 1749 dimidium
1371 1693 1564 1746 temporis
1585 1691 1729 1731 Christi

268 2015 272 2019 ·
309 1999 352 2043 2)
377 1999 474 2033 Haec
497 2000 674 2044 postquam
700 1999 829 2034 chartis
850 1999 1089 2041 illeveramm,
1121 2000 1202 2035 mihi
1225 1999 1318 2034 venit·
1340 1999 1383 2034 ad
1407 1999 1522 2032 ma'nus
1547 1996 1725 2030 paschalis

350 2055 425 2089 sive
458 2056 682 2089 Alexandrini
714 2057 870 2091 Chi-ouini
902 2058 1021 2092 Editio
1055 2058 1289 2101 Dusresniana
1318 2056 1354 2089 in
1385 2053 1500 2088 Gallia
1531 2052 1725 2098 nuperrime

353 2112 537 2153 adornata,
572 2113 607 2146 in
629 2114 726 2157 cujus
752 2115 948 2159 Appendice
971 2126 1070 2159 quam
1095 2113 1268 2148 subtexuit
1293 2112 1516 2155 Dufresnius,
1552 2110 1725 2156 reperitur

354 2171 492 2203 Graece
516 2169 579 2204 hoc
608 2170 716 2215 ipsum
742 2171 904 2214 Hesychii
925 2172 1151 2215 fragmentum
1175 2182 1216 2204 ex
1240 2169 1368 2204 Codice
1391 2168 1498 2213 Regis
1522 2167 1725 2208 Galliarum,

351 2227 409 2273 qui
441 2227 576 2262 eosdem
614 2238 727 2260 omnes
761 2227 949 2262 Tractatus
990 2239 1063 2261 cum
1098 2233 1214 2262 nostro
1250 2225 1438 2261 Oxoniensi
1477 2223 1725 2274 complectitur.

351 2285 434 2319 Non
465 2284 601 2318 viderat
624 2284 829 2327 Dufresnius
858 2284 1015 2319 Latinam
1040 2284 1220 2318 editionem
1243 2282 1439 2328 Fragmenti
1461 2282 1725 2321 Hervetianam,

350 2341 411 2375 sed
435 2340 641 2376 existimavit
664 2353 701 2375 se
725 2352 862 2386 prorsus
884 2342 1033 2386 ignotum
1057 2341 1216 2375 edidisse.

305 2401 345 2444 ὃ)
373 2399 554 2443 Χριστοῦ]
578 2399 782 2443 Agnoscitur
816 2410 951 2444 quoque
984 2399 1026 2432 ab
1049 2397 1262 2432 Hervetiana
1295 2396 1376 2431 edit.
1408 2394 1471 2430 sed
1502 2394 1536 2429 in
1559 2393 1722 2428 Dufresn.

351 2458 458 2491 deest.

306 2514 348 2558 4)
372 2514 432 2547 Sic
454 2525 592 2559 quoque
616 2513 776 2547 Dufresn.
823 2511 894 2545 Sed
917 2511 1060 2545 Hervet.
1084 2511 1140 2547 22.

308 2571 346 2614 ⁵)
371 2571 431 2604 Sic
454 2571 614 2604 Dusresn.
638 2571 780 2604 Hervet.
804 2569 996 2603 Decembris
1019 2569 1075 2605 25.
1100 2570 1156 2602 dic
1179 2570 1301 2610 Sexto,
1334 2568 1419 2601 hora
1442 2565 1559 2599 tertia.

305 2628 345 2671 ὃ)
371 2640 411 2674 Ις.
438 2628 548 2671 6000]
577 2628 636 2661 Sic
658 2627 750 2661 infra
773 2626 931 2671 saepius;
964 2625 1162 2661 concinente
1185 2625 1310 2671 ubique
1335 2623 1579 2668 Dufresm'ana.
1627 2621 1719 2656 Her-

348 2685 487 2718 vetiana
510 2684 565 2717 hic
589 2687 624 2718 et
648 2684 772 2728 ubique
795 2685 898 2718 habet
921 2683 1021 2719 5000.

303 2742 345 2785 ⁷)
369 2743 512 2775 Hervet.
539 2741 594 2775 hic
617 2741 683 2774 loci
706 2742 762 2776 32.
796 2744 833 2774 ut
853 2752 958 2785 supra
981 2741 1039 2775 22.

305 2800 345 2843 ⁸)
371 2797 473 2846 ,αξζἎ
499 2799 620 2841 1067.)
653 2796 712 2830 Sic
737 2808 874 2843 quoque
903 2798 1045 2837 Her-vet.
1070 2795 1133 2830 sed
1161 2795 1255 2842 apud
1275 2793 1437 2829 Dufresn.
1463 2790 1593 2843 89053'.
1618 2790 1719 2827 5967.

347 2856 468 2890 Scribe
502 2851 653 2909 ,βφῦξζῖ
680 2855 781 2890 2967.
