1838 3230
284 158 381 208 154
677 155 971 201 IOANNIS
999 157 1342 202 MALALAE
1405 182 1424 204 ,v

282 275 504 327 σταλέντας
522 266 721 332 πρέσβεις,
759 277 824 317 καὶ
846 274 1043 332 ἀναγνοὺς
1062 276 1115 320 τὰ
1133 277 1229 335 παρ’
1253 277 1382 321 αὐτοῦ
1400 278 1620 336 γραφέντα,
1655 276 1738 322 εἶπε

280 352 367 396 τοῖς
397 349 687 402 πρεσβευταῖς,
725 345 783 385 Τί
799 343 878 400 γὰρ
903 343 1091 400 ἠδίκηται
1110 346 1205 403 παρ’
1226 347 1326 400 ἐμοῦ
1346 349 1550 404 Κροῖσος,
1585 342 1740 391 vocal-⁸

279 431 355 470 την
386 418 460 470 γῆν
487 411 726 470 ἀφεστηκὼς
754 410 821 454 ἀπ’
848 413 947 466 ἐμοῦ
981 415 1049 456 καὶ
1076 418 1158 457 τῶν
1189 415 1297 469 ἐμῶν
1327 417 1569 470 βασιλείων,·
1603 412 1740 471 ἢπῶς

278 480 488 525 τοσούτων
524 477 850 534 διαδραμόντων
864 478 1022 538 χρόνων
1052 480 1214 538 βλάβην
1245 480 1384 539 χώρας
1414 485 1620 538 διεκδικεΐ,·
1670 483 1739 526 καὶ

226 561 260 596 Ε
284 551 499 606 ἀδημονῶν
531 546 730 604 ἠβούλετο
760 555 899 605 φυγεῖν
932 549 994 591 ἐπὶ
1015 549 1088 606 τὴν
1114 550 1284 606 Ἰνδικὴν
1298 549 1453 608 χώραν.
1522 553 1668 594 ἰδοῦσα
1693 551 1772 600 δὲό

280 618 405 661 αὐτὸν
426 617 672 671 ἀθυμοῦντα
690 615 716 671 ἢ
735 616 834 672 γυνὴ
864 616 1013 670 αὐτοῦ,
1050 620 1117 661 καὶ
1147 617 1440 675 ἕπερωτήσασα
1473 620 1540 667 καὶ,
1568 623 1738 674 μαθοῦ-

277 703 333 729 σα
362 685 455 742 παρ’
486 685 614 728 αὐτοῦ
641 684 690 727 τὸ
719 689 909 741 πρᾶγμα,
947 686 1045 742 λέγει
1075 686 1186 745 αὐτῷ
1220 686 1282 730 ὅτι
1306 687 1394 730 Ἐπὶ
1422 688 1627 743 Δαρείου,
1665 691 1739 730 τοῦ

277 752 442 812 πρώτου
465 771 545 808 μου
575 750 747 810 ἀνδρός,
785 749 835 808 ἦν
853 751 956 810 ἀνήρ
979 770 1041 804 τις
1063 752 1252 811 Ἑβραῖος
1262 788 1275 808 ,
1314 753 1552 813 προφήτης,
1588 756 1739 812 σοφίαν

277 822 380 878 ἔχων
401 826 503 865 θεοῦ
513 854 526 874 ,
565 816 597 880 ᾧ
621 821 749 875 ὄνομα
768 819 951 877 Δανιήλ,
989 823 1032 864 ἔκ
1049 827 1123 879 τῆς
1140 825 1418 878 αι’χμαλωσίας
1438 828 1520 867 τῶν
1539 823 1639 867 υἱῶν
1657 823 1738 866 'Io'-

278 889 406 948 ραήλ,
449 889 586 934 ὅντινα
607 891 649 932 ἐν
671 893 800 947 πολλῇ
824 894 920 947 τιμῇ
940 888 1040 945 εἶχεν
1058 889 1078 934 ὅ
1095 891 1286 945 βασιλεὺς
1307 894 1510 947 Δαρεῖος,
1546 893 1613 934 καὶ
1642 892 1736 946 δίχα
1749 902 1793 938 10

278 960 406 1002 αὐτοῦ
442 958 559 1002 οὐδὲν
587 957 781 1016 ἔπραττεν
810 959 851 1000 ἓν
884 965 971 1009 τοῖς
999 959 1200 1013 πολέμοις.
1278 962 1346 1002 καὶ
1373 961 1583 1016 ἐπερωτῶν
1612 959 1737 1003 αὐτὸν

134 1021 187 1101 ov
193 1022 260 1104 1Ξὲ
281 1027 399 1084 ἡνίκα
420 1025 496 1082 εἶχε
517 1024 717 1081 πόλεμον,
756 1027 1013 1082 κατεπολὲμει
1034 1028 1127 1078 τοὺς
1146 1029 1370 1078 ἐναντίους·
1407 1027 1518 1078 ὅστις
1538 1027 1642 1082 μετὰ
1662 1027 1737 1083 τὴν

281 1096 469 1151 τελευτὴν
488 1096 652 1147 ἐκείνου,
677 1094 870 1145 πλούσιος
893 1094 948 1138 ὢν
969 1098 1034 1138 καὶ
1057 1094 1298 1153 γεγηρακώς,
1318 1094 1455 1149 ἴδιάζει
1474 1098 1528 1146 εἲς
1549 1095 1623 1151 τὴν
1633 1098 1736 1138 Ma-

279 1166 469 1223 ραβίτιδα
488 1161 640 1219 χώραν.
710 1162 731 1206 ὁ
751 1164 794 1205 δὲ
813 1166 953 1219 Κῦρος
972 1162 1150 1214 ἀκούσας
1167 1169 1322 1217 ταῦτα,
1358 1164 1511 1219 ἔπεμψε
1537 1163 1640 1221 πρὸς
1660 1162 1736 1206 αὐ-

277 1234 349 1277 τὸν
380 1232 477 1282 τοὺς
504 1235 747 1288 μεγιστᾶνας
775 1232 900 1274 αὐτοῦ
913 1265 926 1284 ,
966 1231 1075 1283 ὅπως
1102 1233 1205 1286 μετὰ
1226 1237 1345 1288 τιμῆς
1372 1231 1572 1289 ἀγάγωσιν
1596 1229 1732 1274 αὐτόν.
1748 1244 1792 1279 15

277 1303 317 1346 οἳ
352 1302 396 1344 δὲ
428 1300 720 1349 ἀποσταλέντες
760 1300 839 1341 ἀπὸ
869 1301 1052 1356 Κροίσου
1092 1301 1195 1357 πρὸς
1231 1305 1372 1357 Κῦρον
1404 1299 1737 1357 ὑποστρέψαντες

276 1373 333 1419 εἷς
364 1369 439 1425 τὴν
457 1370 617 1411 Λυδῶν
640 1365 782 1423 χώραν
817 1367 891 1423 τὴν
922 1366 1133 1425 ἀπόκρισιν
1166 1369 1240 1425 τὴν
1272 1371 1467 1413 δοθεῖσαν
1493 1369 1633 1419 αὐτοῖς
1653 1368 1734 1411 ἀπὸ

275 1436 420 1495 Κύρου
442 1441 499 1494 τῷ
521 1438 611 1494 ι’δίῳ
629 1440 793 1489 βασιλεῖ
805 1435 1025 1492 ἀπήγαγον.

371 1504 421 1549 Ὅ
442 1505 487 1548 δὲ
507 1507 700 1561 Κροῖσος,
731 1505 921 1558 βασιλεὺς
940 1507 1115 1557 Λυδῶν,
1153 1502 1434 1561 ἕπιλέξαμενός
1452 1521 1566 1554 τινας
1586 1504 1629 1546 ἔκ
1651 1507 1734 1546 τῶν

272 1575 387 1617 ἰδίων
423 1573 550 1616 αὐτοῦ
583 1571 816 1628 ἀνθρώπων
848 1571 1036 1626 πιστούς,
1075 1574 1141 1615 καὶ
1171 1573 1267 1623 δοὺς
1300 1573 1438 1623 αὐτοῖς
1459 1575 1573 1629 δῶρα
1594 1571 1790 1627 εὖτελῆΞο

273 1644 342 1684 καὶ
378 1641 494 1698 ἕτερα
527 1642 642 1698 δῶρα
668 1640 884 1695 βασιλικά,
923 1641 1158 1684 ἀποστέλλει
1189 1644 1245 1691 εἷς
1268 1641 1461 1699 Δελφοὺς
1481 1642 1537 1690 εἷς
1559 1639 1607 1683 τὸ
1627 1657 1734 1694 μαν-

272 1717 399 1763 τεΐον,
438 1708 606 1765 εἷρηκώς
628 1708 766 1759 αὐτοῖς
787 1707 848 1752 ὅτι
868 1708 1086 1760 Ἀλλάξατε
1116 1709 1163 1752 τὸ
1195 1714 1333 1766 σχῆμα
1362 1708 1478 1765 ὑμῶν
1511 1709 1578 1751 καὶ
1609 1707 1734 1765 φορέ-

222 1785 254 1819 Β
276 1795 375 1822 σατε
395 1776 624 1834 Αἰγύπτιον
645 1782 805 1833 σχῆμα,
842 1780 908 1821 καὶ
928 1776 1166 1828 ἀνελθόντες
1192 1781 1247 1829 εἷς
1278 1778 1325 1822 τὸ
1353 1783 1542 1833 μαντεῖον
1575 1777 1732 1819 ε’πίδοτε

364 1899 400 1978 (ὅ.
434 1898 627 1977 βὲσιλείων
657 1897 831 1933 Cedrenus
855 1910 890 1945 p.
915 1900 993 1936 136.
1017 1899 1069 1942 C,
1095 1899 1287 1946 βασιλειῶν
1311 1899 1378 1934 Ox.
1468 1898 1527 1935 21.
1563 1895 1733 1943 Δέλφους

403 1954 435 1977 x.
483 1955 522 1980 is.

275 2046 331 2081 dit
354 2045 411 2080 eis.
461 2045 632 2090 „Ecquid
657 2045 801 2090 injuriae
824 2059 845 2081 a
867 2059 920 2082 me
943 2048 1069 2083 Croeso
1091 2048 1222 2083 illatum
1244 2050 1315 2090 est,
1352 2045 1412 2091 qui
1444 2057 1466 2080 a
1495 2057 1549 2080 me
1580 2044 1732 2089 meisque

277 2091 391 2136 regnis
415 2095 509 2125 tanto
533 2097 700 2126 terrarum
723 2092 834 2136 spatio
860 2093 1043 2137 disjunctus
1066 2095 1142 2128 est?
1188 2095 1257 2127 Aut
1279 2091 1468 2137 quomodo,
1499 2095 1555 2126 tot
1573 2091 1642 2136 jam
1662 2090 1732 2124 ela-

276 2140 347 2183 psis
371 2137 485 2178 annis,
523 2137 637 2170 finium
667 2137 855 2172 invasorum
879 2139 1016 2183 injurias
1051 2151 1139 2174 nunc
1161 2139 1290 2173 demum
1313 2136 1479 2181 ex³git2“
1523 2137 1574 2171 Et
1596 2135 1731 2180 quidem

277 2184 409 2227 Cyrus,
445 2182 560 2216 anxius
583 2182 704 2223 animi,
736 2182 772 2216 in
795 2184 923 2218 Indiam
947 2186 1063 2229 fugere
1086 2185 1121 2219 in
1144 2185 1252 2219 animo
1275 2183 1413 2218 habuit:
1445 2193 1532 2216 uxor
1553 2193 1634 2216 vero
1657 2191 1731 2216 eum

275 2232 346 2262 tam
378 2228 616 2274 perturbatum
639 2228 774 2269 videns,
813 2229 968 2274 quidnam
1002 2232 1033 2265 ei
1055 2230 1090 2264 in
1114 2242 1214 2265 causa
1244 2234 1330 2264 esset
1350 2227 1510 2274 inquirit:
1551 2231 1587 2262 et
1609 2226 1732 2261 edocta

275 2286 370 2315 rem,
394 2274 446 2308 ita
469 2274 590 2308 deinde
613 2285 686 2308 eum
709 2275 856 2316 affatur,
891 2275 1068 2319 Regnante
1090 2276 1217 2317 Dario,
1241 2274 1360 2310 marito
1383 2285 1455 2308 meo
1479 2272 1611 2318 priore,
1635 2278 1732 2306 vates

275 2320 411 2364 quidam
436 2324 510 2354 erat
533 2320 705 2360 hebraeus,
730 2331 770 2354 ex
795 2321 995 2366 captivitate
1017 2321 1226 2363 Israelitica‚
1253 2320 1386 2355 nomine
1407 2319 1548 2353 Daniel:
1584 2316 1651 2351 luit
1673 2316 1731 2350 hic

273 2365 402 2399 Divina
425 2365 589 2410 sapientia
613 2365 806 2410 praeditus3
845 2377 1007 2410 quemque
1037 2379 1100 2401 rex
1121 2366 1247 2402 Darius
1269 2377 1392 2400 summo
1422 2364 1541 2398 habuit
1562 2362 1598 2396 in
1621 2363 1730 2396 hono-

275 2422 336 2451 re,
360 2422 442 2452 nec,
467 2410 530 2445 nisi
552 2422 626 2445 cum
648 2422 689 2444 eo
712 2411 807 2456 prius
828 2412 1068 2446 communicata
1090 2424 1149 2454 re,
1173 2411 1294 2449 hostile
1316 2410 1444 2455 aliquid
1468 2419 1644 2453 aggressus
1667 2410 1728 2442 est.

276 2456 409 2490 Bellum
433 2461 544 2490 autem
567 2460 799 2501 suscepturus,
844 2457 902 2490 ubi
923 2457 1097 2491 Danielem
1121 2458 1352 2497 consuluerat,
1385 2457 1497 2489 hostes
1519 2453 1644 2497 ubique
1666 2453 1729 2486 de-

275 2502 429 2535 bellavit.
462 2501 584 2537 Daniel
608 2509 720 2537 autem
742 2501 829 2543 iste,
854 2506 967 2536 aetate
987 2504 1056 2547 jam
1083 2503 1244 2547 grandior
1268 2502 1394 2542 sactus,
1418 2506 1455 2533 et
1473 2499 1598 2544 opibus
1622 2499 1729 2532 abun-

276 2547 381 2589 dans,
405 2552 482 2591 post
504 2547 602 2582 Darii
625 2548 774 2589 obitum,
798 2547 833 2581 in
857 2547 1097 2582 Marabitidem
1119 2548 1289 2592 regionem
1313 2545 1479 2591 privatam
1502 2545 1606 2579 vitam
1628 2549 1728 2597 actu:

276 2603 357 2633 rus,
395 2593 545 2628 recessit.
592 2594 688 2629 Haec
711 2594 769 2627 ubi
793 2593 940 2627 audisset
962 2593 1091 2638 Cyrus,
1130 2593 1234 2627 mittit
1256 2604 1300 2626 ex
1323 2590 1527 2626 Primoribus
1549 2589 1636 2631 suis,
1669 2599 1727 2634 qm

276 2636 450 2672 Danielem
474 2639 659 2674 honorifice
683 2639 897 2674 adducerent.
945 2639 1068 2683 Legati
1087 2638 1240 2679 interim,
1266 2636 1324 2682 qui
1346 2648 1368 2671 a
1384 2637 1510 2671 Croeso
1535 2635 1579 2670 ad
1600 2635 1726 2680 Cyrum

277 2682 366 2716 missi
388 2684 548 2726 fuerant,
571 2685 716 2729 Lydiam
737 2684 884 2726 reversi,
913 2683 997 2729 cyri
1019 2695 1212 2729 responsum
1233 2682 1309 2727 regi
1331 2694 1389 2717 suo
1412 2682 1614 2716 retulerunt.

369 2729 512 2763 Croesus
536 2735 667 2772 autem,
701 2730 873 2775 Lydorum
895 2741 978 2772 rex,
1011 2730 1097 2764 fidos
1119 2728 1279 2774 quosdam
1302 2740 1343 2763 ex
1366 2727 1434 2762 suis
1457 2727 1605 2772 delegit,
1643 2736 1726 2770 quos

276 2772 372 2806 donis
396 2778 465 2808 tum
488 2775 631 2818 vilibus,
661 2780 732 2811 tum
755 2775 858 2821 regiis
880 2775 1078 2817 instructos,
1108 2775 1277 2820 Delphos,
1308 2774 1351 2808 ad
1374 2773 1556 2807 Oraculum
1579 2770 1724 2811 dimisit3

277 2818 393 2853 dicens
424 2820 493 2855 eis:
535 2822 697 2864 „Habitu
728 2827 839 2857 vestro
870 2824 1022 2867 mutato,
1058 2819 1260 2868 Aegyptium
1282 2819 1378 2856 vobis
1399 2818 1536 2855 sumite:
1574 2821 1612 2853 et
1634 2817 1725 2852 Ora-
