1838 3230
591 113 1064 161 ANNOTATIONES.
1462 122 1563 172 645
1631 104 1633 106 ’

59 280 61 282 q
86 234 88 237 ’
140 234 162 258 V
204 231 314 298 Pag.
339 228 439 274 430.
469 230 508 274 4.
539 229 604 272 καὶ
625 246 721 280 τους
736 228 915 280 ὑπάτους
935 229 1092 282 αυτῶν]
1122 232 1240 273 Forte
1263 231 1520 285 legendumf
1495 238 1564 276 αν-

97 282 322 335 θυπᾶτους.
381 287 565 326 Armenia
596 287 698 326 enim
719 301 738 324 a
762 289 1069 329 proconsulibus
1103 289 1374 329 administrata
1391 291 1488 342 suit3
1518 299 1565 331 ut

99 348 266 396 apparet
282 355 333 382 ex
356 343 560 383 Justiniani
582 343 868 383 Constitutione
890 359 984 396 xxi,
1014 345 1118 385 hanc
1140 346 1308 386 habente
1329 347 1564 416 Inscliptio-

0 432 14 447 ,
41 427 45 435 1
97 413 209 440 nem·
259 400 294 439 Ο
323 394 438 448 αὐτὸς
464 397 651 452 βασιλεῦς
675 402 840 454 Ακακίῳ
880 418 934 468 τῳ
961 399 1310 459 μεγαλοπρεστάτῳ
1339 399 1562 445 ἀνθυπάτω

96 455 310 523 Αρμενίας.
357 455 543 510 Ejusdem
564 456 680 495 etiam
698 457 986 496 Constituuone
1004 473 1119 500 xxxi.
1137 459 1236 499 haec
1250 444 1453 511 leguntur:
1488 458 1562 501 ω’σ-

95 526 139 554 τε
173 507 378 581 τεσσάρων
405 515 624 580 Αρμενιῶν
649 509 804 563 ου’σῶν,
836 510 911 554 δύο
944 512 1017 567 μὲν
1046 512 1150 556 εἶναι
1183 518 1458 583 σπεκταβιλίας
1487 515 1562 570 τήν

96 583 138 610 τε
156 582 228 611 του
249 563 511 639 a'vffvnavov‘,
539 564 615 621 τήν
635 584 675 610 τε
707 572 780 610 τοῦ
796 566 990 622 κόμητος·
1020 572 1088 612 καὶ
1108 569 1346 614 α’νθύπατον
1365 571 1437 626 μὲν
1460 570 1563 615 εἶναι

95 640 168 668 τον
193 627 267 694 τῆς
278 639 451 692 “nonnus-
469 622 697 679 1ἡγούμενον
717 627 939 695 Αρμενίας,
970 625 1124 680 κόμητα
1154 627 1196 669 δὲ
1219 627 1285 670 τὸν
1310 633 1383 696 τῆς
1409 630 1560 684 τρίτης·

94 697 165 724 τον
182 678 226 723 δὲ
245 683 317 734 τῆς
336 681 532 735 δευτέρας,
562 681 630 722 και
654 698 850 735 τεταρτης,
881 679 1131 737 ὄρδιναρίους
1149 682 1406 728 καθεσταναι.

206 734 308 791 Peg.
338 738 434 780 430
474 742 513 781 7.
565 735 765 791 α’ριθμους
791 739 991 805 τέσσαρας.
1002 741 1015 791 ]
1057 741 1177 788 Quod
1203 740 1349 781 Nosuo
1388 739 1562 796 ἀριθμὸς

27 806 34 811 ·
95 793 184 834 aliis
207 795 495 834 recentioribus
521 795 752 848 plerumque
782 792 980 862 νούμερον
998 796 1167 847 dicitur,
1197 798 1390 838 vocabulo
1410 799 1558 841 Latino.

95 850 260 891 saidas·
289 854 480 905 Σπεῖραι,
510 849 650 904 πλήθη
670 848 994 904 στρατευμάτων,
1026 850 1203 907 φάλαγγε
1207 870 1245 902 ς,
1275 852 1465 910 νούμερα,
1498 860 1561 897 λε-

95 923 222 974 γεωνε
251 908 360 958 quod
377 921 474 947 xe1o
494 908 683 947 militibus
705 909 927 957 constabat,
957 923 1096 948 numer
1101 924 1145 948 us
1165 925 1247 949 non
1266 911 1393 954 docet.
1452 913 1560 952 Mille

97 964 139 1003 in
159 977 200 1003 se
224 962 410 1004 habuisse
439 964 660 1015 colligimus
691 980 740 1004 ex
763 965 964 1005 cedreno:
995 966 1105 1017 quod
1132 969 1235 1007 enim
1257 968 1407 1007 Auctor
1427 975 1560 1007 noster
1631 987 1633 989 ·

97 1017 299 1075 ἀριθμούς
315 1020 526 1074 τέσσαρας,
554 1021 755 1060 cedrenus
776 1019 954 1073 χιλιάδας
979 1021 1185 1091 τέσσαρας,
1216 1031 1357 1072 vocat,
1388 1025 1438 1064 de
1458 1025 1560 1064 Sitta

98 1078 200 1117 duce
226 1077 349 1117 verba
374 1077 547 1116 habens:
585 1078 732 1119 δέδωκε
759 1077 802 1119 δὲ
820 1074 925 1133 αὐτῷ
956 1078 1022 1119 καὶ
1050 1075 1133 1120 dno
1165 1075 1361 1133 ανατολῆς
1394 1079 1560 1135 στρατόν

93 1129 276 1187 χιλιάδας
301 1133 512 1189 τέσσαρας,
541 1134 609 1176 καὶ
637 1134 773 1189 γέγονε
801 1120 948 1188 μεγάλη
979 1133 1140 1188 φυλακή
1167 1135 1236 1176 καὶ
1267 1135 1440 1190 βοηθεια
1482 1140 1558 1178 Ρω-

93 1191 239 1244 μαίων.

213 1249 428 1301 Pag·430.
463 1249 527 1289 10.
568 1242 733 1300 ὀνόματι
749 1247 957 1311 Κομητῷ]
989 1249 1558 1301 801·.ΚομιτωιΤ11εοᾶυτιιε

94 1303 295 1354 Augustae
315 1317 432 1343 sorm
455 1317 497 1342 ει
499 1310 538 1342 at
555 1310 652 1342 natu
682 1303 821 1357 major.
859 1289 937 1343 D‘e
959 1306 1166 1355 utriusque
1184 1319 1281 1344 vero
1304 1314 1408 1357 ortu,
1439 1313 1557 1358 atque

92 1360 339 1400 Educatione
357 1359 426 1413 qui
455 1360 600 1400 certim
620 1360 707 1400 fieri
727 1361 830 1411 vult,
862 1362 1042 1400 consulat
1061 1362 1324 1415 Procopium,
1352 1363 1394 1401 in
1412 1362 1554 1404 Arcan.

90 1416 243 1457 Histor.

204 1470 426 1526 Pag.430.
461 1473 525 1515 14.
573 1471 609 1514 εἶ
627 1470 681 1526 μὴ
703 1470 778 1514 όσα
797 1472 875 1529 πρὸ
891 1477 965 1516 τοῦ
987 1473 1184 1541 γενέσθαι
1196 1473 1379 1526 ἕκαστος]
1410 1475 1555 1513 Sensus

92 1529 347 1599 imperfectus
362 1528 542 1569 videtur.
573 1530 837 1582 supplendum
857 1545 993 1570 censeo
1014 1529 1113 1571 ὥστε
1133 1547 1186 1583 μη
1205 1534 1555 1583 κληρονομεῖσθαι,

96 1587 134 1627 εἰ
151 1582 204 1637 μὴ
230 1582 307 1626 όσα
327 1601 404 1637 προ
427 1589 499 1626 τοῦ
518 1585 705 1638 γενέσθαι
724 1586 904 1635 ἓ’καστος.·
936 1601 1035 1638 quae
1056 1587 1177 1625 verba
1203 1587 1312 1640 apud
1333 1587 1555 1627 Οεᾶιεηιιαι

94 1641 315 1692 habentur,
347 1648 465 1692 atque
482 1641 666 1680 hocloco
689 1644 849 1681 omnino
872 1643 1027 1682 deside1
1030 1650 1155 1682 antur.

208 1697 305 1751 Peg.
333 1698 429 1740 430
462 1700 525 1740 19.
556 1695 827 1750 μετονομάσας
857 1695 983 1752 αυτὴν
1009 1696 1426 1751 Ιουστινιανούπολιν]
1460 1698 1551 1740 Chr.

95 1755 208 1795 Alex.
226 1753 468 1806 Stephanus,
498 1755 581 1793 sive
600 1755 730 1806 potius
756 1756 839 1808 ejus
857 1756 1058 1794 breviator
1078 1756 1330 1805 Hermolaus,
1361 1754 1554 1794 Justinia-

93 1827 181 1862 nas,
209 1817 347 1850 vocnt:
377 1810 519 1862 Συκαὶ,
552 1808 667 1858 πόλις
688 1827 849 1866 αντικρυ
872 1815 944 1865 τῆς
964 1811 1058 1860 νέας
1081 1809 1236 1866 Ρώμης,
1266 1811 1296 1864 ἦ
1317 1808 1419 1852 καθ’
1446 1810 1554 1864 ἡμᾶς

94 1866 365 1909 Ιουστινιαναὶ
383 1872 762 1961 προσαγορευθεῖσα

614 1921 841 1939 ἱἱἱ

92 1981 152 2020 De
179 1980 351 2019 Historia
377 1994 473 2020 vero
502 1980 579 2019 hac
605 1982 788 2021 convenit
813 1983 905 2020 satis
931 1983 1034 2020 inter
1057 1982 1275 2020 Auctorem
1291 1981 1477 2019 Nostrum
1511 1987 1551 2020 et

95 2037 337 2077 cedrenum:
366 2036 417 2076 de
439 2038 664 2076 nominibus
681 2052 759 2077 non
781 2039 890 2078 item.
923 2039 1068 2090 Regina
1100 2038 1202 2076 enim
1219 2037 1318 2076 haec
1338 2038 1459 2077 vidua
1480 2038 1551 2075 Ce-

95 2094 220 2134 dreno
239 2091 393 2148 Βαρήζ,
425 2095 587 2133 maritus
610 2108 704 2133 vero
732 2094 814 2147 ejus
840 2093 1007 2148 Μαλαχ,
1036 2094 1235 2135 dicuntur.
1296 2095 1359 2132 Ex
1390 2094 1550 2144 regibus

94 2164 190 2191 vero
214 2150 407 2190 Hunnicis
440 2151 488 2190 ab
519 2151 655 2190 eadem
683 2151 900 2203 profligatis
938 2153 1106 2192 alterum
1133 2146 1344 2205 Στυρακα,
1382 2150 1549 2188 alterum

94 2204 268 2302 Γλώηνα
258 2213 390 2248 vocat.

268 2264 438 2317 5π431.
471 2268 533 2307 12.
563 2263 632 2305 καὶ
659 2262 894 2315 ἐφούλκισεν
920 2261 1063 2315 αὐτὸν]
1102 2263 1206 2302 Infra
1237 2262 1353 2301 etiam
1381 2261 1450 2300 lib.
1480 2265 1546 2305 18.

93 2319 284 2360 habemus
302 2336 397 2368 τους
414 2318 486 2374 μὲν
509 2318 741 2372 ἐφούλκισε,
771 2320 901 2375 ἑτέρας
925 2320 969 2362 δὲ
997 2316 1273 2385 απεκεφάλισε
1305 2319 1547 2370 φουρκίζειν,

95 2379 180 2415 sive
205 2378 452 2427 φουλκίζειν,
492 2385 663 2429 utroque
692 2378 793 2416 enim
824 2378 942 2416 modo
968 2378 1129 2428 legitur,
1167 2377 1208 2413 in
1225 2374 1391 2430 furcam
1419 2389 1544 2426 agere,

95 2431 301 2483 significat.
359 2434 441 2472 Nec
468 2435 570 2472 enim
597 2434 826 2473 doctissimo
854 2435 1026 2474 Meursio
1052 2431 1238 2470 accedere
1265 2444 1446 2483 possum,
1477 2431 1547 2482 qui

95 2489 286 2528 vocabula
305 2489 403 2528 haee
423 2490 649 2541 distinguit,
681 2498 720 2530 et
741 2492 967 2544 φουρκίζειν
991 2488 1185 2541 quidem·
1170 2503 1211 2526 1η
1217 2485 1387 2542 furcam
1418 2501 1543 2539 agere,

95 2546 323 2598 φουλκίζειν
350 2559 469 2596 vero,
501 2545 778 2600 Strongulam,
807 2547 1026 2599 significare
1051 2543 1267 2583 contendit.
1326 2545 1414 2592 Qua
1441 2542 1545 2582 enim

96 2602 146 2642 de
172 2615 288 2640 causa
314 2601 482 2642 Hunnus
510 2604 586 2642 iste
611 2603 661 2641 ad
687 2605 809 2657 Sycas
841 2604 1083 2651 mitteretm,
1123 2607 1168 2639 ut
1189 2599 1246 2637 ibi
1275 2606 1352 2638 tam
1387 2599 1544 2652 privato

94 2657 234 2697 mortis
256 2671 395 2709 genere
412 2660 590 2711 periret?
619 2661 703 2699 Imo
725 2661 857 2713 potius
878 2661 918 2698 in
936 2659 1120 2723 opposito
1140 2656 1227 2695 urbi
1255 2656 1369 2696 litore
1390 2659 1544 2722 Sycoeno

91 2713 137 2754 in
166 2715 317 2753 furcam
346 2716 579 2766 agebantur3
619 2722 666 2755 ut
691 2717 746 2756 ibi
774 2717 813 2755 in
842 2716 1011 2755 omnium
1042 2714 1166 2754 oculis
1196 2713 1334 2764 positi,
1372 2714 1405 2752 si
1438 2713 1544 2752 cives

97 2776 208 2811 erant
225 2771 420 2822 seditiosi,
448 2773 512 2812 vel
531 2772 669 2825 flagitii
688 2774 960 2827 cujuscunque
992 2770 1089 2810 alius
1115 2769 1191 2821 rei,
1220 2769 1379 2810 caeteris
1407 2770 1447 2809 in
1466 2776 1545 2808 ter-
