1838 3230
200 395 301 432 028

322 168 352 213 7
356 167 421 212 00
904 163 1178 210 *BENTLEII

735 279 842 318 Clam
861 279 963 318 divis
979 280 1085 318 nimi’
1100 280 1133 333 †
1165 279 1299 321 doctu'
1318 279 1572 322 Prometheus

855 335 906 379 †)
937 334 992 369 vel
1013 334 1100 370 catu’
1123 334 1237 370 doctu'

737 392 927 444 Clepsisse
946 391 1060 443 dolo,
1082 406 1306 445 poenasque
1329 394 1417 434 Jovi

733 447 844 486 Furti
865 448 1096 500 expendisse
1115 462 1309 500 supreme.

326 503 379 543 Ut
395 503 446 542 ad
465 502 728 555 Porphyrium
745 510 944 551 revertar3
970 504 1070 542 illud
1095 507 1231 556 utique
1250 508 1349 545 scire
1372 507 1520 558 cupio‚'
1536 520 1615 559 quo
1631 514 1767 547 aucto-

325 572 372 598 re
391 561 452 599 vir
468 560 667 600 Illustriss.
686 559 928 625 ταυροδέτρῳ
947 565 1142 612 κραθέῖσα
1168 561 1215 599 de
1247 562 1579 612 conglutinatione
1607 577 1767 616 accepe-

328 616 395 654 rit.
450 617 486 653 N
488 630 549 654 am
570 620 781 668 πραθεῖσα,
813 617 884 654 nisi
905 616 1033 654 omnia
1048 630 1111 654 me
1130 616 1289 666 fallunt,
1321 624 1379 656 est
1395 618 1588 670 permixta
1607 625 1647 658 et
1665 626 1767 658 tem-

328 677 488 723 perata,
537 685 614 709 non
657 671 865 722 conjuncta
904 677 942 709 et
979 679 1201 724 compacta.
1238 670 1500 740 ταυρόδετρον
1534 680 1687 725 autem,
1722 682 1768 714 ut

327 728 525 779 principio
551 727 651 776 dixi,
688 728 804 779 plane
831 727 1054 766 barbarum.
1123 727 1228 775 Quin
1253 735 1292 767 et
1310 726 1543 780 ταυρόὸετος
1567 743 1652 770 non
1673 731 1768 770 alibi

329 784 504 834 reperio;
543 797 668 834 neque
694 797 790 821 vero
819 783 1014 834 intellige,
1054 783 1122 834 qui
1152 785 1352 823 commode
1382 785 1462 823 dici
1494 787 1651 837 poterit.
1715 788 1769 825 Ut

330 838 555 886 ἇλυσίδετος
574 845 633 877 est
652 835 788 879 ἁλύσει
804 839 957 887 δεθεὶς,
983 835 1193 891 κηρόδετος
1219 843 1330 895 κηρῷ
1359 847 1397 878 et
1419 841 1529 892 siqua
1551 848 1644 880 sunt
1668 843 1766 884 alia·

329 895 387 933 sic
408 902 448 933 et
464 892 696 945 ταυρόδετος
714 895 833 933 fuerit
848 893 979 958 ταύρω
1001 894 1223 947 δεδεμένος,
1256 897 1390 946 [tauro
1409 904 1658 966 comp-actus,
1687 913 1769 938 non

330 951 481 1001 glutino
500 952 668 991 taurino.
679 952 692 1001 ]
750 951 846 989 Nam
872 953 957 1002 quis
981 951 1142 989 obsecro
1171 953 1317 1003 ταῦρον
1345 953 1549 1003 usurpavit
1581 950 1671 994 ἀντὶ
1697 957 1770 1005 τῆς

328 1004 622 1057 ταυροκόλλαςῗ
650 1007 829 1045 Demiror
853 1014 984 1045 tamen
1009 1007 1112 1045 unde
1136 1007 1204 1044 illa
1231 1007 1273 1044 iu
1291 1007 1500 1059 Porphyrii
1535 1015 1573 1047 et
1594 1010 1768 1048 Erotiani

330 1063 485 1101 codices
505 1063 745 1114 irrepserint.
801 1063 918 1100 Haud
937 1077 1028 1101 sane
1043 1069 1186 1101 temere
1203 1063 1244 1100 id
1260 1063 1408 1102 factum
1423 1063 1606 1104 videtur:
1636 1066 1770 1117 itaque
1835 1083 1838 1086 ·

329 1117 466 1156 haeret
490 1118 585 1156 haec
611 1133 691 1168 res3
731 1133 859 1170 neque
890 1125 1071 1170 pionipte
1102 1119 1288 1169 expedire
1321 1132 1494 1171 possum.
1529 1120 1615 1160 Ne
1643 1127 1770 1160 tamen

330 1171 555 1226 οἷσύμβολος
579 1174 659 1212 huc
689 1175 864 1224 veniam;
896 1175 1022 1213 donec
1048 1174 1196 1225 aliquid
1223 1176 1361 1213 melius
1388 1176 1602 1226 succurrit,
1629 1190 1769 1216 censeo

329 1237 375 1268 ut
393 1229 610 1282 ταυροδέτω
629 1230 678 1267 de
698 1231 825 1269 medio
849 1232 1068 1269 auferatur:
1101 1232 1212 1282 (cum
1231 1231 1312 1269 sine
1330 1245 1376 1269 eo
1407 1232 1521 1283 plena
1542 1232 1593 1270 sit
1612 1239 1767 1271 senten-

328 1287 406 1333 tia,
441 1289 494 1338 τῷ
523 1289 760 1337 κολληθεῖσα
793 1285 943 1341 ὅρμοις,
988 1300 1037 1325 ex
1063 1286 1271 1325 Homerico
1299 1287 1395 1338 isto,
1425 1293 1470 1325 ut
1494 1287 1670 1339 videtur,
1701 1289 1769 1327 ad-

328 1341 529 1393 umbrata3
1388 1361 1390 1363 ·

548 1395 748 1448 Κολλητας
765 1394 805 1437 δ’
829 1396 1006 1449 ἐπέθηκα
1024 1395 1154 1450 θύρας
1172 1400 1348 1445 πυκινῶς
1364 1394 1565 1451 ἀραρυίας.

329 1453 458 1504 Atque
485 1453 563 1492 hoc
590 1461 705 1505 pacto
740 1450 854 1505 βασις
885 1455 960 1491 ista
994 1450 1276 1504 οἷναπαιστικη,
1321 1466 1457 1492 versus
1485 1455 1670 1494 videlicet
1700 1456 1770 1507 qui

325 1510 618 1560 paroemiacum
644 1510 859 1558 antecedit,
887 1516 1174 1548 monometlum
1205 1509 1277 1547 erit
1304 1511 1581 1559 acatalectum3
1610 1517 1656 1549 ut
1676 1525 1769 1562 pio-

327 1566 431 1603 secto
460 1567 690 1617 plerumque
720 1572 794 1615 est,
836 1573 874 1605 et
900 1565 942 1603 in
970 1565 1048 1603 hoc
1076 1566 1162 1616 ipso
1194 1565 1351 1616 quidem
1378 1566 1467 1604 loco
1496 1567 1586 1618 plus
1609 1565 1767 1621 semel.)

328 1621 489 1661 Caetera
511 1629 639 1661 autem
663 1635 784 1672 porro
806 1621 862 1659 sic
880 1621 1076 1671 legantur:

541 1680 638 1717 Ηκω
663 1676 827 1725 ζαθέους
846 1692 967 1724 ναους
985 1674 1188 1730 προλιπων

547 1730 618 1780 Οἷς
643 1730 860 1786 αὕθιγενης
876 1737 1072 1784 τμηθεῖσα
1091 1728 1236 1778 δοκους

546 1787 745 1841 Στεγανοῖς
761 1788 918 1839 παρέχει
937 1787 1132 1842 Χαλύβων
1149 1785 1317 1836 πελέκει,

547 1845 629 1884 Καὶ
646 1841 873 1896 κολληθεῖσ’

545 1905 731 1949 Ατρεκεῖς
749 1899 876 1951 ἅρμας
894 1897 1148 1949 κυπαρισσος.

546 1955 702 1995 Adsum
723 1971 749 1994 a
766 1957 910 1994 sanctis
931 1955 1102 2009 templis,
1131 1953 1285 1993 validas

553 2010 700 2060 Quibus
720 2011 900 2064 indigena
919 2022 972 2050 est
992 2021 1096 2050 sueta
1118 2025 1312 2061 cupressus

549 2065 736 2105 Praebere
751 2067 897 2117 trabes,
927 2083 1037 2107 caesa
1061 2067 1183 2106 securi

553 2119 789 2173 Chalybum,
818 2134 932 2176 atque
956 2133 1085 2162 arcias

555 2175 802 2230 Compages„
786 2178 926 2217 “latine
941 2181 1081 2218 vincia.

335 2230 440 2269 Alibi
463 2231 575 2269 nimis
609 2241 844 2283 occupatum
870 2234 1008 2272 habuit
1033 2233 1203 2272 animum
1227 2231 1249 2274 ὅ
1273 2247 1400 2280 πανυ,
1431 2243 1519 2281 ,cum
1543 2228 1643 2267 11]ῦᾶ
1674 2229 1771 2279 δρῦς

337 2288 707 2327 comminisceretur.
745 2290 823 2326 Cur
841 2290 940 2328 enim
960 2303 1126 2341 quercus
1144 2294 1351 2328 vocaretur
1368 2282 1614 2339 αὕθιγενήςὶ)
1647 2285 1770 2335 quid?

333 2356 414 2381 non
434 2344 527 2381 alibi
547 2349 625 2381 tam
649 2344 830 2395 frequens
850 2359 966 2394 quam
994 2346 1034 2383 in
1058 2347 1169 2384 Creta
1199 2343 1455 2382 nascebatur?
1485 2342 1564 2391 Ego
1579 2354 1698 2390 vero,
1726 2348 1772 2379 ut

332 2399 504 2450 primum
529 2400 652 2438 oculis
671 2401 835 2439 verbum
855 2401 953 2438 illud
976 2402 1139 2451 agnovi,
1172 2400 1357 2438 continuo
1379 2396 1619 2449 deprehendi
1639 2394 1770 2436 κυπά-

333 2467 469 2506 ρισσος
499 2469 519 2492 a
545 2462 661 2506 poeta
691 2456 881 2523 scriptum
913 2470 994 2494 esse
1022 2470 1102 2494 non
1134 2457 1388 2508 κυπαρίσσου.
1444 2454 1538 2490 Eam
1567 2452 1668 2490 enim
1687 2452 1770 2490 illic

333 2511 581 2549 memineram
604 2525 684 2550 esse
705 2526 799 2551 vere
830 2508 1042 2564 αὕθιγενῆ,
1073 2518 1111 2550 et
1137 2512 1324 2549 Creticam
1345 2515 1555 2560 propterea
1581 2508 1772 2560 appellari

334 2580 356 2604 a
389 2567 622 2605 Plutarcho:
651 2571 693 2607 H
723 2565 920 2619 Ισθμικὴν
945 2568 1061 2606 πίτυν
1092 2564 1120 2619 ἢ
1146 2563 1347 2621 Κρητικην
1369 2561 1639 2618 κυπάρισσον·
1669 2564 1771 2602 Sicut

206 2623 239 2656 Ο
269 2621 316 2659 29
338 2628 375 2661 et
395 2622 570 2673 Idaeam,
600 2638 623 2660 a
640 2623 835 2662 Nicandro
858 2630 896 2662 et
918 2622 1098 2672 Virgilio:

544 2678 755 2731 Σπέρματα
774 2676 1019 2732 βουπλεύρου
1038 2693 1078 2717 τε
1097 2676 1164 2717 καὶ
1183 2677 1317 2728 maim·
1333 2675 1588 2728 κυπαρίσσου.

549 2736 629 2773 Nec
651 2736 758 2773 salici
779 2737 940 2787 lotoque
959 2747 1084 2784 neque
1103 2732 1227 2770 idaeis
1250 2733 1473 2783 cypalissis.

451 2789 597 2829 Plinius
615 2804 701 2832 XVI.
719 2794 785 2834 33.
808 2791 858 2831 de
879 2803 1061 2842 cupresso
1079 2789 1264 2840 loquens3
1292 2787 1422 2838 Huic,
1442 2788 1520 2838 ait,
1549 2785 1723 2827 Patria‘
1707 2801 1769 2825 ιη-
