1838 3230
430 162 1068 209 CHRONOGRAPHIA.
1125 163 1173 208 L.
1204 164 1299 208 ΧΠ.
1508 171 1606 218 311

123 281 252 329 νάτου
280 279 397 337 Διός.
468 285 536 328 καὶ
553 281 690 329 ἴκτοτε
708 275 859 340 ἔζαεινεν
883 283 1026 335 οὕτως.
1099 289 1267 347 τελευτᾷ
1285 285 1331 329 δὲ
1354 284 1445 346 ἰδίῳ
1465 284 1605 330 θανά-

123 371 206 414 τῳ,
244 353 302 398 ὢν
323 355 521 398 ἐνιαυτῶν
544 352 623 407 οβ’,
1103 381 1122 397 0

225 422 354 467 Μετὰ
371 423 418 467 δὲ
431 422 480 467 τὸ
497 421 739 466 ἀποθέσθαι
766 421 839 466 τὸν
857 421 1155 478 Διοκλητιανόν
1171 421 1248 478 τὴν
1271 423 1485 476 βασιλείαν
1502 422 1604 478 ἔβα-

124 491 283 535 ossava-5
303 491 570 546 Μαξιμιανὸς
590 489 611 535 ὃ
635 494 700 534 καὶ
719 492 884 546 ἐπίκλην
900 489 1131 547 Ἑρκούλιος
1153 490 1222 546 ἔτη
1243 489 1318 535 ιθ’.
1389 493 1458 534 καὶ
1481 491 1603 535 ἀνελ-

90 563 218 604 sacas·
239 560 282 604 ἓν
296 557 431 618 Ῥώμῃ
455 557 731 616 ἐθριάμβευσε
763 560 838 615 τὴν
858 560 964 603 κατὰ
980 563 1160 616 Περσῶν
1191 561 1259 602 καὶ
1276 561 1516 616 Αἰγυπτίων
1536 562 1597 604 νί-
1621 566 1654 601 D

123 646 213 685 κην.
283 623 336 684 ἦν
363 630 408 672 δὲ
436 626 617 686 μακρός,
653 627 875 685 εὖσθενής,
912 627 1152 684 μιξοπόλιος
1175 628 1252 684 τὴν
1276 626 1431 686 κάραν,
1469 627 1602 673 ἁπλό-

121 699 245 754 θριξ,
280 694 578 753 τελειοπῶγων,
614 696 882 754 μελάγχρους,
918 697 1089 755 εὕρινος,
1126 694 1407 755 εὖόφθαλμος,
1444 696 1601 755 ἐλλόγι-

121 783 213 821 μος.
282 765 511 822 ἠγωνίσατο
536 767 580 809 δὲ
602 769 669 809 καὶ
692 767 818 817 αὐτὸς
849 766 954 809 κατὰ
976 769 1221 823 χριστιανῶν
1250 768 1318 809 καὶ
1341 765 1600 824 ἐτιμωρήσα-

121 851 171 878 το
190 834 368 885 πολλοὺς
386 833 546 891 ἁγίους·
584 836 626 878 ἓν
648 834 710 886 οἷς
731 834 1011 892 ἐμαρτύρησεν
1034 833 1055 878 ὃ
1077 833 1192 891 ἅγιος
1211 835 1467 878 Πανταλέων
1488 837 1554 878 καὶ
1578 834 1600 878 ὃ

67 901 237 960 1οἅγιος
263 901 457 959 Ἦσύχιος
478 906 544 947 καὶ
570 902 591 947 ὃ
622 903 734 961 ἅγιος
748 903 977 962 Ἕρμιππος
1003 905 1071 946 καὶ
1097 902 1118 947 ὅ
1145 902 1259 960 ἅγιος
1285 901 1510 961 Ἑρμόλαος
1534 906 1602 947 καὶ

118 969 143 1015 ὅ
163 971 276 1028 ἅγιος
293 970 587 1030 Ἑρμοκράτης.

223 1043 309 1084 Καὶ
329 1039 450 1085 πάλιν
463 1041 697 1095 Ὀλυμπίων
718 1039 924 1097 ἀγομένων
946 1041 987 1083 ἓν
1006 1044 1058 1098 τῇ
1076 1039 1205 1083 αὗτοῦ
1224 1041 1428 1101 βασιλείᾳ,
1451 1028 1600 1087 ἐλθόν-

119 1126 193 1160 τος
225 1109 354 1153 αὐτοῦ
383 1111 426 1153 ἔν
453 1115 505 1168 τῇ
536 1110 717 1167 ἀνατολῇ
749 1111 854 1153 κατὰ
877 1110 1097 1166 Ἀρμενίων
1128 1107 1472 1165 τυραννησάντων
1499 1108 1601 1153 Ῥω-

119 1179 268 1234 μαίους
279 1211 292 1232 ,
329 1176 497 1235 νικήσας
517 1178 670 1228 αὐτοὺς
688 1178 793 1221 κατὰ
813 1176 964 1236 κράτος
985 1179 1052 1221 καὶ
1072 1176 1283 1230 ὑποτάξας
1304 1176 1456 1228 αὐτούς
1463 1211 1476 1231 ,
1514 1196 1600 1232 μα-

65 1258 110 1292 15
122 1247 213 1291 θῶν
237 1248 283 1291 δὲ
303 1246 375 1291 τὸν
396 1247 538 1304 καιρὸν
561 1251 645 1291 τῶν
662 1246 897 1302 Ὀλυμπίων
924 1244 1122 1303 ὖπάρχειν
1132 1279 1146 1299 ,
1184 1247 1423 1304 παρεγένετο
1448 1248 1489 1289 ἓν
1503 1246 1598 1291 Ἀν-
1619 1256 1654 1291 Ε

119 1317 272 1375 τιοχείᾳ
290 1316 359 1359 διὰ
382 1317 459 1367 τὰς
480 1314 702 1371 ἐπισήμους
728 1314 884 1373 ἡμέρας
905 1320 979 1359 τοῦ
1004 1315 1174 1372 ἀγῶνος.
1245 1318 1312 1359 καὶ
1332 1315 1514 1374 φορέσας
1530 1318 1599 1358 καὶ
1623 1327 1656 1361 Ο
1680 1325 1750 1362 413

119 1385 246 1436 αὐτὸς
265 1385 312 1428 τὸ
334 1389 473 1441 σχῆμα
504 1389 578 1428 τοῦ
601 1383 834 1441 ἀλυτάρχου
855 1383 1134 1441 ἀλυτάρχησε·
1171 1386 1239 1427 καὶ
1258 1385 1509 1441 ἠγωνίσαντο
1532 1387 1600 1428 καὶ

119 1453 183 1496 ἐπὶ
209 1453 339 1496 αὐτοῦ
359 1455 403 1496 ἐκ
426 1457 500 1497 τοῦ
520 1452 655 1509 δήμου
685 1453 805 1496 τέκνα
834 1457 1110 1510 συγκλητικῶν
1132 1455 1200 1496 καὶ
1222 1455 1477 1510 συγκλητικοὶ
1498 1452 1600 1497 νεώ-

117 1536 249 1578 τεροι·
274 1524 342 1565 καὶ
366 1523 404 1566 οἷ
425 1523 499 1577 μὲν
518 1520 726 1576 ἐπάλαιον,
751 1524 790 1566 οἶ
811 1524 855 1565 δὲ
877 1522 1051 1579 ἔτρεχον,
1076 1522 1115 1564 οἱ
1138 1523 1182 1565 δὲ
1201 1523 1534 1579 ἐπαγκρατίαζον,
1561 1523 1600 1564 οἱ

61 1593 165 1636 Ξοδὲ
184 1588 390 1647 ἡνιόχουν,
421 1592 459 1635 οἱ
480 1593 524 1634 δὲ
544 1589 778 1646 ἐπύκτευον,
816 1592 854 1635 οἳ
877 1592 921 1634 δὲ
939 1589 1227 1649 ἐφωνάσκουν·
1251 1593 1332 1636 ,καὶ
1353 1591 1391 1633 οἳ
1411 1595 1600 1640 νικῶντες

119 1658 354 1714 ἐλάμβανον
371 1661 531 1714 μείζους
554 1660 684 1712 ἀξίας,
715 1660 754 1703 οἳ
774 1661 819 1703 δὲ
839 1660 1092 1717 προέκοπτον
1111 1660 1153 1702 ἓν
1171 1666 1262 1709 ταῖς
1281 1661 1512 1714 στρατείαις
1534 1660 1598 1701 δι’-

115 1746 173 1784 χα
210 1732 289 1772 τῶν
317 1729 540 1783 διδομένων
573 1729 713 1778 αὐτοῖς
750 1733 1003 1786 φιλοτιμιῶν.
1077 1727 1257 1771 ἀπέθετο
1301 1729 1345 1771 δὲ
1377 1730 1444 1771 καὶ
1475 1728 1601 1777 αὐτὸς

211 1840 268 1875 17.
291 1834 542 1883 ἄλυτᾶρχησε]
567 1834 790 1883 ἠλυτοὶρχησε
807 1837 873 1872 ch.
906 1837 948 1872 V.
966 1838 1032 1872 vol.
1051 1836 1096 1871 Il.
1115 1849 1149 1883 p.
1162 1836 1218 1874 49.
1233 1836 1273 1871 C.
1366 1838 1423 1873 ΞΟ.
1449 1835 1599 1882 ἐφωνοῖ-

211 1886 331 1930 σκων]
366 1882 661 1928 ,,ἐφωνάσκουν,
693 1885 744 1919 uti
776 1884 880 1919 etiam
904 1895 1007 1930 supra
1031 1884 1157 1926 habet,
1190 1883 1225 1917 in
1249 1883 1481 1919 Commodo.“
1530 1883 1597 1920 Ch.

209 1933 268 1968 21.
293 1933 486 1978 στρατείας
509 1931 577 1965 Ox.

117 2024 304 2066 abdicavit
339 2024 498 2069 Jouisque
521 2022 727 2057 immortalis
754 2021 910 2057 habitum
931 2020 1082 2068 gestavi.
1132 2019 1232 2055 Hunc
1263 2019 1384 2066 itaque
1406 2020 1500 2055 vitae
1524 2024 1596 2056 sta-
1635 2020 1637 2022 ’

116 2075 187 2105 tum
210 2069 372 2116 deinceps
395 2069 571 2115 amplexus
594 2073 665 2103 est:
700 2071 913 2113 naturaeque
937 2066 1074 2102 tandem
1098 2066 1211 2108 cessit,
1235 2078 1340 2101 annos
1363 2072 1461 2102 natus
1485 2079 1593 2101 nxxu.

209 2116 295 2151 Post
316 2115 506 2162 depositum
529 2126 612 2149 vero
637 2126 659 2149 a.
681 2113 899 2149 Diocletiano
922 2112 1118 2157 Imperium,
1145 2125 1167 2146 a
1189 2112 1397 2147 Maximiano
1422 2114 1596 2148 Herculeo

116 2167 308 2209 susceptum
331 2167 403 2204 est3
438 2161 497 2208 qui
518 2159 702 2207 imperavit
725 2171 829 2195 annos
852 2170 923 2194 xtx.
969 2159 1037 2193 Hic
1060 2158 1201 2194 Romam
1225 2170 1394 2202 reversus,
1420 2159 1463 2192 de
1484 2159 1596 2193 Persis

117 2212 155 2244 et
184 2208 366 2254 Aegyptiis
395 2206 540 2243 devictis
575 2206 782 2252 triumphum
818 2205 900 2252 egit.
947 2205 1036 2240 Erat
1059 2209 1172 2240 autem
1203 2216 1388 2251 procerus,
1424 2205 1595 2247 robustus,

116 2254 234 2301 capite
256 2259 468 2296 canescente,
493 2253 588 2288 crine
606 2253 721 2298 plano,
745 2252 921 2294 barbatus,
946 2251 1060 2286 colore
1083 2250 1196 2296 nigro,
1219 2262 1300 2286 naso
1325 2250 1486 2295 eleganti,
1510 2262 1594 2285 ocu-

116 2300 159 2335 lis
181 2301 344 2346 pulchris,
368 2300 543 2345 eloquens.
589 2299 743 2333 Insensus
767 2303 804 2333 et
827 2297 882 2332 hic
904 2308 1041 2343 quoque
1064 2297 1267 2332 Christianis
1291 2297 1376 2337 suit3
1414 2295 1594 2341 plurimos-

141 2357 185 2380 ue
206 2347 355 2382 Sanctos
378 2346 455 2381 neci
478 2345 596 2387 dedit3
631 2357 674 2379 ex
697 2344 819 2389 quibus
841 2344 980 2379 fuerunt
1003 2345 1041 2380 S.
1063 2342 1245 2384 pantaleo,
1270 2342 1307 2377 S.
1329 2342 1530 2388 Hesychius,
1555 2342 1593 2376 S.

116 2357 334 2439 iila-mippus,
357 2392 396 2426 S.
421 2391 625 2427 Hermolaus
650 2395 686 2426 et
709 2390 748 2424 S.
772 2391 1024 2431 Hermocrates,
1048 2389 1233 2434 Martyres.

209 2438 346 2474 Accidit
364 2443 475 2474 autem
499 2437 603 2472 etiam
623 2437 722 2482 hujus
745 2437 807 2471 sub
827 2435 982 2482 imperio,
1007 2434 1192 2481 Olympico,
1215 2432 1396 2475 celebrari,
1421 2444 1488 2478 quo
1506 2438 1594 2467 tem.-

121 2494 208 2528 pore
221 2483 405 2527 Armenios,
430 2484 590 2519 adversus
609 2483 795 2518 Romanum
811 2481 985 2528 imperium
1003 2481 1220 2522 rebellantes,
1246 2479 1400 2513 exercitu
1416 2479 1453 2513 in
1466 2478 1594 2513 Orien-

121 2535 187 2563 tem
209 2529 333 2572 ducto,
357 2530 490 2576 penitus
513 2530 705 2574 subegerat.
752 2528 892 2564 Certior
915 2534 1027 2563 autem
1051 2528 1184 2568 factus,
1218 2524 1476 2570 Olympicorum
1500 2524 1593 2559 cele-

121 2573 298 2610 berrimam
316 2577 387 2620 jam
410 2576 539 2611 instare
562 2574 779 2620 Punegyrin,
802 2574 1017 2609 Antiochiam
1040 2571 1154 2607 venit:
1192 2571 1251 2606 ubi
1274 2576 1310 2605 et
1331 2571 1426 2616 ipse,
1451 2571 1594 2614 Alytar-

122 2621 207 2655 chae
229 2621 380 2656 habitum
403 2628 559 2667 gestans,
595 2622 708 2655 munia
730 2622 802 2666 ejus
827 2625 986 2655 executus
1011 2624 1072 2654 est.
1123 2617 1192 2659 Qui
1216 2620 1327 2651 autem
1351 2616 1400 2651 ibi
1423 2628 1594 2651 convene-

120 2672 201 2700 rant
217 2666 420 2703 Senatorum
433 2667 509 2710 filii,
533 2668 717 2702 Senatores
741 2666 844 2701 etiam
866 2665 1020 2701 Juniores
1042 2664 1122 2710 ipsi,
1146 2673 1260 2697 coram
1284 2674 1324 2697 eo
1346 2662 1595 2703 decertabant3

122 2711 157 2746 hi
181 2711 315 2757 quidem
339 2714 530 2757 palaestra,
554 2713 603 2748 illi
627 2724 746 2755 cursu,
771 2712 829 2748 alii
854 2711 1049 2753 Pancratio,
1073 2708 1287 2753 aurigatione
1310 2708 1381 2752 alii,
1403 2709 1462 2743 alii
1483 2707 1592 2753 Pugi-

121 2758 212 2799 latu‚
253 2758 404 2793 nonnulli
436 2758 539 2794 etiam
570 2770 658 2794 voce
690 2763 870 2794 certantes.
918 2756 1093 2791 Victorum
1118 2761 1230 2789 autem
1265 2755 1435 2800 (praeter
1453 2766 1592 2790 munera

122 2815 212 2849 quae
236 2803 284 2838 eis
307 2803 452 2849 largitus
475 2805 574 2849 est,)
598 2805 661 2840 hos
683 2805 818 2849 quidem
843 2803 1028 2848 majoribus
1053 2799 1151 2836 auxit
1172 2800 1375 2844 honoribus,
1409 2801 1485 2837 illos
1508 2812 1591 2835 vero

122 2850 166 2885 ad
192 2849 359 2885 Militares
383 2849 543 2896 provexit
578 2850 776 2896 dignitates.
830 2849 1055 2884 Maximianus
1079 2851 1191 2883 autem
1212 2846 1307 2892 ipse,
1344 2847 1456 2894 posito
1482 2847 1593 2893 Impe-
