1838 3230
268 184 442 212 xxxvnx
779 161 1241 207 PROLEGOMENA.

270 295 339 322 eos
356 279 570 321 recensitos
599 279 731 331 volui,
759 285 806 317 ut
832 284 931 330 quot
957 284 996 318 et
1018 279 1180 331 quinam
1205 278 1412 318 extiterint
1433 277 1540 318 illius
1566 276 1738 318 nominis

268 363 352 389 non
371 349 529 388 nescius
552 348 604 387 sit
621 348 787 397 Lector,
816 351 874 397 et,
903 346 937 384 si
956 346 1044 399 quis
1063 361 1111 387 ex
1130 347 1209 386 illis
1228 360 1318 386 cum
1339 343 1652 398 Chronographo
1664 359 1739 398 ,¹20-

269 424 354 458 stro
372 417 479 456 idem
493 430 579 456 esse
595 415 803 465 videatur,
835 413 872 452 ei
892 415 1057 467 proprio
1086 429 1159 454 suo
1185 414 1337 467 Judicio
1362 415 1424 453 uti
1447 415 1590 464 liceat,
1617 413 1738 454 modo

270 493 310 526 et
329 485 427 525 mihi
445 485 563 524 liceat
580 483 641 522 uti
659 496 761 522 meo·
817 481 928 521 Nihil
940 497 1045 535 «opus
1065 488 1188 523 estut
1206 482 1316 522 hisce
1336 482 1566 536 subjiciam,
1596 497 1618 522 a
1639 482 1739 522 Dia.

270 568 371 594 cono
401 550 656 603 Liberazol)
687 549 897 589 memorari
935 550 1173 604 Episcopum
1217 550 1414 603 quendam
1441 549 1738 599 Alexandriae,

270 621 385 674 cujus
418 628 561 659 nomen
592 619 644 657 sit
677 618 805 657 nostri
839 618 1056 670 Scriptoris
1090 623 1209 671 qnam
1244 620 1511 670 simillimum,
1548 616 1740 658 Ioannem

270 697 526 742 cognomento
552 684 694 736 Mela3
725 699 842 738 quem
866 686 965 726 dicit
992 687 1112 726 fuisse
1141 687 1429 737 Dioscoritam,
1459 685 1536 726 hoc
1560 692 1624 725 est
1641 685 1742 725 Dia-

271 757 536 797 crinomenum
566 753 650 793 sive
676 754 827 806 synodi
858 751 1181 794 Chalcedonensis
1203 755 1497 794 adversarium.
1558 753 1742 793 Eandem

271 836 362 863 eum
382 822 504 862 fuisse
527 830 618 861 c'um
637 821 785 860 Nostro
813 819 877 860 Jo.
902 819 1057 871 Malela
1073 824 1351 875 *suspicabitur
1370 837 1485 865 nemo
1502 822 1634 876 paulo*
1650 834 1743 862 eru-

271 891 405 930 ditior.
461 890 617 930 Floruit
645 890 748 928 enim
776 895 866 928 ante
893 895 1073 941 tempora
1098 891 1329 940 Justiniani,
1367 897 1432 942 et,
1467 896 1515 929 ut
1539 896 1655 929 autor
1682 892 1743 928 eat

270 960 356 1012 ipse
372 957 596 1008 Liberatus,
626 957 824 996 secundus
843 963 926 996 erat
946 958 989 996 in
1012 958 1240 998 Antistitum
1258 956 1635 999 Alexandrinorum
1651 969 1743 995 auc-

271 1027 447 1066 cessione
477 1041 500 1066 a
528 1025 643 1066 Petro
677 1025 856 1079 Mongo,
893 1025 1097 1066 Athanasii
1125 1026 1327 1065 Haeretici
1354 1031 1656 1074 successui-,met
1679 1024 1742 1063 al·-

270 1095 396 1134 terius
424 1093 590 1134 Ioannis
612 1093 846 1134 Machiotae
882 1092 993 1147 (sive
1014 1092 1223 1147 Niciotae)
1255 1092 1521 1145 cognominati
1543 1092 1743 1132 decessura

271 1157 474 1216 Incoepit,
521 1162 640 1215 Juxta
683 1159 904 1202 Chronicon
949 1160 1171 1213 Orientale,
1207 1162 1410 1202 Ecclesiae
1456 1159 1745 1200 Alexandrinae

271 1231 497 1284 praesidere
514 1230 562 1269 A.
578 1230 634 1268 Ι)Μ
652 1229 749 1272 488.
783 1235 822 1268 et
853 1229 993 1268 Sedem
1018 1230 1146 1268 tenuit
1170 1244 1245 1282 per
1270 1243 1400 1268 annos⁴
1415 1231 1457 1272 8.
1486 1235 1526 1268 et
1545 1228 1656 1280 quod
1674 1240 1745 1267 ex÷

274 1298 412 1337 currit.
478 1295 704 1338 Kircherus
722 1297 764 1335 in
794 1294 985 1350 Catalogo
1016 1296 1344 1338 Patriarckarum
1364 1294 1747 1337 Alexandrinorum

272 1367 396 1406 refert
415 1365 523 1404 illius
540 1364 705 1403 initium
721 1363 772 1402 ad
799 1378 943 1404 annum
967 1364 1111 1403 Christi
1129 1365 1224 1408 506.
1266 1365 1332 1404 Ad
1359 1373 1476 1418 quem
1502 1368 1649 1404 annum
1673 1375 1748 1418 po-

272 1435 385 1474 nitur
405 1447 428 1472 a
445 1432 626 1473 Barom‘o
643 1445 725 1485 non
743 1432 898 1471 initium
920 1432 1025 1486 ejus,
1057 1433 1128 1472 sed
1148 1434 1291 1473 exitus.
1466 1456 1467 1459 =

386 1501 493 1541 XIV
549 1500 608 1540 De
633 1499 951 1555 Chronographo
977 1507 1114 1540 nostro
1156 1501 1346 1552 (benigne
1368 1465 1536 1548 Lector)
1565 1501 1654 1552 quis
1671 1498 1748 1538 fuit

274 1575 314 1609 et
336 1569 492 1622 qualis,
517 1567 586 1610 vel
606 1568 741 1619 potius
763 1582 856 1608 sane
877 1569 966 1621 quis
996 1575 1035 1608 et
1064 1568 1190 1621 qualis
1218 1582 1302 1607 non
1329 1569 1425 1619 fuit,
1464 1568 1747 1620 inquisivimus

273 1636 481 1688 hactenus.
531 1635 631 1676 -Jam,
646 1637 826 1688 postulat
842 1637 946 1676 ratio
971 1637 1100 1676 nostri
1128 1637 1324 1688 instituti,
1353 1642 1400 1675 ut
1422 1635 1474 1674 ad
1494 1636 1573 1675 alia!
1588 1648 1749 1689 progre-

275 1705 454 1756 diamur,
493 1710 533 1743 et
554 1703 681 1755 qualis
710 1704 762 1743 sit
780 1705 995 1758 scriptor,
1032 1704 1161 1756 deque
1190 1705 1274 1757 ejus
1306 1710 1454 1754 aetate,
1488 1710 1750 1756 temporeque

276 1786 356 1825 quo
378 1772 559 1825 scripsit,
587 1772 764 1812 ineamus
787 1773 1114 1825 disquisitionem.
1172 1773 1375 1812 Floruisse
1405 1785 1495 1812 eum
1526 1772 1633 1810 sub·
1608 1785 1749 1823 impe·

275 1841 338 1880 rio
357 1838 573 1879 Iustiniani
591 1840 675 1892 ejus
694 1840 862 1879 nominis
882 1841 1028 1891 Primi,
1059 1840 1168 1892 quod
1185 1854 1288 1879 anno
1312 1841 1356 1878 D.
1377 1840 1492 1883 527⁰.
1519 1839 1749 1891 incoeptum

276 1914 356 1957 est,
389 1914 428 1946 et
447 1908 550 1950 565⁰
572 1910 846 1959 terminatum,
875 1910 980 1949 inter
1007 1904 1098 1948 illos
1120 1908 1296 1948 eruditos
1315 1908 1456 1957 Viros,
1485 1908 1556 1960 qui
1580 1906 1749 1945 Chroni-

279 1975 317 2013 ci
345 1974 428 2028 ejus
450 1976 652 2027 exemplar
672 1977 751 2017 MS.
780 1977 1076 2028 pervolverint,
1104 1976 1273 2015 inolevit
1296 1975 1505 2027 hucusque
1540 1974 1747 2013 sententia

279 2042 345 2082 Sic
366 2048 549 2081 statuunt
569 2057 644 2095 pro
669 2050 777 2083 certo
806 2051 845 2084 et
869 2044 1094 2083 indubitato
1126 2041 1375 2084 Chilmeadus
1404 2043 1522 2081 simul
1547 2043 1749 2094 Interpres

279 2117 317 2150 et
339 2109 572 2164 Gregoriu33
609 2111 667 2150 sic
701 2125 861 2164 quoque
889 2113 961 2162 Vir
989 2125 1166 2151 summus
1199 2108 1534 2162 Gul.·Lloydius‚
1572 2108 1748 2149 Antiates

278 2178 526 2233 Asophensis
542 2178 782 2230 hodiernus,
813 2180 881 2232 qui
901 2185 940 2218 et
961 2193 1051 2218 eum
1079 2180 1278 2218 existimat
1304 2183 1407 2217 anno
1437 2177 1644 2216 Justiniani
1673 2177 1749 2217 cir-

281 2247 382 2286 citer
409 2260 508 2286 xxv.
538 2247 710 2286 scribere
742 2247 918 2286 desiisse.
983 2247 1071 2285 Hoc
1110 2247 1241 2286 edocti
1269 2259 1342 2286 nos
1371 2259 1505 2285 sumus
1534 2260 1556 2283 a
1588 2245 1747 2285 elarisa.

279 2314 461 2355 Antonio
481 2313 584 2368 Pagi
600 2316 640 2354 in
661 2313 843 2354 Annales
867 2313 984 2355 Card.
1004 2314 1174 2354 Βανοηίἰ
1188 2310 1262 2368 2).·
1290 2314 1332 2353 in
1352 2328 1430 2366 quo
1449 2315 1578 2366 Opere
1601 2313 1748 2353 eximio

282 2382 332 2422 de
351 2382 667 2435 Chronographo
693 2388 839 2422 nostro*
865 2397 916 2421 ex
944 2382 1071 2421 Patris
1101 2382 1297 2434 praedicti
1318 2383 1457 2421 Literis
1479 2382 1597 2420 adse
1618 2380 1749 2419 missis

281 2451 518 2490 mentionem
552 2452 700 2490 faciens
729 2451 802 2491 Vir
833 2450 904 2490 ille
946 2450 1257 2499 eruditissimu83
1297 2449 1440 2500 Vix-it,
1462 2449 1635 2501 -inquit‚
1676 2446 1748 2487 sub

281 2517 441 2571 Magno
473 2518 696 2558 Iustiniana
723 2522 759 2558 e't
786 2517 938 2557 videtur
966 2532 1069 2557 anno
1092 2519 1171 2570 ejus
1200 2533 1297 2560 xxv.
1325 2528 1393 2558 aut
1414 2518 1566 2558 circiter
1584 2515 1750 2557 scribere

330 2742 372 2786 ¹)
395 2742 574 2776 Breviario
601 2753 676 2787 cap.
703 2744 758 2778 18.

329 2799 377 2844 ²)
401 2798 444 2833 ad
469 2810 523 2834 an.
546 2798 590 2835 D.
617 2799 692 2834 107.
