1838 3230
286 174 386 219 460
676 169 969 214 loANNIS
998 173 1338 217 MALALAE

286 305 344 344 μῃ
379 286 482 344 πρὸς
513 286 586 332 τὸν
616 287 718 346 ρῆγα
749 285 1046 344 Ἀθαλιίριχον,
1083 289 1243 347 ἔκγονον
1275 296 1350 336 τοῦ
1387 293 1730 351 Οὖαλεμεριακοῢ,

287 353 476 411 δηλώσας
503 355 616 415 αὐτῷ
658 359 733 400 τοῦ
754 356 810 412 μὴ
840 356 1037 407 δέξασθαι
1066 360 1316 415 πρεσβευτὰς
1339 361 1452 419 παρὰ
1468 365 1507 405 Γ
1504 363 1637 419 ελίμερ
1667 364 1734 407 ε’κ-

287 424 567 478 πεμπομένους
586 424 688 480 πρὸς
717 422 866 478 αὐτόν,
901 423 1003 480 μήτε
1034 428 1079 470 δὲ
1098 427 1172 483 τὴν
1191 427 1413 482 ὀνομασίαν
1435 429 1563 473 αὐτοῦ
1584 433 1640 481 εἰς
1659 431 1735 488 435-

285 508 352 547 γα,
381 491 482 534 διότι
517 493 599 535 ἐστὶ
619 490 829 548 τύραννος.
899 495 966 536 καὶ
989 493 1205 549 δεξάμενος
1223 497 1275 539 τὰ
1297 497 1582 554 ἐκπεμφθέντα
1601 497 1734 555 γράμ-

236 568 268 602 D
290 576 403 614 ματα
426 560 537 616 παρὰ
556 565 629 602 τοῦ
659 561 859 614 βασιλέως
882 563 948 604 καὶ
968 562 1207 619 στοιχήσας,
1245 564 1318 608 οὐκ
1342 565 1505 617 ἐδέξατο
1524 571 1767 624 -πρεσβευ-5

288 627 363 678 τὰς
385 628 498 685 παρὰ
519 629 690 685 Γελίμερ
710 633 781 671 τοῦ
797 628 964 685 Ἀφροῦ.

386 696 452 738 Ἐν
473 696 584 754 αὐτῷ
608 698 652 739 δὲ
675 702 733 755 τῷ
752 695 887 755 χρόνῳ
918 695 939 740 ὃ
964 696 1087 748 αὐτὸς
1110 699 1300 752 βασιλεὺς
1329 700 1612 756 ἀγωνίσασθαι
1634 707 1735 758 βου-
1788 732 1790 734 -

288 761 456 818 λόμενος
483 765 587 807 κατὰ
606 769 781 822 Περσῶν
803 765 870 808 διὰ
894 770 967 821 γῆς
985 783 1027 808 τε
1049 768 1115 808 καὶ
1134 766 1364 824 θαλάσσης,
1400 770 1587 824 ἐκπέμπει
1608 769 1737 828 στρά-

288 849 418 887 τευμα
439 837 512 876 τοῦ
539 833 716 890 φυλάξαι
736 831 941 889 ἀτάραχον
965 834 1038 890 τὴν
1057 837 1260 878 πολιτείαν
1275 835 1496 891 Ῥωμαίων.

391 905 464 960 Τῷ
486 902 530 944 δὲ
559 901 670 959 αὐτῷ
697 900 834 959 χρόνῳ
854 902 988 957 δέησις
1009 904 1277 959 κατεπέμφθη
1293 904 1517 965 Ἐφραὶζιιίῳ
1535 902 1735 961 πατριᾶρ-
1749 915 1793 948 10

283 987 340 1026 χῃ
374 969 487 1025 παρὰ
513 974 595 1012 τῶν
625 968 926 1024 ἀπομεινάντων
946 971 988 1012 ἐν
1011 973 1267 1031 αι’χμαλωσίᾳ
1297 970 1375 1015 {ma
1403 971 1735 1030 Ἀλαμουνδάρου

289 1041 533 1094 Σαρακηνοῦ
546 1070 558 1089 ,
597 1036 651 1088 ὡς
669 1045 829 1095 πικραῖς
850 1040 1060 1095 τιμωρίαις
1083 1039 1274 1082 δεδέσθαι
1297 1039 1458 1091 αὐτούς.
1528 1041 1640 1088 τινὰς
1659 1041 1737 1097 γὰρ

288 1107 354 1147 καὶ
378 1103 666 1162 ἀπεκεφάλισεν
686 1107 728 1157 ἐξ
755 1106 903 1160 αὐτῶν,
935 1105 1188 1164 φοβούμενος
1216 1105 1363 1163 μήπως
1382 1111 1448 1151 καὶ
1474 1110 1674 1164 προδοσία
1697 1110 1740 1160 ἐξ

289 1173 424 1216 αὐτῶν
439 1174 610 1229 γένηται.
681 1175 753 1216 καί
769 1192 870 1224 τινες
897 1174 1191 1231 προσπεσόντες
1215 1176 1325 1234 αὐτῷ
1357 1175 1635 1233 παρεκάλεσαν
1654 1176 1740 1220 ὀλί-

237 1248 270 1282 Ε
291 1259 372 1297 γων
399 1240 559 1297 ἡμερῶν
590 1242 745 1284 ἔνδοσιν
762 1243 950 1298 γενέσθαι
978 1244 1116 1293 αὐτοῖς
1158 1244 1260 1300 πρὸς
1280 1244 1326 1287 τὸ
1357 1245 1516 1300 πέμψαι
1538 1245 1673 1301 δέησιν
1697 1247 1739 1289 ἒν
1751 1255 1793 1291 15

286 1314 339 1366 τῇ
374 1308 583 1364 Ῥωμαίων
620 1312 799 1369 πολιτεία
850 1315 924 1353 τοῦ
964 1313 1246 1367 ἐκπεμφθῆναι
1280 1311 1474 1369 χρήματα
1514 1316 1570 1363 εἷς
1611 1311 1741 1371 ‹2de-

289 1377 406 1434 ῥυσιν
429 1377 577 1420 αὐτῶν.
627 1380 693 1420 καὶ
711 1383 840 1420 ταῦτα
860 1377 1039 1428 ἀκούσας
1054 1378 1395 1436 Ἀλαμούνδαρος,
1431 1382 1600 1437 χαίρων,
1621 1383 1736 1438 φησί,

288 1444 553 1501 παρεκλήθη·
590 1447 656 1488 καὶ
687 1445 872 1496 δεδωκὼς
904 1449 1160 1502 προθεσμίαν
1188 1446 1347 1503 ἡμερῶν
1375 1447 1589 1503 ἑξήκοντα,
1627 1449 1739 1492 ἀντι-

288 1511 554 1569 φωνήσαντος
571 1512 672 1568 ὑπὲρ
700 1514 834 1556 αὐτῶν
866 1513 1069 1566 Ταϊζάνου
1113 1519 1186 1558 τοῦ
1220 1514 1446 1573 ἀρχιφύλου
1469 1521 1736 1572 Σαρακηνῶν,

289 1583 356 1623 καὶ
371 1586 445 1636 τῆς
462 1579 635 1636 δεήσεως
656 1583 968 1638 ἐκπεμφθείσης,
993 1581 1229 1639 ἀνεγνώσθη
1250 1585 1291 1626 ἐν
1306 1584 1538 1643 Ἀντιοχείᾳ,
1576 1586 1641 1627 καὶ
1664 1594 1796 1639 pce-20

289 1650 342 1692 τὰ
363 1648 551 1707 δακρύων
569 1648 715 1699 πάντες
739 1653 793 1699 εἷς
815 1651 865 1692 τὰ
892 1650 1083 1707 λεγόμενα
1115 1651 1390 1708 γαζοφυλάκια
1421 1654 1462 1695 ἐν
1495 1650 1644 1709 ἑκάστῃ
1676 1654 1742 1695 ε’κ-

143 1712 269 1793 0V¹963
294 1719 440 1778 κλησιά
483 1718 578 1761 καθ’
616 1717 637 1761 ὃ
679 1716 846 1776 ηὐπόρει
875 1736 937 1769 τις
966 1721 1190 1774 μετεδίδου.
1263 1720 1304 1763 ἓν
1340 1718 1401 1770 οἷς
1427 1724 1588 1777 πρῶτος
1614 1737 1743 1763 κατα-

384 1852 417 1885 1.
445 1849 740 1895 Ουάλεμεριακοῦ
762 1849 879 1895 scripsi
895 1849 1047 1896 repetitis
1067 1851 1228 1895 proximis
1251 1850 1384 1888 litteris.
1407 1852 1451 1886 V.
1474 1864 1509 1897 p.
1525 1849 1579 1887 64.
1591 1852 1630 1886 C.
1653 1850 1741 1888 Ἀλε-

380 1898 557 1986 ξιρῗςιαόἓῖἳ
589 1897 656 1932 ΟΧ.
747 1899 781 1933 6.
805 1897 976 1942 Pei-imp]
1018 1899 1175 1943 Γελίμαρ
1201 1898 1269 1933 ΟΧ.
1369 1898 1426 1934 15.
1458 1896 1624 1943 πέμψαι]
1651 1897 1740 1943 πέμ-

289 2053 364 2088 brio
395 2053 530 2091 dimisit.
589 2055 681 2097 Quin
711 2060 748 2091 et
778 2055 1037 2100 Magistrianum
1068 2067 1204 2102 quoque
1235 2056 1373 2091 Romam
1395 2055 1503 2099 misit,
1539 2055 1598 2101 qui
1625 2068 1740 2101 regem

289 2099 530 2141 Athalaricum,
554 2101 752 2136 Alemeriaci
771 2102 812 2136 F.
835 2108 1007 2143 moneret;
1032 2114 1074 2136 ne
1098 2104 1245 2147 Legatos
1262 2114 1283 2136 a
1307 2102 1478 2136 Gelimete
1500 2101 1612 2136 missos
1635 2102 1741 2136 omni-

290 2157 333 2179 no
354 2145 548 2190 exciperet3
570 2147 628 2180 sed
642 2159 705 2181 nec
715 2148 842 2192 Regem
862 2159 948 2188 eum,
970 2154 1010 2183 ut
1020 2148 1078 2193 qui
1087 2149 1271 2192 Tyrannus
1283 2152 1374 2183 esset
1384 2147 1584 2193 appellaret.
1606 2147 1673 2181 Cui
1688 2152 1742 2182 et-

288 2190 356 2225 iam
381 2190 628 2232 Athalarichus‚
654 2193 801 2238 acceptis
825 2194 895 2237 ejus
911 2193 1017 2228 literis
1037 2199 1073 2228 et
1095 2193 1266 2238 perlectis,
1289 2202 1412 2228 morem
1435 2193 1558 2237 gessit3
1580 2204 1643 2227 nec
1666 2193 1740 2228 Ge-

289 2236 413 2271 limeris
436 2236 512 2270 Afri
535 2237 682 2281 Legatos
705 2238 864 2282 excipere
886 2238 1044 2283 dignatus
1067 2245 1128 2274 est.

379 2281 501 2316 Iisdem
523 2283 727 2327 temporibus
750 2284 939 2327 Imperator
962 2285 1082 2319 Persas
1105 2290 1197 2319 terra
1219 2283 1371 2330 marique
1391 2283 1480 2318 bello
1507 2294 1739 2328 aggressurus,

289 2326 475 2362 exercitum
498 2327 621 2369 amisit,
644 2328 702 2372 qui
724 2340 778 2362 res
799 2329 934 2363 interim
957 2329 1094 2375 Imperii
1116 2330 1240 2375 ubique
1262 2334 1454 2376 praestaret
1474 2328 1636 2373 integras.

378 2373 507 2407 Eodem
536 2378 707 2418 tempore,
742 2373 800 2418 qui
832 2381 1031 2419 supererant
1061 2376 1098 2408 in
1119 2375 1207 2409 bello
1238 2380 1413 2420 captorum
1442 2375 1485 2408 ab
1516 2374 1741 2409 Alamundaro

287 2418 481 2459 Saracena,
515 2418 682 2464 supplices
715 2419 758 2453 ad
783 2419 1021 2464 Ephraemium
1053 2420 1286 2455 Patriarcham
1308 2420 1525 2461 referebant3
1563 2425 1684 2465 utpote
1705 2420 1742 2454 in

287 2475 374 2508 quos
395 2464 636 2498 alamundarus
666 2463 817 2509 graviter
839 2465 1140 2500 animadverteram
1179 2477 1292 2500 eorum
1315 2465 1402 2500 enim
1426 2465 1591 2499 nonnullis
1612 2465 1738 2511 capita,

287 2520 410 2542 cavens
442 2508 506 2542 sibi
530 2522 551 2543 a
573 2509 824 2544 Proditionibus
854 2514 1101 2555 amputaverat.
1147 2510 1285 2545 Caeteri
1317 2510 1531 2556 procidentes
1554 2511 1588 2544 ei
1610 2510 1655 2545 ad
1677 2522 1739 2555 pe-

287 2554 369 2595 des,
403 2565 584 2599 paucorum
608 2555 738 2590 dierum
760 2555 913 2589 inducias
936 2555 999 2589 sibi
1023 2555 1099 2589 dari
1123 2558 1310 2600 petebant,
1343 2555 1478 2590 interim
1503 2556 1579 2590 dum
1603 2556 1646 2590 ad
1671 2555 1740 2590 Ro-

288 2611 402 2634 manos
434 2611 511 2634 suos
541 2600 675 2635 mittere
708 2606 887 2647 poterant,
925 2600 984 2644 qui
1019 2603 1176 2645 pecunias
1199 2601 1264 2635 sibi
1296 2601 1495 2635 redimendis
1525 2602 1739 2645 impetratum

287 2645 389 2679 irent.
437 2645 608 2680 Exoratus
639 2647 902 2686 Alamundarus,
935 2646 1002 2689 (ut
1024 2645 1079 2679 cui
1102 2646 1167 2680 ista
1190 2646 1271 2681 satis
1295 2647 1534 2690 arriderent3)
1570 2646 1737 2687 licentiam

288 2689 355 2724 illis
379 2689 414 2724 in
436 2701 493 2724 Lx·
516 2691 587 2725 dies
610 2692 793 2733 concessit3
828 2690 1111 2745 Expromissorem
1134 2702 1196 2737 pro
1229 2692 1276 2727 eis
1298 2704 1334 2726 se
1356 2698 1550 2738 praestante
1572 2691 1737 2732 Taizane,

292 2736 539 2770 Saracenorum
569 2737 789 2783 Archiphylo.
853 2736 999 2771 Libellus
1029 2736 1147 2781 itaque
1179 2738 1323 2783 supplex
1354 2738 1565 2772 Antiochiam
1599 2737 1739 2779 delatus,

293 2780 352 2814 ubi
374 2792 486 2816 coram
507 2782 632 2827 populo
651 2783 816 2827 perlectus
839 2786 902 2824 est,
923 2781 1196 2826 illachrymantes
1219 2795 1342 2824 omneS,
1364 2795 1427 2828 pro
1450 2795 1489 2817 re
1505 2782 1646 2827 quisque
1667 2791 1738 2822 sua,

294 2826 440 2871 singulas
471 2837 534 2872 per
565 2827 756 2870 Ecclesia-3,
790 2828 826 2863 in
858 2827 1114 2874 Gazophylacia
1143 2828 1263 2875 stipem
1296 2830 1524 2874 conjecerunt.
1580 2826 1740 2862 Praeibat
