1838 3230
394 154 1027 203 CHRONOGRAPHIA.
1083 154 1132 200 L.
1161 154 1278 200 XIII.
1482 160 1581 209 331

107 277 284 336 ὄπισθεν
301 276 432 322 αὐτοῦ
450 277 560 322 ἐστιν
581 275 604 322 ὅ
623 275 816 332 βασιλεῦς
839 273 1050 331 Ῥωμαίων
1075 275 1298 328 Ἰουλιανὸς
1328 276 1585 334 παραλαβών

106 347 161 391 τὰ
178 336 366 404 Περσικὰ
381 347 500 404 μέρη,
525 348 594 391 καὶ
614 345 676 389 ὅτι
698 344 935 402 ἔμπροσθεν
954 345 1066 405 αὐτῷ
1085 345 1321 390 ἀπαντῶσιν
1341 346 1380 389 οἳ
1400 362 1581 403 στρατη-
1604 354 1639 389 D

108 417 173 474 γοὶ
190 420 274 460 τῶν
289 414 499 472 Ῥωμαίων
519 416 586 459 καὶ
608 412 750 470 πλήθη
770 412 917 467 πολλά,
933 416 999 457 καὶ
1017 415 1138 470 γνοὺς
1157 413 1218 458 ὅτι
1239 412 1467 471 ἐμεσάσθη,
1483 412 1585 472 φεύ-

108 501 168 541 γει
197 485 263 528 ἐπὶ
288 484 364 540 τὴν
393 487 734 542 Περσαρμενίαν,
773 481 882 542 δόλῳ
908 483 1077 538 πέμψας
1097 482 1170 527 δύο
1197 484 1488 541 συγκλητικοὺς
1508 483 1586 527 αὗ-

75 557 185 600 5τοῦ
205 554 272 597 καὶ
294 553 446 605 αὐτοὺς
462 553 569 597 κατὰ
598 554 707 596 ἲὸίαν
739 550 938 607 βούλησιν
967 551 1242 610 ῥινοτομήσας
1277 553 1381 609 πρὸς
1411 553 1585 597 Ἰουλια-

107 621 181 667 νόν
196 621 269 666 τὸν
286 623 458 678 βασιλέα
468 621 693 678 Ῥωμαίων,
715 622 786 664 ἵνα
809 619 1072 669 πλανήσωσιν
1090 620 1228 676 αὐτόν,
1253 622 1355 679 πρὸς
1374 621 1421 665 τὸ
1436 621 1494 679 μὴ
1509 639 1586 666 κα-

107 691 395 747 ταδιωχθέντα
424 691 551 735 αὐτὸν
577 695 844 749 φθασθῆναι.
917 691 956 734 οἳ
985 692 1029 734 δὲ
1059 691 1400 749 ῥινοτομηθέντες
1422 692 1586 749 Πέρσες

107 755 243 816 ἦλθον
256 759 361 817 πρὸς
376 760 448 804 τὸν
465 761 639 814 βασιλέα
651 758 863 815 Ῥωμαίων
879 762 1118 817 προδοῦναι,
1142 762 1281 818 φησίν,
1305 761 1498 812 θέλοντες
1514 760 1587 804 τὸν

106 829 280 884 βασιλέα
300 828 492 887 Περσῶν,
519 827 574 879 ὥς
594 827 932 884 τιμωρησάμενον
953 827 1117 879 αὐτούς.
1171 829 1401 886 ἀπατηθεὶς
1423 831 1468 873 δὲ
1485 829 1580 887 παρ’
1605 838 1640 874 O
1662 840 1710 877 20

53 912 100 948 10
112 897 253 942 αὐτῶν
282 898 571 954 ἐπομνυμένων
604 896 626 940 ὅ
659 897 784 948 αὐτὸς
821 897 1015 951 βασιλεὺς
1045 897 1266 950 Ἰουλιανὸς
1302 897 1587 956 ἠκολούθησεν

109 966 252 1017 αὐτοῖς
280 967 386 1022 μετὰ
413 972 489 1011 τοῦ
520 968 626 1011 ἰδίου
662 965 993 1023 στρατεύματος·
1028 969 1096 1010 καὶ
1134 965 1340 1024 ἀπήγαγον
1371 968 1497 1011 αὐτὸν
1530 970 1587 1019 εἷς

107 1035 185 1092 τὴν
221 1034 374 1094 ἔρημον
402 1038 469 1079 καὶ
496 1035 675 1092 ἄνυδρον
696 1037 758 1078 ἐπὶ
778 1037 894 1091 μίλια
916 1033 992 1092 ρν’,
1028 1034 1308 1092 πλανήσαντες
1328 1035 1501 1091 αὐτούς,
1532 1041 1585 1096 τῇ

110 1102 239 1148 εἰκάδι
258 1105 422 1163 πέμπτῃ
440 1109 514 1148 τοῦ
537 1106 698 1148 δαισιόυ
719 1109 793 1148 τοῦ
814 1106 882 1148 καὶ
903 1105 1056 1148 ἰουνιόυ
1073 1103 1217 1161 μηνός.
1261 1107 1329 1149 καὶ
1350 1104 1480 1163 εὖρών
1502 1107 1585 1149 ἐκεῖ
1602 1120 1637 1155 Ε

110 1174 222 1229 τείχη
241 1174 398 1217 παλαιὰ
416 1172 658 1218 πεπτωκότα
680 1171 835 1224 πόλεως
855 1174 1070 1231 λεγομένης
1087 1175 1278 1229 Βουβιίυν
1287 1209 1301 1229 ,
1333 1177 1400 1218 καὶ
1419 1174 1520 1218 ἄλλο
1541 1176 1586 1219 δὲ

55 1252 100 1290 15
108 1243 274 1300 χωρίον,
310 1241 498 1287 ἑστώτων
513 1244 590 1299 μὲν
608 1247 690 1287 τῶν
706 1241 954 1299 οἳκημάτων,
985 1242 1136 1300 ἔρημον
1159 1245 1203 1287 δὲ
1219 1239 1284 1300 ἦν,
1316 1243 1415 1301 ὅπερ
1434 1245 1587 1301 ἐλέγετο

107 1311 246 1356 Ἀσία·
282 1311 388 1356 ἔνθα
408 1312 545 1356 ἐλθὼν
567 1310 588 1356 ὃ
611 1312 805 1368 βασιλεὺς
822 1312 1043 1363 Ἰουλιανὸς
1065 1315 1131 1356 καὶ
1158 1311 1178 1356 ὅ
1205 1318 1286 1366 πᾶς
1308 1314 1487 1372 στρατὸς
1505 1318 1589 1358 τῶν

105 1378 318 1436 Ῥωμαίων
354 1382 440 1424 ἐκεῖ
473 1379 711 1438 ἐσκήνωσεν.
783 1382 826 1425 ἐν
863 1381 1004 1432 αὐτοῖς
1030 1383 1075 1425 δὲ
1101 1390 1188 1433 τοῖς
1213 1381 1356 1434 τόποις
1383 1381 1589 1439 γενόμενοι

109 1450 297 1494 ἐλίποντο
329 1454 497 1509 τροφῶν
529 1452 598 1494 καὶ
630 1450 727 1494 οὐδὲ
752 1458 841 1502 τοῖς
862 1449 1024 1508 ἀλόγοις
1044 1449 1200 1508 ὑπῆρχε
1218 1451 1377 1509 βοτάνη
1392 1467 1401 1477 ·
1439 1448 1490 1509 ἦν
1510 1453 1589 1510 γὰρ

110 1520 259 1577 ἐρημία
275 1533 286 1545 ·
322 1521 390 1562 καὶ
412 1519 534 1576 γνοὺς
556 1517 578 1563 ὅ
602 1524 685 1570 πᾶς
705 1520 882 1577 στρατὸς
898 1519 1108 1575 Ῥωμαίων
1132 1520 1194 1564 ὅτι
1214 1521 1444 1578 ἀπατηθεὶς
1465 1520 1487 1566 ὅ
1505 1527 1590 1576 βα-

53 1588 247 1640 2οσιλεῦς
265 1587 488 1644 ἐπλάνησεν
511 1589 662 1640 αὐτοὺς
683 1591 750 1632 καὶ
772 1592 829 1640 εἰς
854 1587 1031 1646 ἐρήμους
1049 1590 1170 1646 ἤγαγε
1192 1588 1369 1644 τόπους,
1408 1593 1464 1641 εἷς
1483 1594 1589 1634 πολ-
1611 1600 1644 1636 V
1668 1602 1713 1637 10

111 1657 189 1713 λὴν
207 1657 379 1708 ἀταξίαν
401 1656 650 1714 ἐτράπησαν.
707 1663 758 1716 τῇ
778 1659 822 1701 δὲ
843 1657 935 1715 ἑξῆς
954 1657 1086 1718 ἡμέρᾳ
1107 1660 1204 1715 μηνὶ
1228 1661 1363 1718 ῗουνίῳ
1384 1658 1459 1713 κς’,
1485 1659 1590 1716 ἀγα-

111 1726 195 1783 γὼν
213 1726 312 1776 τοὺς
329 1725 620 1782 πλανήσαντας
642 1727 769 1770 αὐτὸν
788 1728 960 1783 Πέρσας
976 1726 1168 1783 ἐξήτασεν
1187 1727 1339 1779 αὐτούς
1352 1743 1361 1752 ·
1389 1731 1456 1772 καὶ
1475 1727 1588 1784 ὦμο-

113 1792 294 1853 λόγησαν
314 1795 498 1851 λέγοντες
519 1794 581 1839 ὅτι
604 1793 707 1853 ὑπὲρ
728 1797 927 1854 πατρίδος
946 1798 1014 1839 καὶ
1035 1801 1109 1840 τοῦ
1124 1798 1328 1852 βασιλέως
1345 1795 1483 1854 ἡμῶν,
1517 1799 1588 1842 ἵνα

205 1917 241 1954 7.
265 1915 423 1963 Πέρσες]
447 1914 590 1963 Πέρσαι
612 1916 679 1952 Ch.
771 1918 825 1954 13.
850 1917 988 1955 Δεσίου
1012 1917 1080 1953 Ox.

112 2021 272 2068 regiones
293 2021 448 2057 Persicas
469 2024 705 2067 occupantem,
730 2033 752 2057 a
774 2021 889 2057 fronte
913 2025 1028 2057 autem
1050 2022 1219 2058 Romanos
1240 2022 1363 2066 Duces,
1387 2034 1461 2058 cum
1485 2034 1587 2058 exer-

113 2068 185 2104 citu
208 2079 331 2114 magno
354 2081 392 2103 se
415 2068 598 2102 adorturos
619 2067 767 2110 instare3
801 2068 919 2103 mediis
940 2081 976 2103 se
1000 2069 1151 2104 hostibus
1174 2069 1335 2104 inclusum
1360 2070 1526 2112 sentiens,
1549 2069 1586 2103 in

112 2115 383 2150 Persarmeniam
413 2114 514 2159 fugit.
564 2114 767 2160 Cavensque
796 2115 860 2149 sibi
892 2127 936 2149 ne
966 2116 1010 2150 ab
1034 2116 1187 2150 hostibus
1219 2116 1509 2161 prehenderetur,
1543 2127 1586 2150 ex

115 2161 324 2196 Primoribus
346 2160 413 2195 suis
436 2161 541 2202 duos,
577 2160 715 2194 naribus
740 2160 882 2206 proprio
905 2161 1041 2196 illorum
1065 2173 1108 2196 ex
1132 2174 1292 2196 consensu
1315 2161 1488 2203 abscissis,
1522 2161 1586 2196 do·

113 2206 186 2243 lose
208 2206 325 2250 mittit,
349 2206 408 2251 qui
430 2207 602 2241 Junanum
626 2207 660 2241 in
686 2207 765 2241 avia
789 2208 1011 2242 abducerent.
1060 2207 1136 2243 Duo
1152 2208 1272 2252 itaque
1291 2207 1327 2242 hi
1343 2208 1586 2253 Imperatorem

115 2253 301 2288 Romanum
324 2254 508 2295 adeuntes,
541 2253 721 2287 Persarum
745 2253 777 2287 ei
801 2265 939 2298 regem,
971 2254 1016 2289 ob
1038 2253 1149 2290 illatas
1171 2253 1236 2289 sibi
1259 2253 1419 2298 injurias,
1443 2266 1480 2288 se
1502 2265 1586 2300 pro-

116 2298 248 2334 ditm-os
272 2311 345 2334 esse
368 2299 539 2334 dicebant.
587 2300 742 2344 Cumque
760 2300 952 2345 juramento
975 2313 1047 2335 sese
1069 2300 1106 2335 in
1129 2302 1195 2335 hoc
1218 2299 1483 2340 obstrinxissent,
1517 2300 1586 2333 Im-

116 2350 258 2391 perator
280 2345 366 2380 dolis
389 2357 505 2380 eorum
528 2345 684 2388 delusus,
716 2346 791 2391 ipse
813 2358 889 2381 cum
913 2346 1066 2381 exercitu
1089 2348 1150 2382 hos
1172 2346 1305 2381 itineris
1327 2346 1429 2380 duces
1452 2351 1588 2380 secutus

118 2395 180 2426 est.
226 2391 354 2427 Mensis
376 2396 489 2426 autem
512 2391 629 2434 Desii,
668 2391 741 2427 sive
763 2391 876 2435 Junii,
912 2392 986 2427 dies
1009 2398 1087 2427 erat
1112 2404 1201 2434 xxv,
1241 2403 1314 2427 cum
1338 2403 1359 2426 a
1383 2391 1588 2436 Transfugis

118 2435 210 2472 hisee
230 2436 266 2471 in
287 2437 397 2472 locum
421 2437 602 2480 desertum,
628 2443 665 2473 et
688 2438 785 2484 aquis
803 2443 986 2480 carentem,
1010 2450 1074 2485 per
1096 2438 1252 2480 milliaria
1275 2449 1329 2472 cx,-
1356 2448 1419 2483 per
1437 2448 1588 2472 errorem

118 2481 230 2524 ducti,
249 2481 452 2518 invenerunt
474 2483 522 2518 ibi
545 2485 679 2519 moenia
702 2485 867 2530 quaedam
890 2485 1031 2530 antiqua
1056 2488 1093 2519 et
1114 2485 1263 2530 collapsa
1286 2483 1390 2525 urbis,
1415 2483 1494 2518 oiim
1517 2483 1588 2517 Bu-

117 2526 247 2569 biania
270 2529 383 2564 villam
405 2529 508 2565 etiam
530 2529 644 2573 aliam,
668 2542 757 2576 quae
780 2530 950 2566 domicilia
972 2530 1138 2576 quaedam
1161 2531 1273 2566 adhuc
1295 2528 1423 2563 stantia
1447 2529 1587 2572 habens,

119 2573 258 2608 deserta
278 2579 390 2610 tamen
413 2576 504 2618 fuit,
539 2577 675 2611 nomine
702 2577 824 2612 Asiam.
871 2577 1064 2623 Imperator
1090 2576 1166 2619 hic,
1204 2587 1277 2610 cum
1301 2575 1454 2609 exercitu
1478 2574 1592 2611 consi-

120 2619 222 2661 dens,
253 2625 367 2656 castra
389 2622 521 2668 posuit=
558 2622 618 2657 sed
642 2635 706 2658 nec
727 2623 827 2658 militi
850 2623 981 2666 cibum,
1015 2635 1079 2658 nec
1097 2621 1256 2667 jumentis
1279 2620 1439 2666 pabulum
1459 2620 1494 2655 in
1518 2627 1590 2656 tam

121 2665 258 2701 deserto
280 2665 355 2701 loco
377 2667 531 2703 invenire
553 2668 678 2715 potuit.
725 2670 910 2705 Exercitus
932 2669 1051 2715 itaque
1074 2673 1177 2709 totus,
1201 2671 1366 2713 percepto
1388 2667 1520 2702 demum
1545 2668 1589 2702 ab

119 2712 333 2756 Imperatore
355 2711 626 2760 Transfugarum
656 2715 742 2751 dolis
777 2715 892 2751 deluso
925 2728 961 2750 se
984 2715 1019 2750 in
1043 2715 1121 2750 loca
1151 2714 1208 2747 illa
1232 2712 1372 2748 horrida
1402 2717 1438 2747 et
1461 2713 1591 2748 inculta

120 2758 303 2793 adductum
328 2769 419 2801 esse,
455 2762 618 2796 tumultus
647 2762 764 2797 statim
795 2761 912 2797 ciebat
944 2760 1118 2797 maximos.
1178 2758 1246 2794 Die
1269 2763 1382 2793 autem
1414 2764 1590 2805 sequente,

120 2815 242 2850 nempe
264 2802 358 2838 ,Iunii
380 2815 484 2849 xxm,
517 2807 707 2852 Imperator
739 2807 941 2854 deceptores
971 2807 1048 2842 illos
1082 2816 1195 2840 coram
1219 2804 1342 2840 adduci
1372 2805 1492 2851 qusih
1531 2805 1592 2850 qui

120 2849 349 2896 interrogati,
373 2850 593 2895 fatebantur3
627 2855 673 2889 Se
692 2855 848 2900 quidem,
872 2855 912 2890 ob
942 2854 1074 2899 Regem
1090 2847 1315 2898 Pafriamque
1332 2863 1429 2887 suam
1449 2864 1591 2888 servan-
