1838 3230
257 178 352 226 168
651 171 937 218 IOANNIS
966 173 1302 219 MALALAE

355 294 440 337 Καὶ
478 292 664 348 ἀπῆλθεν
694 290 715 335 ὅ
747 291 916 342 Αἰνείας
945 291 1052 352 πρὸς,
1077 291 1149 335 τὸν
1179 290 1392 348 Εὔανδρον
1426 293 1494 335 καὶ
1523 291 1594 336 τὸν
1617 291 1707 336 υἱὸν

139 367 169 399 V
191 368 235 403 71
260 360 387 405 αὐτοῦ
420 359 672 412 Πάλλαντα,
719 358 872 417 ἄνδρας
900 357 1271 413 πολεμικωτάτους·
1317 361 1458 410 οἵτινες
1485 362 1625 416 διῆγον
1651 361 1708 411 εἰς

255 430 328 485 τὴν
346 430 542 481 Ἰταλίαν,
578 430 779 477 οἰκοῦντες
808 426 947 483 κώμην
977 427 1190 484 λεγομένην
1212 429 1458 481 Βαλεντίαν,
1497 426 1708 477 ἰθύνοντες

111 501 144 536 O
167 503 235 539 213
258 498 454 552 ἐπαρχίαν
481 498 592 550 μίαν.
662 496 704 538 ἔν
730 489 757 553 ᾗ
788 494 902 552 κώμῃ
931 496 997 538 καὶ
1027 495 1176 538 ἔκτισεν
1209 494 1229 538 ὅ
1255 494 1429 546 Πάλλας
1451 494 1560 539 οἰκον
1581 495 1708 552 μέγαν

255 564 387 617 πάνυ,
425 562 510 607 οἷον
539 563 611 606 οὔκ
635 561 735 618 εἶχεν
753 561 778 618 ἦ
796 565 1016 619 περίχωρος
1034 564 1159 618 ἐκείνη
1171 596 1184 615 ,
1222 562 1333 614 ὅστις
1353 562 1462 614 οἶκος
1477 561 1632 619 ἐκλήθη
1656 563 1703 607 τὸ
1715 571 1738 608 5

253 630 492 676 Παλλάντιν
501 663 515 684 ,
553 633 619 673 καὶ
637 631 716 674 ἀπὸ
738 629 829 674 τότε
846 629 999 686 ἐκλήθη
1018 631 1070 674 τὰ
1087 631 1278 684 βασιλικὰ
1298 629 1584 687 κατοικητήρια
1601 634 1707 674 παλ-

252 698 414 743 λάντιον
437 701 480 741 ἐκ
499 703 572 742 τοῦ
592 697 848 748 Πάλλαντος.
920 700 987 741 καὶ
1008 698 1156 756 ᾔτησεν
1181 699 1331 749 αὐτοὺς
1349 703 1487 753 λαβεῖν
1512 698 1605 755 παρ’
1630 697 1709 742 αὖ·

253 772 336 811 τῶν
358 765 378 809 ὁ
398 769 567 817 Αἰνείας
584 765 785 822 βοήθειαν
805 770 1004 823 στρατοῦ·
1042 761 1151 824 ᾧτινι
1179 767 1375 823 παρέσχεν
1398 765 1419 810 ὅ
1441 766 1565 817 αὐτὸς
1585 764 1708 810 Πάλ-

254 839 330 885 λας
349 837 414 878 καὶ
436 834 457 877 ὃ
480 834 606 878 αὐτοῦ
624 835 757 891 πατὴρ
776 834 987 889 Εὔανδρος
1002 835 1206 890 γενναίους
1222 834 1466 889 πολεμιστὰς
1483 833 1636 892 ἄνδρας
1652 831 1705 877 ν’.

255 905 322 947 καὶ
347 901 468 946 πάλιν
486 903 677 946 ἀπελθών
694 901 715 946 ὅ
735 902 858 953 αὐτὸς
875 903 1045 952 Αἰνείας
1067 902 1169 958 πρὸς
1196 901 1344 952 ἄλλους
1370 900 1578 959 τοπάρχας
1611 901 1703 945 ἔλα·
1716 909 1761 945 10

253 976 303 1026 βε
335 971 486 1026 πολλὴν
504 969 704 1026 βοήθειαν
732 975 934 1028 στρατοῦ,
972 970 1104 1025 ἐπειδὴ
1128 974 1240 1012 πᾶσα
1262 968 1288 1025 ἡ
1305 967 1423 1026 χώρα
1445 971 1571 1026 ἐκείνη
1590 971 1706 1013 ἔναν-

254 1043 392 1082 τιοῦτο
420 1046 505 1089 τοῖς
528 1037 807 1089 Ῥουστούλοις
835 1041 901 1082 καὶ
929 1042 985 1096 τῷ
1013 1036 1208 1096 Τούρνῳ,
1243 1042 1407 1092 βασιλεῖ’
1423 1037 1571 1081 αὐτῶν.
1640 1037 1708 1080 καὶ

201 1109 232 1144 Β
256 1107 473 1161 συνέβαλεν
495 1106 633 1157 αὐτοῖς
651 1105 671 1149 ὃ
689 1109 858 1156 Αἰνείας
874 1103 1063 1160 πόλεμον,
1090 1107 1155 1148 καὶ
1176 1104 1421 1161 ἐνικήθησαν
1444 1105 1515 1149 τὸν
1533 1103 1708 1160 πόλεμον

253 1175 292 1218 οἳ
319 1173 578 1220 Ῥουστοῦλοι
611 1173 690 1217 ὖπό
720 1180 793 1217 τοῦ
824 1175 1014 1226 Αἰνείου,
1052 1173 1274 1231 σφαγέντος
1295 1178 1366 1216 τοῦ
1394 1172 1605 1230 Τοῦρνου·
1638 1173 1707 1215 καὶ

251 1241 395 1295 ἔλαβεν
425 1240 445 1285 ὃ
474 1243 643 1293 Αἰνείας
673 1243 777 1296 μετὰ
805 1242 878 1297 τὴν
905 1243 1017 1297 νίκην
1046 1242 1120 1297 τὴν
1150 1244 1358 1295 βασιλείαν
1386 1243 1453 1284 καὶ
1476 1241 1548 1296 τὴν
1571 1245 1704 1297 θυγα-
1717 1249 1761 1285 15

252 1311 351 1365 τέρα
379 1314 453 1353 τοῦ
471 1311 662 1353 Λατίνου
677 1310 904 1364 Ἀλβανίαν,
975 1310 1041 1351 καὶ
1061 1310 1176 1360 κτίζει
1197 1310 1279 1352 ἐκεῖ
1295 1308 1412 1353 πόλιν
1433 1307 1454 1352 ὃ
1478 1308 1601 1362 αὐτὸς
1621 1311 1706 1351 Αἰ-

251 1379 360 1428 νείας
378 1376 578 1435 μεγάλην,
607 1377 748 1433 ἥντινα
770 1375 1027 1432 ἐπωνόμασεν
1043 1376 1284 1430 Ἀλβανίαν·
1320 1379 1387 1420 καὶ
1417 1377 1656 1420 ἀποτίθεται
1683 1373 1704 1418 ὅ

252 1447 422 1495 Αἰνείας
454 1445 475 1488 ὃ
516 1445 634 1500 ἔλαβε
661 1444 900 1489 Παλλάδιον
935 1444 1014 1487 ἀπὸ
1056 1449 1129 1487 τοῦ
1160 1443 1396 1502 Διομήδους
1428 1445 1469 1486 ἐν
1507 1448 1558 1501 τῇ
1600 1443 1705 1500 αὐτῇ

253 1511 366 1556 πόλει
395 1513 604 1575 Ἀλβανία.
689 1514 921 1569 ἐβασίλευσε
962 1514 1006 1558 δὲ
1036 1510 1057 1554 ὃ
1085 1513 1254 1566 Αἰνείας
1285 1512 1388 1569 μετὰ
1417 1511 1489 1556 τὸν
1517 1515 1706 1556 Λατῖνον

250 1578 320 1637 ἔτη
345 1578 417 1625 ιθ’.
819 1605 825 1639 ι
1714 1589 1762 1624 20

107 1688 138 1720 O
161 1684 232 1722 214
355 1681 480 1725 Mac}
517 1682 562 1724 δὲ
600 1681 672 1724 τὸν
699 1682 869 1725 Αἰνείαν
908 1681 1163 1734 ἐβασίλευσεν
1193 1681 1276 1725 ἔκεῖ
1292 1678 1502 1730 Ἀσκάνιος
1526 1677 1708 1731 Ἰούλιος,

257 1747 279 1792 ὃ
317 1749 404 1799 υἱὸς
444 1753 518 1792 τοῦ
548 1751 714 1792 Αἰνείου
757 1749 838 1792 ἀπὸ
876 1754 949 1804 τῆς
985 1747 1197 1806 Κρεούσης
1240 1754 1314 1804 τῆς
1356 1747 1580 1806 Τρῳάδος,
1635 1753 1710 1802 τῆς

256 1814 421 1876 πρώτης
458 1817 644 1874 γυναικὸς
680 1822 753 1861 τοῦ
791 1818 916 1860 αὐτοῦ
952 1819 1117 1860 Αἰνείου
1147 1817 1215 1874 ἔτη
1248 1816 1316 1860 κε’.
1386 1819 1452 1859 καὶ
1480 1816 1606 1858 ἔκτισε
1634 1815 1707 1870 τὴν

346 1926 382 1960 9.
415 1919 460 1967 ὁ]
492 1924 616 1958 Addidi
644 1923 716 1961 καὶ.
852 1927 908 1962 21.
941 1922 1125 1966 ’Ἀσκάνιος
1154 1920 1327 1971 Ἰούλιος]
1361 1924 1567 1968 „Cedrenus
1589 1924 1704 1965 habet,

347 1966 499 2011 Ἰοῦλος,
523 1970 659 2004 rectius.
669 1973 693 1990 ‘⁶
718 1970 782 2005 Ch.
917 1973 973 2008 22.
1003 1970 1169 2018 Τροάδος
1191 1971 1259 2006 Ox.
1394 1971 1451 2006 23.
1475 1967 1545 2016 κε’]
1567 1967 1615 2005 λε’
1638 1969 1706 2003 Ce-

292 2052 295 2054 ,
350 2015 474 2050 drenus
495 2026 529 2060 p.
557 2017 633 2053 136.
657 2016 699 2050 A.
1727 2029 1730 2033 '

350 2105 477 2139 Aeneas
500 2109 609 2140 autem
634 2105 754 2140 deinde
776 2109 950 2152 profectus
979 2111 1031 2144 est
1052 2107 1097 2143 ad
1118 2107 1314 2144 Evandrum
1338 2109 1373 2141 et
1395 2105 1498 2141 filium
1520 2105 1594 2150 ejus
1625 2104 1711 2140 Pale

259 2151 405 2191 lentem,
438 2149 527 2184 viros
549 2150 742 2193 bellicosos3
780 2153 838 2197 qui
863 2154 1070 2197 provinciam
1092 2154 1244 2189 Italicam
1267 2157 1440 2195 tenentes,
1461 2151 1496 2186 in
1519 2151 1596 2186 vico
1619 2161 1707 2196 quo·-

260 2195 336 2230 dam
368 2195 526 2230 Valentia
557 2196 647 2231 dicto
677 2197 771 2231 sedes
804 2199 1015 2233 habuerunt:
1049 2199 1107 2234 ubi
1138 2199 1237 2234 aedes
1270 2199 1371 2243 plane
1393 2196 1586 2243 magnificas
1610 2200 1644 2230 et
1668 2195 1705 2230 in

262 2253 304 2275 ea
327 2240 462 2284 regione
484 2241 624 2276 omnium
647 2242 924 2286 splendidissimas
947 2249 1142 2279 extruxerat
1164 2244 1226 2280 sibi
1243 2244 1374 2285 Pallas;
1399 2255 1481 2287 quas
1504 2241 1604 2280 etiam
1622 2242 1705 2275 Pal-

261 2286 407 2320 lantium
429 2286 576 2321 vocavit.
623 2287 724 2321 Unde
749 2292 783 2321 et
805 2288 936 2333 Regiae
967 2290 1079 2325 domus
1102 2289 1279 2335 deinceps,
1313 2301 1332 2323 a
1355 2289 1529 2329 Pallante,
1561 2287 1705 2321 Pallan-

261 2332 315 2365 tia
345 2331 439 2364 dicta
471 2335 556 2365 sunt.
607 2333 747 2366 ‘Aeneas
782 2338 895 2367 autem
927 2335 970 2368 ab
993 2336 1176 2376 Evandro,
1218 2341 1253 2369 et
1282 2334 1352 2368 filio
1377 2333 1531 2367 Pallante
1553 2330 1704 2365 exercitu

263 2387 349 2409 cccc
380 2376 528 2411 virorum
557 2376 692 2411 fortium
725 2381 760 2411 et
789 2378 1041 2421 bellicosorum,
1076 2381 1276 2421 instructum
1312 2377 1499 2424 impetratis
1528 2376 1629 2410 etiam
1660 2377 1704 2410 ab

262 2421 337 2455 aliis
367 2422 490 2455 Italiae
518 2422 661 2467 regulis,
697 2422 779 2467 (qui
800 2424 917 2457 Turno
951 2437 1062 2460 omnes
1083 2426 1284 2469 Rutulisque
1306 2420 1517 2458 inimicissimi
1538 2422 1703 2465 suerunt)

262 2465 477 2501 auxiliarium
494 2467 643 2502 virorum
660 2467 764 2513 copiis
780 2469 989 2513 ingentibus;
1014 2471 1156 2504 Rutulus
1174 2470 1293 2504 iterum
1317 2478 1492 2512 aggressus
1510 2470 1579 2500 est:
1611 2466 1707 2500 Tur-

263 2522 395 2554 noque,
431 2523 514 2556 rege
537 2524 670 2554 eorum,
705 2513 833 2555 occiso,
869 2513 906 2547 in
929 2526 984 2548 eos
1006 2514 1153 2549 victoria.
1182 2515 1308 2560 potitus
1331 2520 1393 2547 est.
1442 2515 1571 2546 Aeneas
1594 2515 1705 2545 autem

263 2556 386 2591 exinde
411 2557 523 2591 Latini
545 2569 683 2602 regnum
706 2558 874 2603 filiamque
900 2559 1074 2593 Albaniam
1097 2571 1235 2594 uxorem
1257 2562 1469 2598 consecutus,
1495 2557 1610 2591 urbem
1633 2567 1705 2590 ma-

264 2613 364 2643 gnam
388 2602 559 2643 condidit,
594 2615 692 2647 quam
716 2604 888 2638 Albaniam
910 2603 1111 2645 nominavit,
1136 2605 1192 2638 ubi
1215 2604 1315 2638 etiam
1339 2602 1543 2644 Palladium,
1575 2613 1596 2636 a
1617 2601 1704 2636 Dio-

263 2646 361 2680 mede
381 2651 574 2694 receptum‚
595 2649 756 2695 reposuit.
801 2649 971 2694 Regnavit
993 2653 1104 2684 autem
1126 2651 1273 2691 Aeneas,
1303 2652 1380 2694 post
1401 2647 1578 2688 Latinum,
1602 2658 1704 2682 annos

264 2701 335 2726 xxx.

355 2769 500 2823 Aeneam
523 2771 659 2817 excepit
690 2771 848 2807 Ascanius
869 2773 982 2816 Julus,
1021 2775 1153 2808 Aeneae
1174 2772 1283 2815 filius,
1316 2784 1360 2807 ex
1384 2772 1513 2808 Creusa
1535 2772 1703 2816 Trojano,

268 2824 375 2850 uxore
397 2826 523 2860 priore.
578 2817 749 2864 Regnavit
779 2823 889 2856 autem
911 2819 1070 2856 Ascanius
1093 2830 1155 2866 per
1183 2830 1286 2855 annos
1308 2830 1395 2861 xxv,
1431 2819 1612 2864 utbemque
1630 2816 1703 2863 ipse
