1838 3230
290 187 389 234 420
686 180 1347 226 IOANNISMALALAE

289 305 361 357 τῆς
392 301 614 357 θεομηνιάς
647 298 875 356 γενομένης
901 301 967 344 καὶ
1010 299 1172 346 πάντων
1199 298 1466 345 πεπτωκότων
1492 303 1549 353 εἲς
1571 302 1619 346 τὸ
1649 298 1745 347 ἴδοι-

290 384 368 426 φος
418 369 512 424 ἔστη
553 370 616 410 ἐπὶ
643 366 798 424 ἡμέρας
826 366 869 420 β’
902 369 1005 421 μετὰ
1029 370 1075 413 τὸ
1101 370 1290 425 γενέσθαι
1324 370 1398 425 τὴν
1433 374 1507 413 τοῦ
1536 374 1638 414 θεοῦ
1663 387 1746 428 φο-

288 436 415 492 βερὰν
445 434 632 491 ἀπειλήν·
669 437 736 477 καὶ
760 435 863 490 αὖτὴ
896 435 976 480 ὕπὸ
1007 438 1135 492 πυρὸς
1163 443 1369 495 ληφθεῖσα
1405 438 1638 494 κατηνέχθη
1668 434 1746 490 ἕως

139 514 172 547 0
200 511 267 549 144
291 503 481 561 ἐδάφους.
563 504 629 546 καὶ
660 503 786 560 ἕτεροι
809 505 853 546 δὲ
880 503 980 548 οἶκοι
1002 506 1061 560 μὴ
1094 504 1343 555 πεπτωκότες
1367 504 1447 548 ὖπό
1473 509 1547 549 τοῦ
1579 504 1744 557 πάθους

285 577 360 614 τοῦ
395 575 536 614 θεϊκοῦ
588 569 668 613 ὑπὸ
705 576 779 614 τοῦ
810 573 938 629 πυρὸς
978 572 1225 629 διελύθησαν
1267 575 1340 623 ἕως
1383 574 1594 627 θεμελίων,
1675 576 1776 618 καὶὸ

288 637 497 682 ἀπώλοντο
517 639 558 682 ἐν
583 638 693 696 αὐτῷ
718 643 776 697 τῷ
795 638 914 698 φόβῳ
935 640 1028 696 ἄχρι
1056 640 1248 695 χιλιάδων
1280 642 1495 684 διακοσίων
1525 639 1745 696 πεντήκον-

237 718 268 752 Ε
293 725 344 750 τα
360 721 368 730 ·
405 703 456 762 ἦν
475 707 552 763 γὰρ
573 705 599 761 ἦ
618 705 770 762 μεγάλη
789 705 906 764 ἑορτὴ
929 712 1115 765 Χριστοῦ
1135 714 1208 752 τοῦ
1229 714 1331 753 θεοῦ
1353 707 1468 764 ἡμῶν
1491 707 1517 764 ’ἦ
1548 713 1623 764 τῆς
1641 709 1745 752 ἀνα-ε

165 1187 262 1222 v51

139 1660 172 1693 O
199 1657 262 1694 145

289 773 473 829 λήψεως·
509 776 577 816 καὶ
607 774 711 822 πολὺ
747 779 909 829 πλῆθος
937 772 988 831 ἦν
1019 781 1100 819 τῶν
1132 777 1252 828 ξένων
1283 778 1562 832 ε’πιδημῆσαν·
1609 778 1674 819 ἐπὶ
1699 778 1744 820 δὲ

288 848 361 897 τῆς
391 842 518 897 αὐτῆς
536 844 759 897 θεομηνιάς
777 844 940 898 ἐδείχθη
968 846 1034 886 καὶ
1059 844 1105 887 τὸ
1133 849 1214 887 τῶν
1240 849 1414 887 πολιτῶν
1438 849 1600 900 πλῆθος
1642 843 1744 888 ‹imi-

289 929 363 954 σον
397 909 564 965 ὑπῆρχε.
646 912 789 954 πολλοὶ
833 912 878 954 δὲ
911 916 993 955 τῶν
1028 912 1275 966 χωσθέντων
1307 910 1496 967 ζήσαντες
1545 912 1649 967 μετὰ
1693 912 1740 956 τὸ
1754 922 1798 956 10

289 979 554 1033 ἀνενεχθῆναι
575 978 723 1028 αὐτοὺς
767 980 920 1031 ζῶντας
964 979 1186 1023 ἀπέθανον.
1267 981 1369 1029 τινες
1399 981 1444 1022 δὲ
1480 981 1523 1022 ἐκ
1555 984 1636 1024 τῶν
1664 997 1744 1024 πο-

290 1051 411 1089 λιτῶν
432 1051 514 1088 τῶν
542 1046 776 1099 σωθέντων,
813 1047 902 1090 εἷ’τι
923 1046 1196 1103 ἠδυνήθησαν
1204 1080 1218 1100 ,
1256 1047 1472 1104 ἀφείλαντο
1518 1049 1586 1090 καὶ
1623 1047 1743 1104 ἔφευ-

287 1126 381 1170 γον·
428 1116 493 1156 καὶ
521 1112 725 1168 ὖπήντουν
755 1115 896 1165 αὐτοῖς
915 1117 1105 1172 γεωργοί,
1151 1117 1217 1158 καὶ
1247 1116 1442 1159 ἀπέσπων
1467 1115 1561 1173 παρ’
1609 1115 1745 1159 αὐτῶν
1775 1108 1784 1117 ”

290 1180 527 1239 φονεύοντες
548 1180 710 1231 αὐτούς.
794 1184 957 1237 ἐδείχθη
986 1184 1031 1226 δὲ
1068 1185 1134 1226 καὶ
1165 1185 1208 1226 ἐν
1236 1182 1368 1242 τούτῳ
1397 1181 1422 1238 ἦ
1454 1188 1526 1226 τοῦ
1548 1187 1650 1226 θεοῦ
1671 1200 1742 1241 φι-

287 1250 531 1306 λανθρωπία
544 1263 553 1272 ·
574 1247 661 1292 ὅσοι
683 1249 758 1305 γὰρ
779 1250 982 1304 ἀπέσπων,
1007 1251 1266 1306 ἀπέθνησκον
1278 1253 1442 1306 βιαίως,
1463 1252 1503 1294 οἱ
1520 1252 1594 1306 μὲν
1612 1249 1742 1306 σηπό-
1753 1260 1796 1295 15

286 1335 413 1371 μενοι,
435 1317 473 1360 οἳ
490 1318 536 1358 δὲ
553 1315 836 1372 τυφλούμενοι,
861 1318 898 1360 οἳ
917 1319 960 1360 δὲ
975 1321 1241 1374 χειρουργίαις
1269 1317 1520 1373 κοπτόμενοι,
1552 1321 1618 1362 καὶ
1639 1317 1742 1373 ὅμο-

289 1390 502 1441 λογοῦντες
520 1384 572 1427 τὰ
584 1384 910 1440 πλημμελήματα
922 1384 1077 1429 ἑαυτῶν
1097 1388 1340 1442 παρεδίδουν
1358 1387 1432 1436 τὰς
1448 1385 1600 1441 ψυχάς.
1623 1388 1666 1429 ἓν
1682 1384 1743 1436 οἶς

287 1449 338 1507 ἦν
355 1455 396 1495 ἓν
408 1452 519 1510 αὐτῷ
539 1456 596 1511 τῷ
615 1456 742 1510 καιρῷ
763 1452 925 1510 ἁρπαγῇ
941 1452 1198 1509 χρησάμενος
1212 1457 1366 1508 Θωμᾶς
1382 1471 1443 1503 τις
1462 1452 1737 1511 σιλεντιάριος,

287 1520 399 1570 ὅστις
418 1522 565 1575 ἐξῆλθε
583 1518 740 1576 φεύγων
763 1523 806 1563 ἐκ
825 1525 896 1575 τῆς
915 1523 1161 1576 θεομηνιάς,
1194 1524 1260 1564 καὶ
1289 1521 1367 1572 ἔξω
1400 1526 1472 1576 τῆς
1496 1520 1650 1572 πόλεως
1683 1520 1740 1571 ὥς

286 1588 368 1630 ἀπὸ
398 1589 542 1641 μιλίων
573 1592 696 1643 τριῶν
753 1590 816 1631 ἐπὶ
855 1588 929 1643 τὴν
962 1587 1118 1645 πόρταν
1155 1589 1228 1644 τὴν
1272 1589 1486 1645 λεγομένην
1518 1593 1592 1631 τοῦ
1621 1587 1796 1645 ἇγίουΞΟ

285 1656 506 1698 Ἰουλιανοῦ
526 1655 646 1707 οἴκει,
683 1657 748 1697 καὶ
770 1656 930 1699 ἀπέσπα
951 1655 1084 1699 πάντα
1117 1657 1159 1699 ἔκ
1187 1661 1270 1700 τῶν
1300 1654 1529 1713 φευγόντων
1561 1657 1629 1699 διὰ
1658 1661 1740 1700 τῶν

288 1726 451 1766 οἰκετῶν
489 1723 628 1765 αὐτοῦ.
710 1728 831 1766 τοῦτο
872 1725 917 1766 δὲ
954 1716 1195 1780 διεπράξατο
1231 1726 1294 1766 ἐπὶ
1328 1723 1480 1781 ἡμέρας
1513 1726 1738 1780 τέσσαρας·

287 1793 354 1833 καὶ
388 1789 444 1841 ὥς
492 1792 726 1845 λυμαίνεται
777 1789 932 1844 πάντα,
991 1793 1183 1849 ἐξαίφνης
1231 1791 1346 1848 ὑγιὴς
1381 1791 1437 1835 ὢν
1488 1790 1736 1848 ἐτελεύτησε·

379 1910 434 1944 13.
466 1906 677 1955 ὑπήντουν]
702 1908 889 1956 ἦπήντουν
912 1911 981 1946 ΟΧ.
1073 1912 1155 1946 ibid.
1182 1912 1234 1947 15.
1259 1906 1430 1947 ἀπέσπων
1451 1910 1538 1953 Ch„
1573 1908 1736 1948 ἐπέσπον

380 1955 446 1988 Ox.
537 1957 595 1991 23.
642 1956 756 2001 οἴκει]
783 1956 867 2004 ᾤκει
888 1957 953 1991 Ch.

286 2054 434 2101 quandiu
456 2055 574 2098 stetit,
598 2058 820 2104 Numinisque
842 2059 1046 2095 tremendam
1068 2058 1152 2095 iram
1175 2069 1236 2105 per
1259 2058 1331 2094 dies
1354 2058 1437 2093 duos
1459 2057 1632 2094 sustinuit:
1655 2062 1736 2094 tan-

286 2102 363 2135 dem
394 2112 475 2135 vero
507 2107 542 2135 et
573 2102 646 2147 ipsa
676 2104 813 2139 flammis
844 2111 1026 2151 correpta,
1057 2110 1135 2141 tota
1165 2107 1339 2149 absumpta
1362 2109 1424 2140 est.
1478 2105 1644 2149 Quaeque
1666 2105 1734 2139 alia

287 2153 401 2181 terrae
423 2147 623 2181 tremoribus
647 2155 847 2193 supererant
871 2151 1039 2193 aedificia,
1061 2151 1194 2196 ignibus
1215 2151 1390 2194 absumpta
1407 2149 1555 2184 funditus
1568 2151 1732 2184 mebant:

286 2191 505 2237 pereuntibus
539 2193 582 2226 ab
615 2194 748 2227 excidio
780 2196 844 2229 hoc
868 2207 932 2229 ccx,
964 2196 1099 2230 circiter
1122 2195 1309 2230 mortalium
1333 2194 1488 2228 Millibus.
1538 2195 1594 2228 Ob
1619 2195 1734 2239 magni

286 2237 374 2271 enim
405 2237 499 2271 Festi
529 2238 769 2282 Assumptionis
805 2241 934 2275 Christi
963 2242 1028 2276 Dei
1068 2241 1187 2276 Nostri
1217 2238 1507 2280 celebrationem,
1538 2240 1733 2284 frequentia

287 2282 411 2316 ibidem
435 2287 510 2316 erat
532 2283 733 2317 advenarum
756 2285 908 2319 maxima.
955 2287 1008 2320 Ex
1030 2287 1095 2320 hac
1117 2290 1229 2320 autem
1249 2283 1400 2319 Numinis
1422 2284 1478 2318 ira.
1499 2284 1667 2328 conjicere
1689 2284 1732 2319 li-

287 2333 355 2368 cet,
380 2339 478 2372 quam
501 2339 690 2363 numerosus
713 2335 788 2363 erat
813 2331 961 2374 Populus
986 2331 1224 2366 Antiochensis.
1261 2330 1332 2364 Sed
1356 2334 1392 2364 et
1414 2329 1599 2374 complures
1617 2330 1730 2373 etiam,

287 2372 345 2416 qui
373 2372 549 2407 ruderibus
577 2374 713 2415 obruti,
743 2374 814 2408 vivi
852 2376 1120 2418 effodiebantur,
1154 2376 1339 2420 derepente
1371 2374 1523 2419 spiritum
1554 2374 1732 2411 efflabant.

289 2417 381 2458 Quin
404 2422 439 2451 et
464 2418 586 2452 civium
609 2430 744 2464 quoque
767 2419 825 2464 qui
848 2420 1042 2466 eripuerant
1064 2433 1156 2462 sese,
1190 2420 1360 2461 nonnulli,
1395 2420 1553 2454 bonorum
1583 2432 1730 2463 suorum,

288 2463 315 2497 si
336 2463 418 2506 quid
441 2467 620 2507 poterant,
650 2464 886 2506 corradentes,
920 2467 1003 2510 suga
1039 2468 1141 2500 rebus
1163 2465 1229 2499 suis
1252 2465 1508 2499 consuluerunt:
1545 2466 1603 2499 sed
1627 2477 1649 2500 a
1670 2477 1731 2500 ru—

286 2508 406 2549 asticis,v
418 2508 453 2541 in
475 2520 557 2553 quos
581 2520 644 2553 per
665 2509 752 2544 viam
774 2510 983 2552 inciderant,
1008 2511 1147 2555 expilati
1174 2510 1285 2552 bonis,
1310 2510 1411 2544 etiam
1434 2510 1517 2545 Vita
1539 2510 1730 2556 spoliaban-

286 2559 355 2586 tur.
379 2553 558 2588 Caeterum
570 2554 650 2588 inde
662 2554 727 2589 Dei
737 2555 1208 2600 ergahominesmisericordia
1218 2556 1383 2600 apparuit.
1409 2555 1534 2590 Eorum
1544 2555 1642 2597 enim,
1668 2556 1730 2601 qui

286 2598 422 2650 rapinas
439 2599 540 2633 hasce
554 2606 788 2642 exercuerant,
811 2601 958 2634 nonnulli
975 2600 1009 2634 in
1029 2601 1238 2646 putredinem
1258 2601 1370 2642 soluti,
1390 2601 1562 2635 occaecati
1578 2601 1649 2643 alii,
1662 2602 1727 2635 sub

286 2643 516 2687 clururgorum
535 2644 751 2680 incisionibus
771 2646 840 2687 alii,
859 2646 1042 2680 infeliciter
1054 2657 1174 2687 omneS,
1198 2645 1416 2687 interierunt3
1440 2651 1476 2680 et
1492 2647 1645 2680 facinora
1667 2657 1728 2681 sua

286 2687 527 2731 deprecantes,
550 2690 775 2725 reddiderunt
797 2691 931 2726 animas.
969 2691 1025 2724 Ex
1039 2702 1178 2744 quorum
1190 2702 1326 2725 numero
1342 2692 1458 2725 eodem
1479 2696 1630 2737 tempore
1652 2695 1728 2725 erat

285 2733 435 2766 Thomas
443 2735 589 2778 quidam,
606 2735 831 2770 silentiarius.
853 2735 1175 2772 HicaNummisira
1184 2747 1306 2770 cavens
1315 2736 1389 2778 sibi,
1407 2737 1610 2781 aufugerat3
1629 2740 1666 2770 et
1681 2734 1726 2769 nd

283 2777 438 2820 tertium,
463 2780 516 2813 vel
539 2791 578 2812 eo
603 2779 751 2823 circiter,
790 2783 833 2816 ab
857 2782 940 2816 urbe
961 2781 1126 2826 lapidem,
1153 2782 1253 2824 juxta
1275 2782 1311 2814 S.
1335 2782 1459 2815 Juliani
1481 2793 1579 2827 quam
1601 2783 1727 2816 vocant

278 2821 415 2858 Portam
438 2825 571 2859 sedibus
594 2826 731 2870 positis,
755 2839 817 2873 per
844 2827 1011 2863 ministros
1026 2826 1074 2862 ibi
1096 2838 1189 2870 suos,
1215 2827 1301 2862 bona
1325 2838 1438 2862 eorum
1460 2826 1519 2873 qui
1548 2828 1728 2862 evaserant
