1838 3230
221 146 288 193 56
402 138 634 185 IOANNIS
663 138 941 184 MALALAE
971 138 1301 184 CHRONOGR.
1360 140 1410 182 L.
1441 139 1492 183 11.

221 254 521 316 γον·’ὧντινων
552 259 619 302 καὶ
647 261 828 314 γλῶσσαι
853 257 1192 315 διεμερίσθησαν,
1226 258 1290 302 διὸ
1321 259 1388 302 καὶ
1412 257 1584 315 μέροπες
1604 258 1677 302 ’κε’-

184 376 186 378 ,
223 333 390 384 κληνται
417 329 455 372 οἳ
481 327 694 384 ἄνθρωποι
725 325 794 367 διὰ
823 324 871 369 τὸ
901 331 1148 384 μερισθῆναι
1180 326 1317 370 αὐτῶν
1345 327 1421 377 τὰς
1447 325 1590 377 λαλιὰς
1623 329 1680 376 εἰς

223 398 378 447 πολλὰς
397 394 585 453 γλώσσας
604 396 671 436 καὶ
693 390 845 450 φωνάς.
901 393 1088 445 οὕστινας
1107 393 1365 452 μεμφόμενος
1386 393 1407 438 ὃ
1429 392 1681 452 Χερονήσιος

109 474 141 506 Ο
165 473 210 508 67
232 463 501 521 Πλούταρχος
516 462 540 517 ἦ
560 461 714 505 παλαιὰ
731 463 955 520 φιλοσοφία
973 463 1068 520 παρ’
1083 463 1249 519 Ἕλλησι
1269 466 1336 506 καὶ
1351 461 1581 520 βαρβάροις
1596 462 1681 514 ἑξέ-

228 538 330 576 θετο
353 532 408 583 ὥς
425 529 579 585 πλάνην
607 527 853 586 ἀγαλμάτων
883 531 988 581 τινὲς
1019 530 1268 588 εῗσὰγουσιν·
1305 532 1430 582 αὐτὸς
1460 531 1527 585 δέ,
1562 532 1715 588 φησί,5
1784 544 1805 567 0

109 608 141 643 V
164 609 210 644 23
233 602 330 651 τοὺς
346 600 432 644 κατ’
455 598 626 653 οὗρανὸν
647 603 867 655 φωστῆρας
888 603 1092 642 θεοποιεῖν
1114 600 1224 650 ἔδοξε
1235 632 1248 652 ,
1290 600 1360 643 τὸν
1389 599 1503 655 ἥλιον
1523 601 1590 643 καὶ
1608 599 1684 654 τὴν

230 668 399 724 σελήνην
426 664 702 723 παρεισάγων,
742 664 796 716 ὡς
826 665 962 721 ἡτῶν
992 670 1230 724 Αἰγυπτίων
1256 670 1450 724 θεολογία
1476 667 1578 723 ἔχει,
1607 667 1684 710 αὗ-

230 738 328 787 τοῦς
346 737 416 779 τὸν
437 733 655 789 σύμπαντα
675 732 827 789 κόσμον
848 736 1007 778 διοικεῖν
1033 737 1256 793 τρέφοντας
1276 738 1342 779 καὶ
1367 735 1616 788 αὐξάνοντας
1632 734 1686 778 τὰ

230 803 364 848 πάντα
391 807 442 860 τῇ
476 803 592 860 τρίτῃ
617 801 765 858 κινήσει
789 807 870 846 τῶν
893 801 922 846 ε’
941 807 1157 859 πλανητῶν
1177 806 1244 847 καὶ
1273 809 1345 860 τῆς
1374 808 1517 860 λοιπῆς
1534 803 1686 861 ἄστρο-

231 874 377 930 θξσιἀς
409 870 513 913 κατὰ
542 871 692 927 γένεσιν
723 872 790 914 καὶ
819 871 932 928 ἀέρα.
1001 872 1073 914 τὸν
1106 873 1150 915 δὲ
1170 870 1441 930 Πλούταρχον
1459 872 1531 916 τὸν
1548 875 1686 930 Χερο-
1698 883 1744 921 10

231 939 370 999 νήσιον
388 937 631 997 Πορφύριος
649 940 691 982 ἓν
711 943 761 996 τῇ
781 937 994 1000 φιλοσόφῳ
1013 940 1140 983 αὐτοῦ
1155 943 1435 1002 χρονογραφίᾳ
1457 939 1635 992 ἐδόξασε.

326 1051 360 1085 3.
395 1045 642 1092 Χερονήσιος]
678 1045 961 1093 ,,Χεῤῥονη’σιος
990 1048 1096 1083 habet
1128 1048 1320 1085 Cedrenus=
1354 1061 1470 1085 verum
1491 1048 1692 1084 Plutarchus

325 1106 392 1129 non
416 1090 676 1139 Χερῤονήσιος,
701 1095 759 1128 sed
783 1092 1015 1139 Χαιρωνεύς,
1040 1094 1285 1131 Chaeronensis
1309 1100 1396 1136 erat,
1421 1106 1463 1129 ex
1486 1094 1691 1136 Chaeronia,

325 1140 487 1175 Phocidis
508 1140 604 1174 urbe.
616 1142 640 1159 “
664 1139 727 1174 Ch.
821 1139 853 1176 4.
885 1136 907 1185 ἦ
931 1138 1070 1175 παλαιὰ
1097 1143 1322 1188 φιλοσοφία]
1355 1143 1399 1186 τῆ
1421 1140 1562 1176 nazzano}
1585 1143 1693 1185 φιλο-

326 1187 443 1234 σοφίᾳ
477 1186 542 1219 Ch.
586 1185 689 1220 Conf.
723 1187 966 1230 Wyttenbach.
999 1187 1144 1231 praefat.
1177 1187 1222 1221 ad
1251 1178 1470 1222 Plutarchum
1503 1176 1569 1221 vol·
1594 1186 1624 1220 Ι.
1654 1196 1691 1243 p.

328 1232 384 1268 58.
431 1231 624 1265 cedrenus:
659 1230 714 1271 οἷς
736 1243 808 1266 τισι
830 1231 1010 1276 μέμφεται
1035 1229 1054 1267 ὃ
1079 1232 1325 1278 Χερὁνήσιος
1351 1231 1608 1277 Πλούταρχος,
1643 1243 1694 1272 ως

328 1275 474 1322 πλάνην
509 1274 727 1323 ἀγαλμάτων
755 1280 867 1313 τινῶν
891 1277 1079 1323 εἰσάγουσι
1101 1279 1190 1319 τοὺς
1212 1277 1290 1315 κατ’
1314 1276 1474 1324 οὐρανὸν
1497 1278 1695 1324 φωστῆρας

329 1321 620 1368 θεοποιούμενοι
652 1322 718 1357 τὸν
749 1320 852 1367 ἥλιον
883 1324 947 1361 καὶ
969 1322 1036 1368 τὴν
1060 1323 1233 1370 σελήνην,
1270 1324 1319 1366 ὥς
1342 1323 1364 1372 ἡ
1389 1326 1463 1360 τῶν
1485 1325 1694 1371 Αἰγυπτίων

329 1370 508 1414 θεογονίοι
532 1367 697 1413 περιέχει.
743 1368 882 1411 αὐτοὺς
903 1369 972 1414 γάρ
996 1368 1089 1415 λέγει
1110 1369 1176 1406 τὸν
1200 1369 1394 1416 σύμπαντα
1415 1375 1481 1406 etc·
1581 1372 1616 1406 9.
1647 1369 1696 1416 τῇ

330 1416 434 1461 τρίτη
456 1414 608 1459 κινήσει]
634 1416 765 1456 „Forte
786 1416 965 1461 legendum
988 1417 1032 1462 τῇ
1054 1421 1215 1472 τρὶιμερεῖ
1234 1431 1267 1453 κ.
1290 1418 1342 1453 uti
1364 1418 1471 1453 habet
1485 1415 1695 1451 Cedrenus.⁴‘

331 1461 397 1497 ch.
513 1462 569 1499 11.
604 1461 819 1506 Πορφύριος
842 1462 932 1504 Ch.‚
964 1464 1186 1507 Πορφυριον
1207 1464 1274 1500 ΟΧ.
1388 1463 1472 1499 ibid.
1503 1459 1696 1508 φιλοσόφῳ

329 1507 606 1555 χρονογραφίᾳ]
631 1507 673 1541 V.
698 1508 878 1554 Wyttenb.
899 1508 923 1543 l.
947 1520 976 1542 c.
1001 1520 1035 1554 p.
1059 1509 1114 1544 45.

244 1597 369 1631 Turris
391 1597 625 1642 Babylonicae
657 1597 826 1632 molimina
847 1598 1074 1634 tentantibus:
1105 1611 1245 1645 quorum
1267 1599 1368 1634 etiam
1393 1597 1595 1646 dispertitae
1620 1600 1698 1632 sunt

243 1643 401 1687 linguae;
438 1643 529 1678 unde
553 1647 588 1678 et
611 1644 768 1688 Meropes
793 1643 878 1677 dicti
901 1649 978 1679 sunt
1000 1644 1168 1688 homines,
1205 1645 1297 1690 quod
1318 1657 1426 1679 sermo
1449 1655 1564 1679 eorum
1586 1644 1622 1677 in
1644 1642 1699 1677 di-

245 1700 362 1723 versos
387 1688 546 1734 loquendi
569 1688 683 1723 modos
707 1693 810 1733 atque
833 1689 1013 1723 idiotismos
1037 1689 1164 1724 divisus
1184 1691 1300 1726 fuerit.
1358 1691 1561 1725 Plutarchus
1585 1692 1697 1724 autem

247 1735 512 1776 cherronesius‚
546 1734 605 1768 ubi
646 1734 779 1771 disserit
812 1735 856 1769 de
886 1735 1006 1769 Veteri
1038 1736 1250 1771 Graecorum
1284 1736 1579 1780 Barbarorumque
1616 1734 1700 1768 Phi-

248 1779 424 1824 losophia,
448 1779 521 1814 illos
545 1780 680 1824 quidem
702 1780 941 1825 reprehendit3
968 1785 1086 1825 utpote
1110 1782 1168 1827 qui
1190 1782 1462 1816 simulachrorum
1485 1779 1700 1827 superstitio-

250 1836 309 1857 nes
342 1825 614 1859 introduxerunt.
669 1826 746 1870 Ipse
777 1830 886 1860 autem
910 1826 1103 1862 Luminaria
1134 1827 1191 1862 illa
1223 1827 1402 1870 coelestia,
1436 1826 1559 1868 solem,
1597 1830 1700 1870 atque

251 1869 382 1903 Lunam
401 1870 500 1913 juxta
521 1871 768 1915 Aegyptiorum
794 1872 1034 1916 Theologiam‚
1076 1883 1137 1917 pro
1160 1873 1233 1907 Diis
1257 1873 1368 1918 potius
1391 1872 1548 1906 habenda
1571 1876 1699 1911 censet,

253 1915 297 1948 ab
320 1914 385 1947 illis
410 1915 496 1949 enim
520 1916 708 1950 universum
740 1917 896 1951 mundum
920 1916 1146 1951 administrari
1169 1918 1275 1960 dixit3
1315 1918 1430 1952 eadem
1462 1917 1560 1951 etiam
1591 1915 1702 1950 nutri-

252 1963 398 1993 mentum
421 1961 522 1994 rebus
546 1960 696 1995 omnibus
719 1966 822 2006 atque
853 1966 1066 2006 augmentum
1088 1965 1276 2007 praebere3
1310 1962 1443 2009 triplici
1465 1962 1526 1996 illo
1549 1961 1702 2007 quinque

253 2004 470 2038 Planetarum
492 2011 607 2047 motu,
647 2007 857 2051 caeterisque
892 2011 1056 2042 astrorum
1078 2008 1320 2053 positionibus,
1357 2007 1534 2042 secundum
1559 2017 1702 2052 genera-

254 2049 378 2083 tionem
407 2055 511 2095 atque
545 2054 666 2085 aerem.
712 2052 932 2089 Plutarchum
964 2057 1076 2091 autem
1100 2054 1190 2089 hunc
1212 2053 1469 2091 Cherronesium
1491 2051 1702 2100 Porphyrius

254 2094 291 2132 in
313 2094 552 2142 Philosophica
572 2107 631 2131 sua
653 2096 937 2145 Chrouographia
960 2099 1157 2136 celebravit.
