1838 3230
313 175 411 225 586
811 171 1279 218 ANNOTATIONES.

308 288 424 340 των.]
465 287 554 327 Chr.
573 287 684 326 Alex.
705 286 841 337 habet,
879 283 1051 340 καλάμια
1073 285 1263 342 συντόμια
1281 285 1605 338 dcatoevtffivvmv*
1637 302 1746 331 men-

310 344 424 383 dose:
449 357 499 382 ex
517 350 654 383 nostro
674 343 938 381 restituendus
959 344 1070 382 locus
1090 343 1176 385 iste.
1383 370 1385 372 -
1526 368 1528 370 v
1574 359 1578 375 2
1650 344 1658 366 ‘-

424 402 519 452 Pag.
547 403 640 442 290.
668 397 708 439 4.
753 393 832 439 οἷπδ
852 398 1059 450 αἰματικοῦ
1081 403 1208 453 χυμοῦ
1227 396 1388 453 οἷθρόως
1406 396 1744 453 §tanaisque-3:913..

310 456 368 494 hil
393 456 540 494 minus:
583 455 712 492 Aelius
742 454 939 506 Lamprid.
979 454 1143 504 Quintus
1170 455 1309 494 Aelius
1336 455 1482 495 Laetus
1507 455 1744 510 Prafiotuej

310 521 346 550 et
363 510 540 550 Martiae
560 508 775 549 concubina
803 512 882 563 ejus
911 511 1075 549 inierunt
1095 512 1392 565 conjurationem
1415 510 1473 550 ad
1493 510 1745 551 occidendum·

309 581 406 606 eum.
466 567 635 605 Primum
654 566 688 603 ei
705 579 882 604 venenum
907 564 1110 604 dederunt:
1140 565 1245 619 quod
1265 582 1351 605 cum
1368 568 1743 619 minus*alienu-elma¹

306 638 375 675 per
402 620 626 670 Athletam,
674 635 760 659 cum
791 635 866 674 quo
894 622 1064 660 exerceri
1086 621 1255 671 solebat,
1285 637 1368 660 eum
1398 620 1743 674 strangulaverunt.

309 677 462 715 Athleta
482 677 574 727 iste,
604 677 833 728 Narcissus,
875 677 1004 716 dictus
1034 677 1131 728 fuit3
1168 684 1213 716 ut
1241 691 1290 716 ex
1319 678 1442 717 Dione
1469 678 1673 725 discimus,
1700 679 1744 716 in

308 732 533 772 Commodo.
1740 757 1745 766 .

424 792 516 840 Pag.
546 792 639 831 290.
670 791 708 830 6.
741 786 762 828 ὁ
780 787 847 828 καὶ
859 784 1036 836 Λούκιος
1054 786 1296 842 Αὔγουστος]
1315 788 1373 826 Ita
1391 788 1502 827 etiam
1523 787 1616 826 chr.
1631 787 1743 830 Alex.

310 845 505 896 Ρωμαίων
535 841 581 890 ις’
609 843 832 895 ἐβασίλευσε
855 841 1032 891 Λούκιος
1063 845 1271 897 Περτίναξ·
1319 850 1485 895 uterque
1511 843 1560 882 de
1587 846 1744 883 nomina

306 901 431 938 falso:
468 899 657 938 Eusebius
683 900 724 937 in
757 899 939 940 chronic.
968 900 1149 938 Helvium
1182 900 1420 938 Pertinacem
1450 906 1586 938 vocat:
1615 906 1741 938 recte:

306 957 367 994 uti
387 970 436 994 ex
455 955 626 1007 ejusdem
648 956 757 993 aurei
774 957 920 993 nummi
938 956 1193 1007 inscriptione
1214 961 1391 1006 apparet,
1408 954 1477 992 ubi
1496 953 1593 993 haec
1609 956 1743 1005 legun-

306 1019 386 1050 tur.
442 1012 542 1051 [MP.
576 1012 709 1050 CAES.
739 1012 782 1049 P.
809 1011 959 1050 HELV.
988 1012 1180 1049 PERTIN.
1209 1011 1327 1050 AUG.
1356 1010 1400 1048 id
1423 1016 1502 1060 est,
1529 1008 1743 1062 Imperator

309 1065 451 1107 Caesar
466 1065 628 1105 Publius
646 1065 811 1105 Helvius
832 1069 1026 1105 Pertinax
1048 1067 1260 1119 Augustus.
1498 1078 1501 1080 ·
1630 1093 1634 1095 -
1738 1088 1741 1095 ν

419 1126 512 1174 Pag.
546 1125 639 1165 290.
670 1125 708 1165 8.
755 1121 949 1174 ἕπίρινος]
989 1123 1076 1160 Suis
1113 1124 1338 1173 frequenter
1376 1120 1579 1160 vocabulis
1618 1120 1743 1159 utitur

305 1179 455 1217 Auctor
476 1185 632 1217 noster:
671 1192 691 1216 e
713 1191 880 1229 quorum
906 1191 1068 1216 numero
1086 1177 1163 1216 hoc
1182 1192 1265 1216 esse
1283 1177 1474 1229 suspicor.
1529 1177 1646 1214 Forte
1667 1176 1744 1214 ita-

308 1248 383 1286 que
400 1234 613 1284 scripserit,
645 1233 856 1285 ἐπίρῤινος,
888 1247 966 1284 quo
981 1235 1125 1271 Nasum
1149 1233 1341 1271 aduncum
1366 1234 1515 1283 signare
1532 1232 1714 1271 voluerit.

416 1289 514 1340 Pag.
545 1292 637 1330 290.
672 1292 734 1330 11.
768 1290 906 1336 Δίδιος
926 1287 1140 1338 Ιουλιανός,
1171 1288 1194 1329 ὁ
1214 1289 1279 1329 καὶ
1296 1287 1478 1340 Σίλβιος]
1506 1287 1743 1337 Legendum,

307 1342 488 1397 Σάλβιος.
547 1344 758 1394 Eutropius
777 1343 844 1383 lib.
863 1347 903 1386 8.
931 1343 1024 1383 Post
1047 1359 1142 1394 eum,
1174 1339 1463 1394 (Pertinacem)
1499 1341 1655 1382 Salvius
1675 1342 1742 1386 Ju-

306 1399 435 1440 liunus
453 1414 566 1452 remp.
587 1401 740 1448 invasit,
771 1406 848 1439 etc.

414 1455 515 1507 Pag.
548 1457 642 1497 290.
674 1454 737 1496 14.
782 1453 826 1496 τὸ
852 1450 1059 1507 λεγόμενον
1090 1453 1292 1505 Πλεθρὶν]
1332 1452 1513 1506 Πλεθρὶν
1539 1466 1615 1504 pro
1642 1455 1743 1493 Πλε-

303 1512 447 1564 θρίον,
487 1517 533 1549 ut
560 1507 785 1562 Στηθάριν,
819 1524 893 1562 pro
922 1506 1162 1562 στηθοὲριον·
1204 1510 1477 1548 diminutivum
1505 1523 1526 1546 a
1553 1507 1742 1560 πλέθρον,

301 1566 495 1618 Jugerum,
552 1567 678 1604 Locus
706 1566 827 1603 fuisse
855 1565 1014 1604 videtur
1039 1566 1260 1604 Palaestrae
1287 1565 1521 1612 destinatus;
1548 1564 1652 1603 sorte
1678 1570 1742 1606 et-

301 1623 377 1661 iam
407 1629 446 1662 et
477 1621 630 1661 Cursui.
686 1620 855 1672 Hesych.
887 1621 1161 1674 Πελὲθρισμα,
1203 1619 1246 1660 τὸ
1283 1617 1476 1672 δράμημα.
1536 1619 1742 1672 Πέλεθρον

301 1685 432 1716 autem
457 1693 565 1716 more
585 1678 739 1716 Poetico
763 1677 933 1729 dicitur,
962 1691 1035 1729 pro
1061 1675 1253 1729 πλέθρον·
1285 1676 1459 1727 adeoque
1489 1674 1741 1728 πελέθρισμα,

299 1748 374 1786 pro
399 1734 632 1788 πλέθρισμα.
1779 1777 1782 1780 ¹

414 1789 514 1841 Pag·
544 1793 638 1832 290.
674 1792 741 1830 21.
790 1785 872 1828 ’ὑπό
896 1786 1244 1840 κουβικουλαρίου]
1283 1786 1457 1824 Julianus
1486 1784 1533 1823 ab
1563 1784 1740 1823 omnibus

303 1846 533 1896 derelictus,
572 1860 594 1882 a
622 1845 797 1882 Tribuno
827 1843 1017 1894 quodam,
1048 1839 1104 1890 εἷς
1128 1846 1207 1882 τῶν
1232 1838 1533 1895 χιλιαρχούντων
1550 1840 1740 1880 Herodia-

303 1915 354 1938 no
385 1901 552 1949 dicitur,
583 1915 604 1938 a
633 1902 777 1938 Senatu
807 1899 855 1937 ad
877 1899 919 1937 id
947 1899 1085 1947 misso,
1112 1898 1154 1935 in
1177 1898 1325 1935 Palatio
1357 1898 1506 1935 occisus
1531 1902 1608 1934 est:
1647 1902 1740 1934 teste

303 1957 541 2004 Herodiano,
571 1956 640 1994 lib.
660 1960 698 1998 2.
718 1955 852 1993 Aelius
871 1961 999 1992 tamen
1018 1954 1245 2005 Spartianus
1270 1967 1358 1992 eum
1377 1966 1450 2005 per
1474 1951 1635 1991 militem
1654 1963 1739 2001 gre-

265 2040 268 2046 .
305 2011 453 2062 garium
471 2026 491 2048 a
512 2019 647 2049 senatu
666 2012 836 2059 missum,
867 2010 1111 2047 interfectum
1135 2008 1266 2049 tradit.

416 2065 513 2118 Peg.
544 2070 637 2108 291.
671 2070 705 2106 1.
737 2064 834 2106 nocto?
857 2062 1050 2116 συσκευὴν
1067 2067 1143 2104 τοῦ
1159 2060 1243 2116 μετ’
1265 2060 1403 2114 av’vdv]
1436 2062 1524 2100 Chr.
1541 2060 1652 2099 Alex.
1668 2059 1737 2098 ha-

302 2122 369 2159 bet
397 2124 476 2160 τῶν
511 2117 595 2172 μετ’
626 2117 760 2160 αὐτοῦ.
817 2122 1047 2172 Eutropius:
1082 2119 1220 2158 Victus
1238 2128 1292 2158 est
1310 2134 1334 2157 a
1357 2117 1492 2156 Severo
1512 2114 1616 2168 apud
1632 2114 1737 2155 Mil-

301 2177 405 2215 vium
420 2187 594 2228 pontem,
625 2175 848 2230 interjectus
871 2178 910 2213 in
927 2174 1089 2228 palatio.

413 2234 513 2283 Pag.
545 2233 637 2273 291.
670 2234 707 2270 6-
737 2230 800 2281 ἔτη
818 2228 881 2280 ιζ’,
907 2230 973 2270 καὶ
993 2233 1120 2282 μῆνας
1137 2225 1218 2280 θ’.]
1246 2227 1432 2266 Eusebius
1449 2229 1592 2265 Severo
1611 2225 1737 2276 impe-

302 2288 406 2325 ranti
433 2301 555 2325 annos
587 2285 724 2323 tribuit
753 2286 899 2323 solidos
928 2299 1059 2333 xv111‚
1086 2286 1143 2323 uli
1170 2291 1207 2322 et
1233 2283 1493 2321 Herodianus:
1524 2281 1735 2331 Eutropius

302 2348 453 2380 tantum
469 2356 539 2381 xw
562 2348 599 2379 et
626 2354 775 2379 menses
796 2354 852 2379 1v.
883 2340 973 2378 Chr.
996 2341 1105 2378 Alex.
1137 2353 1199 2379 an.
1223 2352 1307 2377 xm.
1337 2338 1526 2385 Zonaras,
1562 2350 1622 2376 an.
1647 2349 1733 2375 xvi.

300 2412 418 2437 mens.
450 2411 536 2435 vm.
573 2396 655 2435 dies
679 2410 739 2435 111.
776 2395 847 2432 Dio
875 2408 961 2432 eum
986 2396 1180 2445 imperare
1210 2393 1322 2442 facit,
1353 2406 1473 2431 annos
1492 2403 1594 2430 xvn.
1611 2404 1734 2430 mens.

300 2467 392 2494 v11t.
414 2459 451 2490 et
469 2453 551 2491 dies
574 2466 633 2492 111.
654 2452 718 2490 cui
740 2456 925 2502 computo
947 2453 1129 2500 proxime
1163 2449 1314 2487 accedit
1330 2449 1480 2486 Auctor
1499 2452 1642 2485 noster.

412 2509 510 2561 Pag.
541 2510 634 2550 291.
664 2510 702 2549 8.
745 2503 871 2552 πόδας
896 2502 1159 2556 στυφόμενος]
1192 2504 1387 2550 Quaenam
1408 2502 1504 2540 haec
1525 2502 1667 2553 pedum
1686 2499 1736 2539 sit

303 2564 480 2612 affectio,
512 2577 590 2602 non
613 2562 708 2600 satis
734 2561 868 2606 video,
899 2556 1035 2610 στύφω
1066 2561 1167 2598 enim
1197 2558 1392 2608 adstringo
1423 2558 1581 2610 proprie
1611 2562 1752 2605 sonat,.

304 2620 527 2670 diciturque
547 2619 596 2657 de
615 2619 733 2656 rebus
753 2615 1018 2666 adstringendi
1034 2615 1112 2652 vim
1133 2613 1376 2652 habentibus.
1433 2615 1572 2664 Itaque
1589 2607 1735 2661 στυφό-

305 2691 425 2726 μενον
444 2673 537 2722 τούς
559 2670 704 2721 πόδας,
731 2670 891 2725 pedihus
909 2684 1081 2722 aegrum,
1112 2682 1225 2707 sensu
1253 2669 1346 2706 licet
1374 2669 1578 2717 liberiore,
1604 2666 1735 2706 reddi-

302 2743 399 2768 mus·
457 2730 584 2782 Atque
609 2730 793 2767 Severum
820 2726 961 2778 pedum
989 2725 1212 2762 infirmitate
1239 2725 1432 2762 laborasse
1459 2730 1595 2762 testem
1613 2721 1735 2759 habe-

305 2799 389 2824 mus
419 2787 498 2826 Ael.
528 2785 776 2838 Spartianum
805 2783 846 2822 in
865 2784 1028 2830 Severo,
1061 2778 1165 2819 Idem
1187 2795 1272 2820 cum
1292 2778 1452 2831 pedibus
1471 2793 1580 2831 aeger
1595 2775 1734 2815 bellum
