1838 3230
278 182 379 233 382
512 231 516 235 ,
677 178 955 224 IOANNIS
984 181 1323 225 MALALAE

277 315 344 341 κεν
365 296 491 341 αὐτὸν
510 298 575 340 καὶ
604 296 822 350 ἀπέθανεν,
852 302 938 349 πῶς
956 303 1006 356 τῇ
1025 300 1116 357 ἐμῇ,
1155 301 1268 357 φησί,
1305 302 1632 362 βασιλείᾳπιστὰ
1650 320 1731 362 φυ-

276 365 408 421 λάξεις
444 366 586 422 μικρὸν
608 364 700 422 γάρ,
727 366 795 407 ἐὰν
814 365 1010 424 ἀνδρωθῇ
1030 366 1051 410 ὁ
1070 368 1157 418 υἱὸς
1177 369 1303 411 αὐτοῦ
1325 368 1345 412 ὃ
1366 373 1547 426 Καῖσαρ,
1571 369 1733 423 πάντως

276 436 343 477 καὶ
365 435 434 489 ἐμὲ
458 435 721 490 παραβαίνει·
756 433 831 489 ἐγὼ
852 435 895 476 δὲ
915 435 962 478 οὐ
993 437 1173 493 παρέβην
1201 436 1349 490 αὗτόν,
1385 428 1488 480 ἆλλά
1518 440 1585 480 καὶ
1607 439 1730 484 αὐτὸν

277 503 448 558 ἐποίησα
468 502 530 543 ἐπὶ
552 499 662 559 τόπῳ
691 503 901 557 πατρίκιον
922 505 986 546 καὶ
1005 504 1287 560 στρατηλάτην
1310 507 1374 547 καὶ
1396 500 1468 548 τὸν
1495 506 1583 549 υἱὸν
1602 507 1730 551 αὐτοῦ

276 572 470 626 Καίσαρα
483 583 493 593 ·
516 569 714 612 ἐκέλευσεν
734 565 805 612 οὖν
824 576 1026 627 σφαγῆναι
1047 572 1117 614 τὸν
1129 573 1347 629 Ἀρμᾶτον,
1373 572 1427 623 ὥς
1442 575 1640 629 ἐπίορκον,
1662 577 1762 619 καὶὸ

277 636 460 695 ἐσφάγη,
500 635 555 686 ὦς
587 637 792 692 ἀνέρχεται
824 639 927 681 κατὰ
953 639 998 682 τὸ
1029 641 1208 694 Δέκιμον
1238 644 1294 691 εἷς
1319 641 1364 684 τὸ
1387 642 1547 685 ἱππικὸν
1567 647 1733 699 θεωρῆ-

277 722 359 749 σαι.
430 707 495 748 καὶ
518 706 621 759 μετὰ
643 705 689 747 τὸ
711 711 961 762 φονευθῆναι
979 708 1180 763 Ἀρμᾶτον
1207 709 1278 752 τὸν
1300 710 1389 752 υἱὸν
1414 710 1539 752 αὐτοῦ
1559 712 1733 753 Βασιλί-

150 783 182 817 O
206 783 251 819 93
275 789 372 817 σκον
389 773 459 816 τὸν
482 775 676 829 Καίσαρα
696 776 857 816 παιδίον
886 774 986 818 ὄντα
1020 774 1313 834 ἐχειροτόνησεν
1343 778 1559 821 ἐπίσκοπον
1580 779 1623 821 ἐν
1640 781 1733 822 Kv-

218 852 253 886 E
278 844 368 902 ζίκῳ
389 847 440 900 τῇ
457 840 702 898 μητροπόλει
719 846 792 897 τῆς
806 841 1116 899 Ἑλλησπόντου.

368 943 457 986 Ἐπὶ
479 945 523 986 δὲ
546 947 617 998 τῆς
639 942 764 986 αὐτοῦ
784 945 993 998 βασιλείας
1011 942 1334 1001 τυραννήσαντες
1353 947 1392 990 οἳ
1415 951 1667 1005 Σαμαρεῖται
1687 947 1730 991 ἓν
1743 963 1787 997 10

274 1013 532 1069 Παλαιστίνῃ
559 1011 735 1066 ἕστεψαν
776 1011 1005 1069 λῂσταρχον
1050 1012 1218 1067 ὀνόματι
1253 1014 1492 1058 Ἰουστασὰν
1526 1017 1732 1072 Σαμαρεί-

275 1095 371 1135 την·
406 1082 473 1122 καὶ
501 1082 688 1135 εἰσῆλθεν
710 1081 750 1122 ἔν
771 1083 999 1140 Καισαρείᾳ
1019 1083 1084 1123 καὶ
1109 1080 1336 1138 ἐθεώρησεν
1362 1083 1523 1126 ἱππικὸν
1545 1085 1612 1126 καὶ
1633 1081 1733 1140 ἐφό-

273 1166 387 1192 νευσε
418 1148 593 1198 πολλοὺς
618 1149 876 1204 χριστιανοὺς
901 1147 1211 1205 ἡγεμονεύοντος
1229 1155 1300 1205 τῆς
1322 1149 1486 1208 πρώτης
1502 1152 1734 1194 Παλαιστί-

273 1234 347 1271 νης
373 1217 633 1272 Πορφυρίου,
705 1214 725 1258 ὅ
755 1217 798 1258 δὲ
827 1217 951 1266 αὐτὸς
973 1217 1211 1267 Ἰουστασὰς
1228 1217 1370 1262 ἔκαυσε
1391 1219 1460 1262 τὸν
1481 1217 1593 1275 ἅγιον
1612 1223 1733 1275 Προ-

274 1283 413 1327 κόπιον
438 1285 499 1326 ἐπὶ
531 1283 740 1337 Τιμοθέου
766 1282 980 1328 ἐπισκόπου
1002 1288 1265 1341 Καισαρείας.
1338 1289 1405 1329 καὶ
1434 1287 1568 1330 ἐλθών
1588 1285 1609 1330 ὅ
1633 1287 1731 1338 δοῦξ
1743 1302 1786 1337 15

151 1362 184 1396 V
206 1358 253 1398 34
274 1353 555 1406 Παλαιστίνης
568 1350 862 1406 Ἀσκληπιάδης
874 1352 976 1405 μετὰ
994 1358 1066 1407 τῆς
1085 1353 1212 1395 αὐτοῦ
1233 1356 1432 1409 βοηθείας
1453 1357 1520 1397 καὶ
1540 1353 1561 1397 ὅ
1582 1359 1732 1412 λῃστο-
1767 1395 1769 1397 ε

273 1419 446 1476 διώκτης
471 1417 636 1475 Ῥήγης,
676 1418 696 1461 ὃ
728 1420 995 1474 ἀξιωματικός
1019 1423 1270 1477 Καισαρείας
1289 1422 1391 1476 μετὰ
1418 1427 1500 1465 τῶν
1513 1422 1732 1477 Ἀρκαὸια-

273 1493 378 1542 κῶν,
417 1486 666 1543 ὁρμήσαντες
687 1488 772 1529 κατ’
797 1488 922 1530 αὐτοῦ
941 1489 1162 1542 συνέβαλον
1181 1489 1291 1547 αὐτῷ
1319 1491 1385 1532 καὶ
1403 1489 1636 1546 παρέλαβον
1655 1490 1731 1532 αὖ-

272 1555 370 1601 τόν·
407 1558 475 1599 καὶ
508 1553 804 1611 ἀπεκεφάλισαν
834 1556 905 1598 τὸν
935 1556 1058 1598 αὐτὸν
1085 1555 1346 1610 Ἰουστασάν,
1382 1559 1448 1599 καὶ
1481 1558 1671 1615 ἐπέμφθη
1703 1556 1728 1612 ἦ

273 1624 428 1681 κεφαλὴ
454 1623 580 1666 αὐτοῦ
599 1623 701 1678 μετὰ
723 1627 795 1666 τοῦ
816 1622 1066 1679 διαδήματος
1082 1629 1138 1682 τῷ
1155 1629 1320 1677 βασιλεΐ
1332 1624 1505 1681 Ζήνωνι.
1577 1627 1644 1668 καὶ
1663 1625 1729 1668 5²³1—
1739 1642 1786 1676 ρο

275 1693 385 1743 θέως
409 1690 430 1735 ὅ
451 1692 642 1747 βασιλεὺς
666 1689 812 1747 Ζήνων
842 1693 1000 1748 ἐποίησε
1023 1692 1097 1748 τὴν
1122 1693 1358 1750 συναγωγὴν
1389 1693 1524 1736 αὐτῶν
1557 1693 1633 1748 τὴν
1658 1688 1731 1736 οὗ-

370 1826 403 1860 1.
434 1823 513 1865 πῶς
534 1843 579 1849 -
603 1819 760 1866 φυλάξει
791 1821 918 1857 Chron.
947 1823 1071 1858 Pasch.
1097 1834 1133 1868 p.
1156 1824 1234 1859 326.
1259 1823 1288 1857 C
1319 1825 1354 1857 et
1383 1822 1533 1858 Malalae
1555 1822 1663 1858 codex
1685 1824 1728 1858 ab

368 1881 436 1905 sec.
459 1881 569 1911 manu,
593 1867 642 1909 ὡς
664 1888 709 1894 -
735 1866 901 1913 φυλάξας
923 1869 991 1904 Ox.
1081 1871 1115 1904 2.
1140 1867 1334 1916 ἅνδριωθῇ
1354 1869 1421 1904 Ox.
1514 1870 1568 1905 17.
1591 1871 1730 1906 Καισα-

369 1917 468 1960 ρείας
489 1916 576 1958 Ch.,
600 1916 804 1960 Καισαρίας
828 1916 897 1950 Ox.

278 2031 401 2074 auctor
423 2028 510 2070 fuit,
549 2028 695 2074 Imperio
719 2040 792 2063 meo
825 2028 902 2072 (uti
925 2027 976 2062 ait
996 2027 1095 2073 ipse)
1127 2040 1163 2062 se
1186 2030 1358 2073 praestans
1379 2027 1524 2062 fidelem.
1580 2026 1671 2069 Quin
1695 2030 1731 2061 et

275 2075 337 2109 ubi
360 2073 501 2120 primum
524 2074 712 2108 adoleverit
735 2074 862 2108 Caesar
885 2073 973 2108 filius
997 2075 1088 2117 ejus,
1121 2075 1254 2108 omnino
1278 2078 1313 2108 et
1335 2073 1436 2107 fidem
1458 2084 1549 2106 suam
1572 2084 1655 2116 erga
1677 2084 1730 2106 me

276 2119 439 2155 violabit:
464 2120 510 2152 At
533 2130 597 2163 ego
621 2119 671 2152 illi
693 2119 793 2153 fidem
817 2130 921 2153 meam
944 2118 1106 2160 liberavi;
1129 2118 1236 2163 ipsum
1260 2118 1442 2152 Patricium
1464 2118 1634 2162 protinus,
1660 2117 1730 2151 Mi-

278 2166 437 2210 litiaeque
461 2165 674 2198 Praefectum
698 2164 952 2206 constituend03
982 2164 1087 2199 filium
1111 2164 1210 2198 etiam
1233 2165 1304 2208 ejus
1328 2163 1506 2197 Caesarem
1527 2162 1730 2197 renuncian-

278 2211 362 2245 do.“
408 2210 600 2254 Imperator
621 2208 740 2253 itaque
763 2212 955 2251 Armatum‚
979 2213 1138 2254 tanquam
1161 2210 1348 2254 perjurum,
1373 2207 1483 2243 occidi
1501 2208 1616 2251 Jussit:
1639 2208 1730 2253 quod

280 2260 317 2290 et
337 2256 465 2290 factum
489 2258 558 2296 est,
595 2253 728 2288 interim
752 2254 830 2288 dum
852 2255 1023 2288 Decimum
1053 2254 1300 2299 pertransiens,
1338 2253 1471 2287 Circum
1494 2252 1730 2297 ingrederetur

279 2301 393 2335 Ludos
416 2303 635 2345 spectaturus.
683 2299 764 2333 Post
787 2300 924 2334 caedem
954 2299 1107 2341 Armati,
1145 2299 1337 2334 Basiliscum
1360 2298 1463 2332 filium
1487 2299 1576 2342 ejus,
1613 2298 1729 2332 adole-

279 2346 477 2387 scentulum,
502 2344 631 2390 Cyzici,
653 2355 741 2389 quae
762 2344 971 2390 Hellesponti
995 2345 1193 2390 Metropolis
1216 2348 1279 2386 est,
1301 2343 1502 2389 Episcopum
1525 2342 1727 2388 designavit.

370 2423 479 2467 Hujus
502 2423 562 2457 sub
595 2420 736 2466 imperio
761 2421 989 2464 Samaritani,
1026 2422 1250 2457 Palaestinam
1272 2421 1477 2462 incolentes3
1517 2421 1729 2466 tyrannidem

278 2474 505 2514 capessentes,
539 2469 702 2502 Justasam
725 2467 903 2511 quendam,
935 2468 1191 2508 Samaritanum,
1214 2467 1394 2500 Latronum
1417 2466 1621 2512 Principem,
1644 2466 1729 2501 Dia-

280 2515 414 2548 demate
439 2514 624 2548 cinxerunt.
669 2512 738 2546 Hic
761 2512 878 2556 itaque
901 2512 1101 2547 Caesaream
1122 2513 1305 2557 ingressus,
1341 2511 1515 2546 Circensia
1537 2511 1727 2557 spectavit3

218 2553 223 2564 ¹
279 2560 468 2604 multosque
492 2557 699 2593 Christianos
721 2556 914 2598 interfecit;
951 2558 1143 2602 Porphyrio
1166 2563 1246 2591 tunc
1270 2557 1429 2601 temporis
1451 2557 1573 2601 Syriae
1595 2556 1728 2590 Primae

279 2605 539 2639 Praefecturam
571 2607 718 2638 tenente.
766 2602 856 2643 Quin
878 2607 914 2637 et
936 2602 975 2636 S.
998 2602 1158 2648 Procopii
1191 2613 1325 2646 quoque
1346 2602 1505 2646 templum
1535 2612 1727 2636 concrema-

280 2650 355 2691 vit3
397 2650 579 2684 Timotheo
600 2654 670 2682 tum
702 2647 811 2682 sedem
835 2647 1081 2681 Caesariensem
1111 2651 1306 2691 occupante.
1361 2647 1642 2692 Supervenientes
1664 2657 1727 2680 au·-

283 2697 351 2729 tem
375 2695 407 2729 ei
437 2694 648 2729 Palaestinae
670 2693 749 2727 Dux
772 2692 984 2738 Asclepiades
1018 2703 1090 2726 cum
1113 2692 1218 2737 copiis
1241 2692 1305 2725 suis
1328 2696 1364 2726 et
1387 2693 1522 2737 Rheges
1544 2692 1727 2726 Latronum

282 2739 478 2781 insectator,
502 2738 727 2774 Caesariensis
750 2738 975 2773 Axiomaticus
998 2748 1073 2771 cum
1094 2737 1298 2779 Arcadiacis,
1322 2738 1342 2771 J
1346 2742 1488 2772 ustasam
1506 2736 1615 2771 adorti
1632 2741 1726 2771 sunta

283 2785 481 2830 praelioque
504 2785 685 2826 commisso,
710 2784 979 2830 comprehensum
1000 2787 1178 2827 tyrannum
1202 2783 1313 2827 capite
1335 2783 1537 2824 multarunt,
1561 2786 1727 2826 caputque

285 2830 356 2875 ejus
389 2831 586 2876 regiumque
607 2830 772 2865 Diadema
794 2828 923 2864 Zenoni
944 2827 1143 2873 Imperatori
1164 2828 1332 2865 miserunt.
1378 2828 1472 2864 Zeno
1496 2827 1611 2872 itaque
1634 2827 1726 2871 Syn-
