1838 3230
418 119 1035 169 CHRONOGRAPHIA.
1093 122 1140 167 L.
1169 122 1282 169 XIV.
1483 129 1585 178 375

110 244 240 290 αῧτοῧ
257 245 327 291 καὶ
351 242 513 302 ἤνεγκεν
533 242 658 288 αὐτὸν
677 241 759 286 ἀπὸ
778 246 866 305 τῶν
882 246 922 286 Γ
918 246 1068 287 αλλιῶν
1084 257 1094 268 ·
1130 243 1214 290 ἐκεῖ
1228 244 1306 301 γὰρ
1327 239 1378 300 ἦν
1401 260 1582 301 στρατη-

109 312 251 371 λάτης,
319 312 432 364 ὅστις
463 313 599 356 ἐλθὼν
629 309 820 370 ἐφόνευσε
842 311 914 354 τὸν
936 311 1150 367 Ἀνθίμιον
1168 314 1362 367 βασιλέα,
1398 312 1454 364 εἷς
1473 315 1581 358 ἐστὶν

110 384 166 433 εἰς
188 382 261 440 τὸν
280 379 394 438 ἅγιον
422 375 532 426 οἶκον
553 385 628 425 τοῦ
652 378 885 426 ἀποστόλου
902 381 1090 438 Πέτρου’
1127 383 1195 424 καὶ
1223 382 1377 433 εὐθέως
1393 381 1582 438 ἀπῆλθεν

109 453 166 502 εἷς
184 450 263 501 ,τὰς
284 451 466 500 Γαλλίας
497 447 518 493 ὅ
544 449 669 500 αὐτὸς
692 452 729 491 Γ
726 446 1011 506 ουνδαβάριος.
1081 452 1149 493 καὶ
1172 449 1341 506 ἔστεψεν
1362 449 1384 494 ὁ
1402 449 1581 508 Ῥεκίμερ

74 518 280 574 ὄβασιλέα
294 516 510 574 Ὀλόβριον
528 517 632 571 μετὰ
650 516 814 574 γνώμης
835 522 909 573 τῆς
930 516 1156 575 συγκλήτου
1171 517 1330 576 Ῥώμης
1342 534 1352 544 ·
1387 521 1455 562 καὶ
1479 521 1580 575 ἐβα-

105 589 287 646 σίλευσεν
305 585 327 630 ’ὅ
349 587 474 636 αὐτὸς
487 584 704 643 Ὀλῦβριος
722 591 795 641 τῆς
811 584 968 642 Ῥώμης
985 591 1120 642 μῆνας
1139 587 1318 644 ὀλίγους·
1353 590 1420 631 καὶ
1440 587 1578 646 ἅῤῥω-

105 653 262 712 στήσας
291 652 489 699 ἐτελεύτα.
559 658 627 698 καὶ
658 656 821 711 ἐποίησε
849 653 970 698 πάλιν
1002 655 1127 699 ἄλλον
1159 657 1334 711 βασιλέα
1358 655 1379 699 ὅ
1399 655 1576 714 Ῥεκίμερ

105 724 186 768 ἀπὸ
205 729 279 779 τῆς
295 721 520 780 συγκλήτου
540 728 615 779 τῆς
636 724 764 779 αὐτῆς
775 722 934 779 Ῥώμης
950 727 1210 781 Μαιουρῖνον
1223 740 1234 751 ·
1267 727 1334 768 καὶ
1354 723 1578 782 ἐφόνευσαν

102 794 170 838 καὶ
183 789 324 845 αὖτόν,
345 790 402 843 ὥς
415 789 645 849 φιλήσαντα
656 791 908 849 Ζινζήριχον,
931 794 1035 851 ρῆγα
1047 793 1315 851 τῶνἌφρων.
1352 796 1418 837 καὶ
1438 795 1575 850 ἐποιή-
1598 805 1629 839 Β

48 871 172 906 louet
201 859 286 914 ἀντ’
320 860 448 904 αὐτοῦ
479 859 602 904 πάλιν
635 861 759 905 ἄλλον
790 862 964 914 βασιλέα
984 863 1026 905 ἐν
1049 867 1101 920 τῇ
1114 860 1249 920 Ῥώμῃ
1275 862 1356 906 ἀπὸ
1379 867 1453 918 τῆς
1475 880 1575 920 συγ-

101 926 251 986 κλήτου
273 926 443 984 ὀνόματι
461 930 603 973 Νὲπον
623 928 644 973 ὅ
667 930 792 979 αὐτὸς
805 928 980 987 Ῥεκίμερ
993 944 1003 954 ·
1040 935 1106 973 καὶ
1124 935 1290 990 τελευτᾷ
1310 930 1330 974 ὃ
1347 930 1538 989 Ῥεκίμερ.

196 995 246 1056 ‘O
266 999 312 1040 δὲ
333 997 458 1049 αὐτὸς
471 998 598 1042 Λέων
621 998 817 1052 βασιλεὺς
840 998 959 1053 ἔλαβε
986 999 1198 1055 γαμβροὺς
1221 998 1295 1041 δύο
1321 1007 1412 1049 ταῖς
1436 1005 1573 1055 θυγα-

99 1063 244 1123 τράσιν
263 1066 406 1119 αὐτοῦ,
439 1068 624 1126 Λεοντιά
645 1071 695 1125 τῇ
715 1069 866 1122 μείζονι
886 1068 1134 1123 ΖΠαρκιανὸν
1153 1068 1224 1111 τὸν
1245 1070 1472 1125 πατρίκιον,
1501 1069 1574 1111 τὸν

98 1135 188 1179 υἱὸν
207 1133 421 1190 γενόμενον
436 1135 665 1189 Ἀνθιμίου,
691 1135 893 1189 βασιλέως
908 1134 1079 1191 Ῥώμης,
1105 1138 1173 1179 καὶ
1187 1135 1379 1194 Ἀριάδνῃ
1396 1135 1574 1192 Ζήνωνα

44 1212 87 1248 15
99 1203 170 1247 τὸν
185 1202 376 1260 ’Ἰσαυρον
407 1204 480 1248 τὸν
511 1204 763 1247 Κοδισσέον·
799 1206 868 1247 καὶ
899 1205 1085 1259 ἐποίησεν
1107 1205 1367 1262 ἀμφοτέρους
1391 1196 1570 1262 στρατη·
1597 1220 1630 1254 o
1654 1218 1699 1255 34

96 1271 226 1322 λάτας
262 1272 506 1330 πραισέντου
543 1273 611 1315 καὶ
647 1274 897 1330 πατρικίους.
968 1271 1074 1316 ἔτεκε
1114 1274 1160 1316 δὲ
1186 1271 1212 1328 ἦ
1246 1272 1572 1331 περιφανεστάτη

89 1339 282 1398 Ἀριάδνη
306 1338 567 1397 πρωτότοκον
588 1339 754 1398 ἅρῥενα,
773 1339 819 1384 ὃν
837 1338 1048 1386 ἐπεκάλεσε
1060 1342 1232 1386 Λέοντα
1246 1356 1255 1366 ·
1292 1340 1317 1397 ἦ
1336 1343 1413 1399 γὰρ
1430 1345 1571 1386 Λεον-

94 1410 163 1453 τιά
182 1407 208 1464 ἢ
228 1407 513 1466 ἐμφανεστάτη
535 1411 707 1464 θηλείας
726 1409 815 1464 ἴσχε
833 1407 973 1464 μόνον.
1007 1455 1011 1457 λ

191 1475 241 1521 Ὁ
259 1478 305 1520 δέ
323 1478 516 1532 βασιλεὺς
534 1478 661 1522 Λέων
685 1478 855 1534 ἔστεψεν
881 1479 923 1521 ἐν
945 1476 1375 1522 Κωνσταντινουπόλει
1396 1478 1567 1521 Λέοντα
1591 1490 1621 1524 C

38 1546 168 1592 20er
187 1546 335 1604 μικρὸν
356 1545 429 1590 τὸν
449 1546 610 1603 ἔγγονον
631 1546 759 1591 αὐτοῦ
771 1580 784 1600 ,
820 1547 911 1590 υἱὸν
933 1548 978 1590 δὲ
995 1546 1214 1604 Ζήνωνος,
1246 1545 1422 1602 ποιήσας
1441 1547 1567 1589 αὐτὸν

185 1656 220 1694 2.
242 1651 294 1697 ὥς
315 1655 394 1698 Ch.,
417 1652 460 1696 ὃς
483 1655 552 1691 ΟΧ.
637 1654 692 1691 14.
714 1654 913 1702 γενόμενον
937 1656 1017 1699 Ch.,
1040 1654 1238 1701 γενομένου
1263 1656 1332 1690 Ox.
1421 1657 1475 1692 15.
1499 1655 1567 1690 Im-

185 1714 239 1738 mo
263 1703 490 1739 Κοδισσαῖον
511 1701 567 1735 hic
589 1705 626 1736 et
647 1700 750 1737 infra.

94 1806 138 1830 ex
162 1793 299 1837 Galliis,
321 1793 381 1828 ubi
402 1793 573 1838 Magister
594 1792 741 1828 Militum
765 1796 859 1836 erat,
883 1793 1037 1828 accersit.
1086 1792 1329 1827 Gundebarius
1353 1791 1472 1837 itaque
1494 1792 1567 1827 Ro-

93 1852 181 1876 mam
202 1840 319 1883 veuit,
354 1845 391 1874 et
413 1839 592 1876 Anthemio
616 1839 714 1884 Rege
736 1839 772 1873 in
794 1839 868 1885 ipso
892 1839 1018 1884 templo
1042 1838 1080 1873 S.
1105 1839 1263 1884 Apostoli
1290 1838 1403 1880 Petri,
1436 1850 1503 1882 quo
1528 1850 1565 1872 se

93 1893 288 1933 receperat,
313 1886 449 1928 occiso,
488 1885 619 1920 Gallias
643 1886 804 1931 deinceps
834 1884 1011 1931 repetivit.
1067 1885 1158 1919 Tum
1180 1896 1262 1918 vero
1295 1884 1451 1918 Recimer
1477 1885 1565 1928 Oly»

93 1932 223 1974 brium,
255 1932 388 1967 Senatu
412 1933 650 1977 approbante,
683 1931 813 1966 Romae
835 1942 951 1975 regem
975 1930 1168 1965 constituit:
1213 1930 1292 1975 qui,
1317 1929 1374 1964 ubi
1398 1931 1564 1964 mensibus

93 1978 212 2025 paucis
232 1980 421 2023 regnasset,
445 1978 481 2012 in
498 1978 650 2012 morbum
669 1977 832 2019 incidens,
854 1978 929 2011 fato
948 1976 1134 2011 succubuit.
1182 1971 1247 2010 Cui
1270 1975 1426 2010 Recimer
1449 1976 1564 2019 Majo-

93 2025 206 2060 riuum
228 2025 421 2070 quendam,
460 2035 502 2058 ex
526 2024 749 2058 Senatoribus
773 2022 953 2065 Romanis,
992 2034 1214 2057 successorem
1250 2021 1448 2066 designavit.
1496 2022 1564 2056 Hic

92 2082 192 2112 vero,
214 2074 377 2116 tanquam
399 2069 592 2104 Zinzerichi
615 2070 773 2104 Afrorum
799 2069 906 2113 Regis
929 2069 1108 2110 studiosus,
1142 2080 1161 2101 e
1184 2068 1294 2103 medio
1319 2068 1469 2101 sublatus
1491 2074 1561 2102 est:

93 2116 264 2152 Seuatore
287 2115 390 2151 etiam
414 2116 495 2158 alio,
526 2116 668 2161 Nepote
692 2119 829 2156 vocato,
853 2115 898 2150 ad
923 2114 1120 2149 Occidentis
1142 2114 1317 2160 imperium
1340 2125 1361 2148 a
1384 2113 1564 2147 Recimere

89 2167 271 2210 provecto.
318 2161 473 2197 Tandem
495 2173 578 2197 vero
602 2161 759 2196 Recimer
782 2161 870 2195 diem
894 2172 986 2195 suum
1010 2159 1106 2198 obiit.
1562 2195 1564 2197 ,

185 2208 367 2244 Caeterum
388 2208 460 2243 Leo
478 2208 670 2253 Imperator
694 2207 785 2241 filiae
808 2206 944 2251 utrique
966 2205 1076 2240 virum
1099 2204 1324 2251 comparavit,
1349 2208 1428 2238 natu
1454 2205 1561 2248 majo-

94 2253 127 2289 ri
149 2255 314 2289 Leontiae
336 2253 548 2288 Marcianum
570 2253 768 2295 Patricium,
794 2251 962 2287 Anthemii
984 2251 1126 2286 Romani
1150 2251 1254 2296 Regis
1279 2251 1404 2290 filium3
1436 2250 1559 2283 Ariad-

94 2310 160 2334 nae
181 2311 264 2334 vero
289 2300 459 2334 Zenonem
482 2299 647 2341 Isauram,
672 2299 881 2333 Codisseum=
905 2309 1045 2344 quorum
1070 2302 1247 2340 utrumque
1272 2296 1422 2330 Patricia
1446 2295 1558 2339 digni-

94 2349 167 2380 tate
200 2351 236 2380 et
267 2346 461 2381 Praesentis
485 2345 635 2380 Militiae
658 2345 886 2384 Praefectura
907 2343 1110 2379 honestavit.
1170 2343 1354 2377 Masculum
1379 2352 1460 2375 vero
1487 2339 1559 2385 pri-

94 2391 298 2436 mogenitum
320 2391 428 2426 edidit
449 2391 674 2426 Illustrissima
695 2391 858 2432 Ariadna,
882 2402 984 2436 quam
1007 2389 1156 2425 Leonem
1180 2388 1334 2424 vocavitz
1365 2386 1558 2421 Clarissima

95 2436 182 2472 euim
203 2436 347 2473 Leontia
369 2437 532 2491 foeminas
553 2442 685 2473 tantum
709 2437 883 2484 produxit.

344 2563 385 2613 L
454 2562 495 2610 E
568 2561 615 2610 ο
719 2564 748 2625 J
815 2562 863 2611 U
930 2563 975 2610 N
1045 2561 1069 2607 1
1138 2559 1186 2606 ο
1255 2558 1302 2606 R

580 2652 596 2687 1
620 2652 659 2687 M
683 2652 711 2687 P
735 2652 768 2687 E
795 2652 825 2686 R
849 2653 879 2687 A
903 2652 936 2686 Τ
962 2651 995 2685 0
1020 2650 1062 2683 R.

185 2752 255 2787 Leo
290 2756 403 2787 autem
431 2753 620 2800 Imperator
649 2758 808 2800 nepotem
838 2764 953 2795 suum,
999 2751 1146 2785 Leonem
1176 2748 1371 2791 Juniorem,
1406 2740 1552 2783 Zenonis

93 2798 218 2842 filium,
242 2797 276 2832 in
300 2797 438 2844 Imperii
459 2800 660 2835 consortium
684 2799 879 2847 assumpsit,
917 2808 1017 2850 quem
1042 2800 1077 2830 et
1101 2793 1397 2840 Constantinopoli
1422 2794 1551 2829 Diade-
