1838 3230
374 149 1007 196 CHRONOGRAPHIA.
1065 147 1114 191 L.
1143 147 1300 193 XVIII.
1469 151 1568 200 473

94 270 306 330 Ἀρμενίας
353 269 608 315 ὁπλίσασθαι
637 268 743 313 κατὰ
767 272 850 312 τῶν
874 267 1011 312 αὐτῶν
1039 264 1230 320 Οῧννων,
1268 268 1336 310 καὶ
1364 264 1570 311 ἀκούσαν-

99 357 166 392 τες
180 340 221 386 οἱ
238 333 412 392 ,Οὗννοα
445 336 642 395 λαβόντες
670 337 746 393 τὴν
767 338 948 394 πραΐὸαν
967 341 1106 380 πᾶσαν
1136 334 1405 394 ὑπέστρεψαν
1438 336 1487 380 δι’
1513 331 1570 380 ὧν
1594 349 1625 384 c

99 410 337 464 ἐπανῆλθον
354 406 504 453 τόπων.
575 408 643 450 καὶ
665 404 923 456 καταδιιόξας
944 404 1096 456 αὖτοῦς
1119 403 1140 448 ὃ
1165 403 1453 463 στρατηλάτης
1469 407 1571 450 Δω-

99 474 251 530 ρόθεος
284 476 480 534 ἀφείλατο
507 475 604 533 παρ’
635 474 773 518 αὐτῶν
802 474 876 518 οὔκ
895 474 1032 530 ὀλίγην
1053 475 1245 531 πραῒὸαν.

65 554 89 590 5
197 545 264 589 Ἐν
283 544 397 604 αὐτῷ’
421 545 466 588 δὲ
488 549 548 604 τῷ
568 541 705 603 χρόνῳ
727 548 801 599 τῆς
820 541 994 599 δεκάτης
1026 545 1274 594 ῗνδικτιῶνος
1308 542 1460 599 συνέβη
1488 539 1570 586 {md

96 630 220 658 τινων
249 612 490 670 ἀλαστόρων
520 610 727 667 δαιμόνων
757 609 965 670 πρόφασιν
993 612 1183 668 γενέσθαι
1211 617 1396 668 ταραχῆς
1419 613 1462 655 ἐν
1480 615 1572 655 Βυ-

98 683 246 740 ζαντίῳ
268 682 533 738 Εὐδαίμονος,
566 679 746 737 ἐπάρχου
770 679 926 731 πόλεως
944 680 1063 731 ὄντος
1097 682 1164 723 καὶ
1184 680 1348 735 ἔχοντος
1365 679 1568 731 ἀτάκτους
1592 691 1625 726 Ο
1653 688 1723 727 214

96 751 141 794 ἐν
161 754 326 811 φρουρᾷ
345 752 388 802 ἐξ
416 750 662 808 ἀμφοτέρων
688 755 771 793 τῶν
806 754 965 806 μερῶν,
1002 750 1070 792 καὶ
1101 748 1366 801 ἓξετάσαντος
1388 747 1571 808 διάφορα
1616 800 1621 804 ,

96 817 302 876 πρόσωπα
321 814 434 876 εὗρεν
453 821 496 870 ἐξ
517 819 655 862 αὐτῶν
674 817 856 874 ὀνόματα
875 817 978 861 ἑπτὰ
1010 819 1166 868 αἰτίους
1198 815 1358 874 φόνων·
1395 821 1462 862 καὶ
1483 831 1572 875 ’ψη-

43 897 88 933 10
99 885 324 946 φισᾶμενος
352 892 436 931 τῶν
467 889 542 943 μὲν
570 886 780 943 τεσσάρων
810 886 1110 944 καρατόμησιν,
1148 891 1231 930 τῶν
1260 889 1305 930 δὲ
1322 892 1446 945 τριῶν
1468 887 1572 930 ἀνα-

97 954 388 1012 σκολοπισμόν.
459 959 528 999 καὶ
549 956 937 1013 περιβωμισθέντων
958 956 1096 998 αὐτῶν
1118 954 1196 998 ἀνὰ
1217 960 1356 999 πᾶσαν
1386 956 1462 1011 τὴν
1494 955 1571 1000 πό-

97 1028 162 1068 λιν
180 1027 248 1068 καὶ
267 1023 534 1082 περασάντων
555 1025 704 1079 αὐτῶν,
727 1027 795 1068 καὶ
820 1030 904 1069 τῶν
925 1025 1001 1079 μὲν
1021 1024 1353 1080 κρεμασθέντων,
1381 1026 1572 1075 ἐξέπεσαν

99 1091 174 1136 δύο
196 1097 281 1137 τῶν
305 1093 437 1144 ξύλων
457 1093 675 1151 ῥαγέντων,
708 1092 799 1144 ἑνὸς
817 1095 892 1149 μὲν
925 1093 1115 1145 Βενέτου,
1155 1095 1220 1135 καὶ
1241 1091 1380 1149 ἑτέρου
1402 1095 1570 1151 Πρασί-

98 1179 184 1205 νου.
256 1164 323 1205 καὶ
344 1161 534 1220 ἑωρακὼς
555 1160 576 1205 ὁ
597 1163 813 1219 περιεστώς
833 1162 932 1213 λαὸς
959 1162 1006 1205 τὸ
1036 1161 1200 1216 συμβὰν
1229 1160 1473 1219 εὐφήμησαν
1494 1163 1565 1206 τὸν
1588 1163 1621 1198 D

44 1242 88 1278 15
97 1230 286 1283 βασιλέα.
358 1230 578 1287 ἀκηκοότες
605 1232 651 1275 δὲ
680 1232 719 1275 οἳ
749 1233 921 1287 πλησίον
952 1235 1026 1274 τοῦ
1050 1228 1163 1286 ἁγίου
1185 1229 1381 1281 Κόνωνος
1395 1234 1572 1286 μοναχοὶ

1174 1297 1185 1313 Ι
1244 1301 1294 1313 uu

98 1301 166 1341 καὶ
186 1297 421 1350 ἐξελθόντες
427 1333 442 1353 ,
480 1294 600 1357 εὗρον
620 1301 663 1343 ἐκ
682 1304 765 1344 τῶν
795 1299 1111 1357 κρεμασθέντων
1135 1301 1209 1342 δυο
1242 1312 1396 1351 ςωντας
1439 1302 1570 1355 κειμέ-

98 1385 197 1418 νους
212 1369 268 1419 εἷς
286 1368 335 1412 τὸ
368 1367 536 1426 ἔδαφος.
605 1371 672 1411 καὶ
699 1367 997 1426 καταγαγόντες
1021 1367 1173 1418 αὐτοὺς
1203 1370 1376 1425 πλησίον
1403 1367 1570 1411 θαλάσ-

97 1452 197 1492 σης,
234 1438 301 1479 καὶ
330 1436 575 1491 ἐμβαλόντες
605 1438 648 1481 ἓν
681 1440 836 1497 πλοίῳ,
891 1438 1080 1492 ἔπεμψαν
1112 1437 1264 1487 αὖτοὺς
1304 1439 1346 1480 ἐν
1376 1442 1435 1496 τῷ
1469 1436 1572 1496 ἁγίῳ

95 1507 345 1565 ,Λαυρεντίῳ
365 1507 407 1549 ἐν
438 1504 605 1557 ἀσύλοις
637 1504 789 1558 τόποις.
862 1509 930 1550 καὶ
954 1506 1076 1563 γνοῦς
1100 1510 1231 1548 ταῦτα
1265 1504 1286 1548 ὃ
1309 1510 1385 1562 τῆς
1414 1505 1571 1555 πόλεως

41 1572 290 1632 Ξοέἒταρχος,
317 1575 487 1630 πέμψας
507 1576 802 1633 στρατιωτικὴν
812 1574 1014 1632 βοήθειαν
1029 1572 1253 1632 ἐφύλαττεν
1275 1575 1427 1625 αὐτοὺς
1448 1577 1572 1618 ἐκεῖσε

189 1706 225 1741 8.
265 1703 520 1749 §gandemarus-
550 1708 621 1742 ΟΧ.
715 1709 771 1742 11.
813 1707 1185 1752 περιβωμισθέντων]
1218 1707 1260 1741 V.
1286 1706 1350 1741 Ch.
1384 1710 1501 1742 annot.
1526 1707 1571 1741 ad

189 1753 439 1840 pblgdb'lgonn.
462 1752 543 1792 436.
566 1755 622 1791 11.
696 1753 751 1789 14.
773 1752 970 1799 ἐφημήσαν
995 1755 1063 1789 Ox.
1139 1755 1192 1790 19.
1217 1751 1370 1795 ἀσύλοις
1384 1753 1463 1796 Ch„
1482 1750 1571 1789 οἷεύ-

99 1912 274 1948 consilium
307 1913 482 1949 advenisse
505 1914 669 1956 Hunnos,
707 1918 917 1960 compertum
950 1913 1082 1949 habuit.
1128 1914 1288 1949 Protinus
1320 1914 1426 1960 igitur
1454 1914 1570 1950 Doro-

97 1960 194 2002 theo,
216 1959 358 1994 militum
381 1959 416 1994 in
439 1960 598 1995 Armenia
618 1960 800 2005 Magistro,
824 1972 885 2006 per
906 1961 1025 1996 literas
1047 1961 1168 2003 innuit,
1193 1961 1334 1995 Hunnos·
1357 1960 1570 2005 aggredere-

99 2009 176 2039 tur:
201 2005 290 2051 quod
305 2006 421 2040 Hunni
437 2007 497 2040 ubi
515 2007 783 2048 intellexissent3
806 2006 957 2042 abducta
974 2018 1085 2042 secum
1108 2007 1239 2052 praeda
1262 2005 1362 2049 omni,
1386 2018 1449 2051 per
1465 2019 1568 2052 quam

98 2050 243 2096 ingressi
264 2058 364 2094 sunt,
388 2052 506 2087 eadem
530 2052 586 2087 via
609 2055 844 2087 revertuntur.
892 2053 1076 2088 Caeterum
1097 2053 1268 2088 insecutus
1291 2052 1568 2088 eos.D0rotheus

99 2097 268 2143 Magister
291 2097 456 2141 Militum,
487 2099 681 2134 detractum
703 2098 768 2133 illis
789 2099 938 2144 praedae
959 2111 1027 2134 non
1049 2098 1219 2134 minimum
1240 2098 1446 2144 reportavit.

191 2143 349 2189 Contigit
369 2149 480 2180 autem
503 2156 567 2191 per
591 2144 628 2179 id
651 2149 803 2190 tempus,
838 2145 960 2180 Indict.
984 2157 1031 2188 x,
1067 2144 1246 2180 tumultum
1273 2144 1569 2188 Constantinopoli

99 2189 326 2236 (perniciosis
347 2190 460 2226 nescio
485 2191 607 2236 quibus
629 2190 813 2225 daemoniis
836 2203 910 2226 eum
935 2191 1249 2237 promoventibus‚)
1277 2189 1454 2227 concitari.
1492 2190 1567 2224 Eu-

97 2238 241 2271 daemon
271 2237 378 2280 enim,
413 2236 508 2272 urbis
531 2237 752 2278 Praefectus,
789 2237 962 2272 Factionis
993 2236 1383 2283 utriusque'seditiosos
1406 2236 1567 2282 quosdam

97 2281 328 2317 incarceratos
350 2283 493 2325 habuit3
523 2283 705 2328 multisque
728 2282 875 2317 examini
896 2283 1068 2328 subjectis,
1091 2287 1221 2330 septem
1243 2283 1428 2329 praecipue
1452 2294 1567 2316 eorum

99 2327 252 2362 caedium
283 2333 499 2374 patratarum
522 2329 573 2364 rei
605 2328 764 2375 deprensi
785 2331 873 2364 sunt.
928 2329 961 2363 E:
985 2330 1106 2375 quibus
1130 2334 1278 2374 quatuor
1312 2328 1428 2374 capite
1450 2328 1567 2374 plecti,

98 2377 170 2408 tres
190 2384 273 2408 vero
297 2374 452 2420 patibulo
476 2375 574 2420 affigi
597 2375 760 2409 decrevit.
807 2375 876 2410 Per
897 2375 1013 2411 urbem
1034 2375 1155 2421 itaque
1178 2385 1309 2410 omnem
1331 2374 1392 2408 ubi
1415 2373 1451 2408 in
1474 2386 1570 2420 pom-

100 2429 147 2464 pa
168 2419 391 2455 circumducti
413 2420 574 2463 fuissent,
603 2421 679 2456 sinu
701 2421 870 2465 trajecto,
904 2421 940 2456 in
963 2422 1128 2457 ulteriore
1151 2421 1229 2467 ripa
1251 2419 1352 2455 morti
1374 2420 1569 2455 traduntur.

101 2463 255 2505 Quorum
277 2465 335 2511 qui
357 2467 541 2512 suspendio
565 2466 758 2512 adjudicati
781 2471 858 2502 sunt
880 2467 971 2510 duo,
1002 2467 1156 2502 effractis
1180 2465 1361 2512 patibulis,
1384 2466 1420 2499 in
1443 2470 1570 2501 terram

99 2509 232 2557 delapsi
253 2516 353 2547 suntz
389 2513 447 2547 Ex
469 2513 591 2558 quibus
615 2525 699 2547 unus
722 2513 896 2556 Venetae,
933 2514 1023 2548 alter
1046 2513 1212 2548 Prasinae
1243 2513 1359 2546 fuerat
1382 2511 1570 2547 Factionis.

101 2555 181 2596 Quo
205 2555 298 2605 viso,
335 2557 538 2594 circumfusa
570 2560 676 2594 turba
704 2559 911 2605 Imperatori
942 2558 1096 2605 protinus
1129 2557 1240 2594 omnia
1274 2558 1388 2591 fausta
1422 2559 1571 2603 precari.

98 2601 274 2636 Exeuntes
298 2607 422 2647 autem,
445 2603 505 2650 qui
528 2604 573 2639 de
596 2605 647 2640 his
669 2610 889 2650 acceperant,
914 2617 1024 2651 prope
1047 2606 1085 2639 S.
1110 2604 1285 2638 Cononem
1308 2603 1471 2649 degentes
1491 2604 1570 2638 Mo-

98 2646 221 2689 nachi,
243 2658 358 2683 eorum
380 2649 437 2695 qui
459 2650 615 2696 patibulo
639 2650 801 2686 destinati
823 2654 903 2686 sunt
926 2651 1011 2686 duos
1034 2651 1130 2686 vivos
1154 2649 1285 2692 adhuc,
1307 2649 1398 2684 humi
1416 2651 1570 2695 jacentes

98 2691 312 2728 invenerunt.
335 2694 408 2730 Hos
422 2696 595 2739 Monachi,
620 2697 665 2731 ad
688 2708 780 2732 mare
802 2696 882 2731 inde
905 2697 1084 2738 deductos,
1109 2695 1315 2741 navigioque
1337 2695 1509 2741 impositos
1531 2697 1568 2732 S.

99 2737 279 2772 Laurentii
296 2739 341 2773 ad
349 2740 484 2784 Asylum
495 2742 734 2788 deportarunt.
760 2743 897 2778 Certior
914 2746 1026 2777 autem
1036 2742 1080 2776 de
1090 2741 1141 2776 his
1160 2743 1272 2776 factus
1284 2741 1498 2785 Praefectus,
1512 2755 1568 2777 ar—

98 2788 223 2819 matam
247 2796 288 2819 eo
312 2796 445 2820 manum
468 2798 509 2822 ex
537 2788 645 2823 edivit
663 2800 753 2834 quae
776 2787 946 2823 sontesibi
971 2793 1069 2822 arcte
1091 2787 1291 2822 custodiret.
1314 2788 1440 2823 Tertio
1456 2793 1570 2824 autem

99 2835 177 2876 post
200 2829 257 2866 die
280 2830 476 2868 certamina
494 2799 692 2880 &questriffi
715 2835 837 2870 Iduum
859 2838 997 2876 vocata,
1022 2834 1196 2870 celebrata
1217 2837 1305 2869 sunt.
1354 2834 1435 2870 Idus
1457 2838 1569 2871 autem
