1838 3230
302 169 401 217 412
591 172 594 174 ’
697 169 991 215 IOANNIS
1019 173 1349 218 MALALAE
1388 180 1394 183 “

300 282 455 329 νώνουν
489 285 600 346 αὐτῷ
629 289 787 341 πολλοί,
823 289 1002 345 λέγοντες
1034 289 1096 335 ὅτι
1119 292 1158 335 οἶ
1178 295 1252 348 τῆς
1268 289 1443 338 συνόδου
1464 292 1743 342 ἀκολουθοῦν-

299 370 364 403 τες
381 353 433 396 τὰ
453 356 680 412 Νεστοριόυ
707 361 941 412 φρονοῦσιν.

396 421 485 464 Ἐπὶ
505 424 549 465 δὲ
571 428 646 478 τῆς
663 423 793 467 αὐτοῦ’
814 427 1023 479 βασιλείας
1043 425 1094 469 τὰ
1123 425 1372 486 ἶπποὸρόμια
1400 429 1635 486 παρεσχέθη
1655 439 1742 483 τοῖς

299 489 508 532 Σελευκέσι
541 492 609 533 καὶ
638 490 846 549 Ἰσαύροις.
912 496 979 536 καὶ
999 495 1040 537 ἐν
1059 495 1169 554 αὐτῷ
1198 501 1256 555 τῷ
1273 494 1410 555 χρόνῳ
1440 496 1621 554 ἀνεφάνη
1639 498 1741 555 γυνή

296 573 358 605 τις
392 557 435 599 ἐκ
476 561 550 612 τῆς
593 558 730 616 χώρας
767 565 840 615 τῆς
870 563 1054 612 Κιλικίας
1086 564 1363 620 γιγαντογενὴς
1399 562 1640 621 ὑπάρχουσα
1665 567 1773 623 τὴν5

294 622 476 678 ἡλικίαν,
514 627 569 675 εἲς
586 626 716 682 μῆκός
736 645 778 670 τε
807 630 872 671 καὶ
898 627 1052 680 πλάτος
1081 630 1301 688 ἄνθρωπον
1329 630 1579 688 ὕπερ-τέλειον
1610 638 1741 690 πῆχυν

295 691 388 733 ἕνα·
422 691 511 747 ἥτις
532 700 806 750 προςαιτοῦσα
824 701 1018 752 περιῆλθε
1041 702 1176 741 πᾶσαν
1204 699 1278 754 τὴν
1292 698 1499 754 Ῥωμαίων
1516 705 1740 745 πολιτείανέ
1781 692 1785 695 .

294 757 445 815 εὑρέθη
469 762 513 803 δὲ
530 760 553 816 ἦ
586 763 688 818 αὐτὴ
721 766 787 806 καὶ
818 766 860 807 ἓν
888 765 1105 825 Ἀντιοχείᾳ
1132 770 1183 823 τῇ
1213 765 1388 824 μεγάλῃ·
1423 766 1513 823 ἣτις
1540 770 1739 825 ἐκομίζετο

295 827 376 869 ἀπὸ
404 826 574 872 ἑκάστου
598 831 863 888 ἐργαστηρίου
886 831 1029 889 φόλλιν
1050 835 1160 886 μίαν.

390 893 438 939 Ὁ
458 898 503 940 δὲ
521 898 645 949 αὐτὸς
660 900 876 950 Ἰουστΐνος
891 900 1080 954 βασιλεὺς
1108 898 1420 957 ἕδισιγνᾶτευσεν
1438 901 1594 946 ῧπατον
1611 919 1739 959 στρα-
1751 916 1796 950 10

243 973 274 1006 C
296 961 476 1020 τηλάτην
502 968 744 1023 πραισὲντου
779 966 1045 1020 Βιταλιανόν,
1091 966 1202 1019 ὅστις
1227 973 1434 1026 προῆλθεν
1463 969 1627 1021 ὕπατος1
1639 969 1740 1014 Ῥω-

148 1045 184 1079 ο
211 1045 277 1083 134
298 1034 452 1084 μαίων·
499 1036 566 1076 καὶ
600 1036 642 1078 ἐν
681 1040 739 1094 τῷ
776 1033 986 1078 ὑπατεύειν
1011 1035 1135 1078 αὐτὸν
1167 1036 1271 1090 μετὰ
1304 1037 1378 1092 τὴν
1415 1035 1580 1094 πρώτην
1612 1038 1740 1082 αὖτοῦ

294 1098 466 1154 μάππαν
500 1100 655 1158 ἐσφάγη
689 1101 710 1145 ὅ
740 1102 865 1153 αὐτὸς
894 1103 1138 1154 Βιταλιανός
1167 1105 1208 1147 ἓν
1237 1108 1296 1162 τῷ
1326 1106 1533 1164 παλατίῳ,
1590 1104 1646 1156 ὥς
1667 1124 1741 1149 τυ-

295 1166 501 1222 ραννήσας
515 1167 738 1223 Ῥωμαίους
771 1173 838 1214 καὶ
858 1172 1011 1223 πολλὰς
1028 1170 1162 1222 πόλεις
1178 1173 1244 1215 καὶ
1258 1170 1398 1231 χώρας
1415 1177 1489 1229 τῆς
1516 1171 1740 1229 Ῥωμανίας

294 1233 553 1291 πραιδεύσας.
1636 1282 1639 1283 ⁷
1750 1251 1794 1287 15

392 1302 481 1345 Ἐπὶ
513 1305 558 1345 δὲ
587 1308 659 1359 τῆς
680 1304 806 1348 αὐτοῦ
826 1306 1033 1359 βασιλείας
1058 1304 1245 1356 Ζτάθιος
1277 1305 1298 1350 ὅ
1329 1312 1411 1351 τῶν
1427 1311 1585 1362 Λαζῶν
1614 1313 1738 1363 βασι-

294 1370 386 1420 λεὺς
428 1369 632 1426 μηνιάσας
673 1375 739 1414 καὶ
783 1372 1053 1429 ἀναχωρήσας
1105 1374 1184 1417 ἀπὸ
1222 1379 1279 1416 τιῖ
1281 1393 1303 1417 ν
1349 1379 1563 1432 Περσικῶν
1603 1381 1739 1434 μερῶν

292 1437 579 1492 βασιλεύοντος
607 1444 781 1495 Περσῶν
811 1440 989 1484 Κωάδου
1018 1443 1083 1484 καὶ
1106 1444 1226 1497 φίλου
1249 1441 1365 1493 ὄντος
1381 1449 1454 1486 τοῦ
1476 1444 1602 1486 αὐτοῦ
1622 1449 1737 1487 Ζτα-
1780 1445 1783 1448 ”

292 1507 415 1559 θίου,
447 1507 646 1560 βασιλέως
665 1511 836 1562 Λαζῶν,
875 1508 930 1559 ὥς
957 1508 1066 1559 ἅπαξ
1083 1507 1342 1563 ὑποκειμένου
1363 1515 1415 1568 τῇ
1444 1513 1632 1570 βασιλείᾳ
1663 1516 1738 1554 τοῦ

292 1573 421 1616 αὐτοῦ’
440 1572 619 1618 Κωάδου
637 1590 646 1599 ·
680 1576 742 1618 διὸ
760 1578 826 1618 καὶ
848 1579 882 1619 εἷ
903 1577 1052 1632 συνέβη
1075 1577 1164 1619 τινὰ
1185 1582 1418 1633 τελευτῆσαι
1437 1584 1519 1622 τῶν
1535 1580 1793 1633 βασιλέων20

290 1643 475 1695 Λαζῶν,
521 1641 600 1686 ὑπὸ
630 1649 704 1687 τοῦ
734 1648 910 1702 Περσῶν
933 1645 1133 1699 βασιλέως
1159 1647 1445 1703 προεχειρίζετο
1479 1649 1545 1690 καὶ
1575 1647 1738 1704 ἓστέφε-

379 1763 412 1797 1.
438 1761 476 1797 οἱ
498 1763 563 1807 τῆς
587 1761 782 1809 συνόδου.]
807 1763 944 1806 „Forte
966 1763 1189 1807 scribendum,
1213 1767 1259 1810 τῇ
1284 1764 1465 1809 συνόὃῳ.“
1489 1766 1554 1800 Ch.
1611 1766 1644 1801 4.
1669 1769 1738 1802 Σε-

379 1806 538 1853 λευκέσι]
564 1810 667 1844 Redit
683 1811 768 1845 haec
790 1810 898 1845 forma
920 1813 1021 1856 p.61.
1045 1811 1085 1844 B.
1110 1810 1208 1846 Conf.
1226 1811 1368 1846 Diodori
1387 1813 1471 1846 Exc.
1497 1812 1576 1845 Vat.
1600 1824 1635 1858 p.
1660 1815 1737 1848 119.

379 1855 414 1888 2.
440 1854 493 1888 ed.
517 1860 663 1891 nostrae.
776 1858 810 1892 6.
841 1854 1090 1902 ὖπερτέλειον]
1123 1854 1349 1902 ὑπερέχουσα
1370 1857 1504 1894 τέλειον
1527 1857 1592 1892 Ch.
1637 1858 1753 1899 Fert..

382 1896 476 1944 ὑπὲρ
491 1900 636 1937 τέλειον.

292 2001 605 2079 {obsecedentibus‚
636 2003 756 2050 quibus
777 2005 909 2051 Synodi
930 2004 1017 2040 illius
1047 2006 1200 2041 fautores
1222 2005 1520 2041 Nestorianismmn
1540 2015 1660 2051 sapere
1682 2004 1735 2038 vi-

317 2057 335 2079 e
361 2052 470 2081 antur.

383 2092 490 2136 Hujus
520 2095 583 2128 sub
626 2094 766 2140 imperio
798 2095 972 2131 Circensia
1010 2096 1194 2131 certamina
1235 2095 1489 2131 Seleucensibus
1541 2098 1576 2129 et
1611 2094 1735 2128 Isauris

293 2136 446 2171 exhibita
467 2143 560 2172 sunt:
593 2151 660 2184 quo
692 2146 843 2186 tempore
876 2142 976 2176 etiam
1008 2143 1217 2176 innotescere
1250 2143 1365 2187 coepit
1387 2140 1503 2175 mulier
1525 2140 1687 2193 quaedam
1714 2151 1736 2173 a

291 2181 434 2224 Cilicia,
458 2188 588 2217 statura
610 2186 711 2229 plane
735 2187 928 2230 Gigantea,
953 2200 1040 2232 quae
1063 2192 1098 2221 et
1122 2187 1330 2231 proceritate
1361 2190 1396 2221 et
1418 2185 1648 2238 magnitudine
1677 2186 1735 2229 ju-

290 2230 374 2261 stam
397 2227 537 2263 hominis
558 2233 719 2264 staturam
744 2232 857 2266 cubito
882 2244 947 2266 uno
970 2234 1155 2278 superavit.
1207 2233 1304 2266 Haec
1333 2232 1518 2265 universum
1542 2241 1604 2275 per
1627 2241 1736 2274 impe—

290 2272 376 2306 rium
407 2274 627 2318 vagabunda,
658 2275 777 2321 stipem
802 2279 963 2321 petebat:
996 2278 1207 2312 Antiochiam
1239 2287 1373 2322 quoque
1402 2287 1556 2320 magnam
1585 2274 1735 2317 veniens,

290 2329 333 2352 ex
357 2317 495 2353 officina
518 2331 653 2365 quaque
676 2327 849 2366 erogatum
874 2323 937 2357 sibi
960 2323 1080 2358 habuit
1101 2323 1215 2357 follem
1238 2333 1350 2356 unum.

379 2363 470 2398 Idem
493 2365 678 2410 Imperator
708 2367 855 2401 ,Iustinus
878 2368 1106 2410 Vitalianum,
1139 2366 1331 2401 Praesentis
1353 2366 1498 2400 Militiae
1521 2364 1736 2419 Magistrum,

289 2408 334 2441 ad
371 2409 568 2453 dignitatem
593 2422 727 2455 quoque
751 2412 968 2446 Consularem
991 2413 1117 2448 evexit.
1171 2412 1296 2446 Consul
1318 2412 1433 2455 itaque
1455 2411 1612 2446 Romanis
1635 2411 1735 2464 datus

289 2453 498 2497 Vitalianus,
522 2456 598 2490 dum
621 2457 746 2502 populo
771 2458 943 2502 bypatiam
966 2460 1070 2500 facit,
1094 2461 1171 2502 post
1195 2458 1331 2502 primam
1355 2468 1376 2490 a
1398 2468 1434 2491 se
1455 2457 1616 2501 Mappam
1639 2467 1736 2509 emis-

287 2510 375 2540 sam,
413 2500 540 2535 occisus
565 2503 668 2536 estin
690 2502 836 2547 palatio;
877 2508 916 2536 ut
949 2505 1009 2547 qui
1038 2503 1073 2537 in
1096 2504 1270 2547 imperium
1294 2513 1386 2535 arma
1407 2507 1559 2536 moverat
1581 2500 1735 2542 rebelha,

286 2544 514 2590 plurimasque
536 2547 722 2582 Romaniae
744 2549 844 2582 urbes
868 2559 909 2581 ac
938 2549 1094 2592 regiones
1117 2548 1367 2582 devastaverat.
1573 2591 1582 2600 ·
1719 2564 1721 2566 ·

375 2591 506 2625 Eodem
536 2592 727 2637 imperante
757 2592 934 2634 Ztaffiius,
970 2594 1136 2627 Lazorum
1160 2604 1241 2633 rex,
1263 2593 1441 2626 Persarum
1463 2592 1639 2637 imperium
1662 2601 1734 2624 cum

287 2633 409 2670 diutius
431 2648 498 2670 non
521 2638 648 2679 ferret,
687 2650 707 2673 e
728 2638 923 2683 regionibus
954 2638 1097 2672 Persicis
1121 2637 1282 2672 discessit.
1335 2637 1447 2672 Persis
1478 2636 1659 2682 imperavit
1673 2646 1734 2689 meo

286 2686 438 2725 tempore
461 2683 606 2725 Coades,
631 2683 762 2718 Ztathii
785 2683 884 2718 etiam
907 2683 1011 2729 ipsius
1036 2683 1111 2717 olim
1136 2683 1268 2717 amicus.
1315 2682 1448 2728 Nempe
1474 2683 1650 2736 Persarum
1671 2691 1733 2734 xm-

285 2727 380 2764 perio
405 2727 518 2772 paruit
541 2729 706 2763 Lazorum
731 2730 829 2763 Rex:
861 2729 937 2771 cui,
967 2728 1233 2773 quandocunque
1257 2739 1331 2762 eum
1355 2729 1438 2762 mori
1461 2730 1663 2771 conngent,
1698 2736 1733 2758 m

285 2766 404 2816 Regno
427 2773 608 2808 Successor
639 2786 659 2808 a
692 2775 870 2809 Persarum
902 2786 1006 2819 rege,
1042 2775 1101 2808 sed
1132 2774 1232 2807 Lazis
1266 2774 1445 2816 oriundus,
1481 2772 1734 2817 designabatur.

285 2816 452 2854 Lazorum
474 2818 591 2865 itaque
615 2821 689 2856 Rex
721 2820 784 2855 iste
808 2819 1000 2865 Paganismi
1023 2823 1218 2867 pertaesus,
1243 2830 1432 2865 cavensque
1459 2830 1502 2853 ne
1525 2818 1552 2852 si
1575 2830 1597 2853 a
1619 2815 1736 2851 Coade
