1838 3230
659 140 958 204 EPISTOLA.
1447 157 1546 205 717

96 282 236 317 noster
249 288 328 316 una
349 288 441 315 cum
460 273 655 327 Aeschylo
678 279 940 322 memoratur,
970 274 1037 312 cui
1066 272 1158 312 olim
1189 271 1359 311 amicitia
1383 278 1420 312 et
1439 272 1556 312 fami-

97 333 269 373 liaritate
298 333 530 385 conjunctus
562 333 659 379 fuit3
697 337 743 369 ut
769 344 818 369 ex
851 330 1062 369 Plutarcho
1095 335 1250 368 constat
1277 329 1317 367 in
1343 329 1453 367 libro
1486 330 1555 381 qui

95 389 331 429 inscribitur
351 392 448 438 Πως
470 387 522 430 ἅν
550 404 610 436 τις
631 387 815 429 αἴσθοιτο
843 386 987 427 ἑαυτοῦ
1006 383 1300 440 προκόπτοντος
1330 381 1399 426 ἐπ’
1419 382 1556 441 ἀρετῇ.

96 441 318 516 Αἰσχύλος,
346 445 425 494 ait,
456 448 610 497 Ισθμοῖ
633 442 840 496 θεώμενος
867 440 1002 498 οἶγωνα
1030 445 1211 492 πυκτῶν,
1239 441 1323 483 ἐπεὶ
1344 442 1559 495 πληγέντος

97 501 234 556 ἑτέρου
255 517 301 543 το
323 501 498 555 θέατρον
529 500 730 555 ἐξέκραγε,
762 497 886 548 νύξας
915 503 1021 540 Ιωνα
1050 515 1121 541 τον
1153 501 1280 548 Χῖον,
1316 500 1448 554 Ορᾷς,
1477 498 1557 550 ἔφη

98 555 277 611 οἷονῆ”
250 559 416 611 ασκησίς
435 558 562 600 ἐστιν·
593 557 614 599 ὁ
633 554 842 609 πεπληγως
870 559 1024 612 σιωπᾷ,
1057 557 1099 596 οἱ
1124 553 1167 596 δὲ
1194 553 1393 607 θεώμενοι
1418 556 1557 608 βοῶσι.

98 615 258 654 juvenis
280 622 412 654 tamen
431 628 522 652 cum
537 628 627 652 sene
654 620 834 653 versatus
864 620 943 662 est;
974 619 1013 651 et
1037 612 1079 651 in
1111 626 1158 651 eo
1184 612 1340 662 quidem
1360 625 1438 649 non
1459 611 1559 649 levi..

97 678 161 711 ter
188 677 396 724 peccatum
424 678 484 710 est
514 685 535 709 a
565 671 734 719 Joanne,
777 670 885 721 quod
913 670 1047 707 Jonem
1075 667 1272 719 Aeschylo
1301 668 1557 707 vetustiorem

95 727 227 767 faciat.
286 727 439 766 Utinam
459 740 554 766 vero
586 734 811 779 superesset
837 726 957 764 hodie
983 725 1147 764 Batonis
1175 724 1401 777 Sinopensis
1431 724 1556 763 liber:

94 785 215 824 Plura
241 783 291 823 de
315 783 423 822 Ionis
446 789 589 832 aetate,
629 791 667 822 et
694 781 1036 822 evidentioradici
1064 787 1248 834 possent,
1285 794 1391 819 nnnc
1419 781 1492 819 soli
1514 781 1557 819 in

96 840 267 879 obscuro
297 840 530 892 lubricoque
557 841 716 879 tramite
755 840 875 890 magis
903 845 1128 891 reptamus,
1169 850 1286 888 quam
1311 837 1558 889 pedetentim

94 896 350 948 ingredimur.
407 897 580 935 Platonis
609 903 668 935 est
698 897 905 946 Dialogus,
940 909 1020 946 quo
1048 897 1229 934 Socrates
1256 907 1472 932 sermonem
1494 894 1558 932 in-

94 953 227 992 stituit
247 966 336 992 cum
353 953 448 991 Jone
471 953 644 1004 quodam
662 953 856 1004 Ephesi03
889 965 1004 1004 quem
1030 944 1050 989 a
1077 951 1175 990 Chio
1202 963 1281 988 non
1314 964 1396 989 esse
1421 951 1557 988 diver--

94 1022 181 1048 sum
203 1009 336 1062 opinio
369 1015 426 1047 est
449 1009 536 1047 Lilii
557 1010 745 1061 Gyraldi‚
773 1009 864 1047 Julii
891 1008 1100 1059 Scaligeri,
1133 1006 1275 1056 Delrii,
1307 1013 1344 1045 et
1366 1007 1556 1056 Menagii:

96 1079 198 1118 quae
214 1067 248 1104 si
268 1079 361 1105 vera
382 1072 441 1104 est
461 1067 673 1116 sententia,
702 1079 784 1104 non
802 1079 903 1117 opus
929 1071 986 1103 est
1008 1071 1052 1103 ut
1073 1065 1196 1103 multa
1218 1063 1408 1103 dicamus.
1466 1065 1558 1101 Sta-

94 1123 168 1161 tim
190 1123 292 1161 enim
313 1122 509 1160 constabit
529 1123 663 1161 Jonem
686 1121 882 1174 Aeschylo
900 1122 1021 1160 fuisse
1038 1127 1133 1159 natu
1149 1120 1355 1160 minorem.
1396 1119 1556 1172 Quippe

95 1180 277 1218 Socrates
298 1185 416 1217 natus
442 1178 600 1231 Olymp.
619 1192 778 1219 Lxxvu.
801 1192 903 1217 anno
925 1192 982 1218 1v.
1004 1177 1275 1216 tantummodo
1298 1190 1389 1214 xm.
1416 1178 1558 1215 aetatis

96 1249 244 1274 annum
262 1235 412 1286 agebat,
443 1249 533 1274 cum
567 1235 781 1287 Aeschylus
802 1249 852 1274 ex
872 1235 954 1273 vita
974 1234 1155 1281 excessit,
1186 1233 1373 1273 videlicet
1397 1232 1556 1285 Olymp-

91 1305 234 1332 10xxxt.
256 1306 318 1333 an.
342 1306 371 1330 1.
407 1291 529 1330 Callia
557 1291 720 1330 Athenis
746 1291 960 1330 Archonte.
1017 1290 1092 1330 Sed
1118 1290 1166 1328 de
1184 1289 1354 1342 Ephesio
1382 1289 1459 1327 isto
1483 1303 1559 1341 pu-

93 1355 215 1399 gnant
236 1348 427 1387 adversus
449 1347 667 1399 Gyraldum
690 1355 730 1387 et
751 1349 992 1398 Scaligerum
1022 1346 1273 1386 eruditissimi
1299 1345 1458 1398 quidem
1478 1345 1556 1384 ho-

91 1404 219 1443 miues
241 1405 316 1442 Leo
336 1404 506 1443 Allatius
525 1411 564 1443 et
583 1405 749 1443 Joannes
767 1405 940 1443 Jonsius:
975 1404 1043 1443 ille
1064 1404 1313 1443 contumeliis
1337 1404 1483 1451 fretus,
1517 1408 1556 1442 et

91 1474 140 1499 eo
160 1461 268 1512 quod
285 1461 396 1500 nullo
418 1467 556 1499 autore
575 1461 726 1513 primus
748 1462 791 1499 id
810 1461 959 1500 dixerit
976 1460 1188 1512 Gyraldus,
1218 1460 1404 1513 quodque
1425 1458 1557 1511 Ephe-

91 1517 173 1556 sius
198 1517 434 1569 Rhapsodus
462 1517 604 1567 fuerit,
644 1532 724 1556 non
751 1518 962 1568 Tragicus3
1001 1517 1069 1556 hic
1101 1524 1230 1556 autem
1257 1516 1446 1554 acerrimo
1474 1516 1557 1554 telo

91 1580 286 1623 armatus,
317 1574 409 1625 quia
436 1575 537 1612 ratio
565 1581 790 1626 temporum
821 1575 1034 1613 reclamat:
1074 1574 1224 1612 scilicet
1250 1573 1381 1611 Jonem
1415 1571 1557 1612 Chium

93 1631 254 1682 Olymp.
275 1643 406 1670 Lxxn.
425 1630 647 1680 tragoedias
667 1630 849 1669 docuisse
868 1644 947 1669 non
969 1630 1098 1668 minus
1116 1644 1239 1668 annos
1260 1629 1402 1680 vlginti
1422 1629 1556 1681 prius-

92 1700 212 1738 quam
240 1688 419 1724 Socrates
453 1693 699 1736 nasceretur,
741 1687 902 1739 Olymp.
935 1687 1093 1725 demum
1129 1699 1287 1725 Lxxvn.
1328 1699 1383 1724 lv.
1455 1685 1555 1724 Mihi

92 1742 249 1794 quidem
269 1742 374 1781 idem
396 1748 455 1780 est
479 1743 654 1792 animus,
685 1757 763 1781 non
792 1757 915 1781 unum
947 1749 984 1781 et
1015 1742 1183 1782 eundem
1209 1743 1331 1781 fuisse
1351 1741 1491 1781 Chium
1516 1748 1557 1781 et

90 1798 327 1851 Ephesium:
358 1797 478 1836 Chius
509 1799 610 1837 enim
641 1806 680 1838 et
698 1813 839 1850 genere
858 1806 895 1838 et
916 1799 1059 1852 opibus
1083 1800 1156 1838 fuit
1185 1799 1336 1838 clarus:
1372 1801 1441 1851 qui
1462 1813 1555 1838 cum

90 1855 257 1894 Athenis
288 1855 486 1907 quondam
510 1856 710 1905 tragoedia
740 1856 858 1894 simul
890 1862 929 1895 et
963 1855 1212 1908 dithyrambo
1240 1855 1417 1905 vicisset,
1461 1856 1550 1896 Chii
1573 1858 1607 1894 O
1630 1857 1674 1894 51

89 1911 173 1950 vini
197 1912 339 1951 cadum
364 1911 512 1950 viritim
533 1912 676 1964 cuique
694 1911 837 1951 civium
861 1912 995 1961 dedit3
1022 1919 1068 1952 ut
1093 1918 1310 1951 memorant
1329 1911 1554 1952 Athenaeus

90 1974 128 2007 et
151 1969 300 2006 Comici
323 1974 528 2007 enarrator
559 1968 610 2006 ad
641 1969 795 2008 Pacem.
856 1970 1090 2008 Luculentae
1112 1983 1207 2008 vero
1233 1968 1418 2018 divitiae,
1450 1984 1553 2021 quae

89 2031 170 2064 tam
193 2025 358 2064 eximiae
378 2025 605 2064 liberalitati
621 2025 802 2064 sufficere
820 2032 1048 2078 potuerunt.
1091 2025 1283 2078 Ephesius
1302 2024 1420 2065 homo
1438 2041 1549 2065 men-

89 2081 202 2120 dicus
225 2089 263 2121 et
279 2082 612 2120 circumforaneus
634 2083 861 2121 cantitando
879 2089 915 2121 et
935 2083 1204 2134 gesticulando
1223 2085 1369 2121 victum
1386 2083 1547 2135 inopem

89 2138 334 2203 quaeritans,
365 2145 407 2177 ut
442 2153 526 2177 mos
554 2145 636 2177 erat
661 2138 908 2193 Rhapsodis‚
939 2153 1038 2192 quos
1066 2141 1261 2179 Homerus
1279 2153 1375 2178 suus
1398 2140 1546 2180 misella

88 2194 191 2247 stipe
213 2200 254 2233 et
271 2194 481 2234 esuritione
505 2195 701 2246 pascebat.
756 2197 848 2249 Ipse
870 2196 919 2235 de
934 2210 974 2235 se
994 2197 1173 2248 loquitur
1197 2196 1304 2248 apud
1320 2197 1545 2236 Platonem:

86 2254 166 2291 Δεῖ
179 2247 253 2304 γάρ
274 2267 322 2303 με
341 2251 409 2292 καὶ
429 2248 581 2305 σφόδρ’
603 2248 738 2300 αὐτοῖς
770 2253 879 2307 (τοῖς
900 2252 1085 2323 θεαταῖς)
1113 2251 1184 2294 τὸν
1203 2269 1306 2294 νουν
1326 2252 1545 2319 προσέχειν,

89 2305 144 2355 ως
170 2305 242 2348 ἐὰν
269 2306 341 2360 μὲν
367 2309 576 2356 κλαίοντας
601 2305 748 2358 αὐτους
775 2311 948 2359 καθίζω,
979 2306 1098 2358 αὐτος
1118 2307 1332 2361 γελάσομαι
1353 2305 1545 2378 οἷργύριον

61 2397 66 2401 .
86 2361 319 2415 λαμβάνων·
349 2362 420 2405 {clv
439 2363 482 2405 δὲ
508 2368 722 2418 γελωντας,
754 2362 873 2415 αυτός
894 2364 1116 2419 κλαύσομαι
1136 2363 1328 2419 οῗργυριον
1354 2362 1543 2414 ἄπολλυς.

88 2418 208 2458 Chius
234 2420 275 2458 in
298 2421 405 2459 omni
431 2422 632 2459 literarum
662 2435 803 2473 genere
829 2436 1011 2474 magnum
1038 2436 1179 2461 nomen
1213 2428 1272 2460 est
1293 2429 1544 2460 consecutus:

85 2474 276 2527 Ephesius
297 2483 455 2529 praeter
471 2478 685 2517 Homerum
702 2478 800 2518 nihil
818 2479 961 2518 doctus
985 2486 1160 2517 cantare:
1190 2479 1290 2516 sicut
1309 2479 1357 2518 de
1378 2491 1419 2517 se
1446 2479 1544 2516 sate-

84 2538 175 2580 tur;
203 2545 293 2570 cum
315 2548 337 2571 a
359 2535 520 2573 Socrate
548 2535 834 2586 interrogatus,
863 2543 995 2575 utrum
1029 2536 1244 2573 Homerum
1271 2536 1399 2573 solum
1426 2536 1543 2574 calle-

84 2594 166 2636 ret,
197 2602 244 2625 an
265 2589 380 2628 etiam
397 2590 610 2630 Hesiodum
633 2598 671 2630 et
691 2592 991 2642 Arclnilochnm5
1021 2591 1248 2656 respondit,
1277 2592 1432 2630 minime
1451 2591 1541 2644 qui-

83 2644 171 2682 dem
190 2644 306 2692 istos3
336 2646 404 2684 sed
431 2647 645 2687 Homerum
673 2649 820 2688 solum.
858 2656 974 2700 atque
1004 2647 1083 2686 hoc
1112 2648 1205 2686 satis
1235 2661 1331 2687 esse.
1390 2649 1438 2687 Et
1467 2648 1539 2690 ali-

83 2707 232 2751 quanto
237 2707 364 2768 post,
396 2704 500 2743 Οταν
519 2703 591 2756 μέν
615 2720 694 2754 τις,
725 2706 800 2754 ait,
831 2705 923 2758 περὶ
948 2707 1021 2744 τοῦ
1040 2702 1161 2745 ἄλλον
1187 2707 1357 2755 ποιητοῦ
1371 2704 1539 2771 διαλέγε-

82 2772 168 2804 ται,
197 2752 290 2797 ου’δὲ
310 2758 487 2828 ποοσέχω
505 2763 625 2812 νοῦν,
655 2758 838 2802 ἀδυνατοῖ
856 2777 898 2801 τε
923 2759 990 2801 καὶ
1006 2756 1142 2801 ὁτιοῦν
1175 2760 1447 2813 συμβαλέσθαι
1473 2758 1538 2802 λό-

82 2827 156 2866 γου
173 2809 309 2864 ἄξιον,
339 2810 431 2856 ἄλλ’
449 2793 625 2869 α’τεχνως
638 2815 835 2869 νυστάζω,
867 2823 906 2857 et
935 2816 1012 2856 alia
1038 2817 1167 2870 pluria
1195 2817 1235 2856 iu
1258 2816 1360 2857 hanc
1380 2824 1538 2858 senten-
