1838 3230
595 132 1064 178 ANNOTATIONES.
1457 138 1556 186 623

103 251 344 304 Πατρίκιον,
378 249 446 294 τὸν
470 253 546 293 τοῦ
570 253 759 304 Ασπαρος
789 250 916 290 παῖδα
941 255 1015 289 etc.
1086 247 1285 289 Patricius
1314 249 1437 299 enim,
1475 249 1558 289 sive

102 306 361 359 Patriciolus,
389 308 522 347 dictus
547 313 605 346 est
636 307 800 358 Asparis
829 306 933 344 filius
959 312 1054 345 natu
1085 307 1225 347 minor.
1283 305 1483 344 Habemus
1508 319 1558 345 ex

101 364 320 414 Jornande,
351 365 402 405 de
429 364 525 405 Reb.
554 364 641 404 Get.
669 368 707 401 et
739 363 967 401 Marcellino
1002 363 1112 403 Com.
1150 376 1319 414 quorum
1349 362 1556 414 utriusque

100 419 199 460 haec
221 421 344 460 verba
364 427 479 460 sunt:
513 418 651 472 Aspar
673 419 823 470 primus
850 418 1137 467 Patriciorum,
1167 434 1254 458 cum
1282 417 1496 458 Ardahure
1521 427 1558 457 et

101 474 455 532 PatricioIofiliis‚
485 473 558 515 illo
590 473 743 528 quidem
771 474 866 513 olim
894 474 1092 525 Patricio,
1121 474 1196 514 Ῐιοσ
1221 485 1346 514 autem
1382 473 1556 522 Caesare,

96 546 313 587 generoque
329 532 476 574 Leonis
499 529 696 584 appellato
709 561 720 579 ,
748 530 950 569 Arrianus
969 545 1055 570 cum
1079 531 1260 569 Arriana
1273 529 1387 584 prole
1401 529 1558 584 Spado-

100 603 194 628 num
212 587 365 628 ensibus
383 590 422 627 in
446 586 601 641 palatio
627 585 848 640 vulneratus
877 587 1033 626 interiit.
1089 587 1237 626 Eodem
1266 587 1386 626 modo
1416 593 1558 639 peccat

100 651 140 683 et
163 644 363 684 Cedrenus
387 645 481 683 olim
500 643 711 682 Patricium
729 644 849 681 fuisse
872 644 926 682 ait
949 643 1215 693 Marcellinus,
1248 643 1341 682 inde
1363 649 1440 692 est,
1465 643 1555 694 quia

101 701 150 739 ad
169 699 277 739 hunc
297 701 438 740 Leonis
457 701 554 751 Imp.
585 713 731 737 aunum
759 714 854 749 mv,
885 700 993 752 (quo
1015 700 1266 739 Marcellinus
1297 699 1376 738 hoc
1406 700 1556 738 factum

98 756 213 810 vult)
233 757 324 796 anni
348 757 471 809 elapsi
491 757 650 794 fuerant
675 770 760 794 xxv
770 763 787 806 ,⁴
820 769 869 795 ex
900 770 979 807 quo
999 757 1256 795 Consulatum
1285 762 1458 807 gesserat
1482 759 1556 794 Ar·-

100 813 286 854 dnbures.
345 812 628 862 Corrigendum
648 813 762 851 etiam
783 811 875 851 Chr.
898 813 1008 851 Alex.
1039 813 1107 851 ubi
1135 813 1235 852 haec
1261 813 1557 852 mendosissima

97 869 302 909 habentur.
333 868 716 921 Christophorsonus
747 869 882 918 etiam,
911 869 1070 919 Evagrii
1093 870 1312 922 interpres,
1342 870 1558 908 Auctorem

97 939 213 965 suum
239 926 441 978 corrupit,
469 926 540 964 ubi
559 926 680 964 verba
700 925 782 977 ejus
805 931 1059 977 pervertens,
1089 940 1168 964 non
1194 925 1427 976 Patricium,
1458 932 1555 964 natu

96 983 311 1034 minorem,
331 982 399 1022 sed
416 982 684 1021 Ardaburium
702 982 866 1034 Asparis
885 982 928 1021 F.
958 988 1054 1021 natu
1071 983 1282 1036 majorem,
1314 996 1401 1022 eum
1424 995 1556 1022 creare

97 1039 203 1078 facit.

207 1093 307 1147 Pag.
335 1097 431 1138 371.
461 1097 528 1137 17.
556 1093 623 1135 καὶ
643 1095 845 1147 συμβολῆς
860 1094 1073 1147 γενομένης
1084 1092 1188 1147 ’μετοὶ
1215 1097 1297 1135 ταῖν
1323 1090 1556 1148 ἐξκουβιτιό-

95 1150 220 1205 oman]
249 1152 327 1190 Ista
346 1152 470 1190 vertit
485 1150 565 1190 hoc
580 1151 699 1189 modo
723 1150 815 1190 Chr.
834 1150 948 1191 Alex.
967 1151 1185 1203 Inter-pres:
1215 1161 1251 1189 ei
1269 1153 1554 1190 communicato

97 1222 185 1247 cum
204 1205 512 1248 Excubitor-ibus
538 1205 725 1258 consilio,-
753 1207 939 1260 pessime:
967 1208 1100 1246 necin
1118 1207 1196 1247 hoc
1216 1207 1302 1260 ipso
1331 1221 1466 1247 errore
1488 1207 1553 1246 bic

94 1270 246 1303 tantum
271 1269 342 1304 est.

205 1319 303 1373 Pag-
330 1321 426 1364 872.
454 1322 493 1363 6.
525 1318 681 1373 ἔβρεξεν
709 1318 752 1360 ἐν
772 1316 1196 1362 Κωνσταντινουπόλει
1227 1319 1406 1373 noviom]
1435 1320 1556 1360 Acci-

95 1375 155 1415 dit
174 1375 251 1415 hoc
270 1377 412 1414 Leonis
428 1376 530 1429 Imp.
551 1390 653 1414 anno
682 1389 752 1426 xv,
781 1390 831 1415 ex
862 1376 1025 1415 Vesuvii
1047 1378 1193 1416 montis
1221 1377 1351 1428 ignitis
1377 1378 1556 1430 eruptio·-

93 1432 230 1471 nibus:
271 1432 330 1471 uti
359 1445 409 1471 ex
434 1433 664 1472 Marcellino
696 1433 847 1472 Comite
878 1432 1092 1483 discimus,
1133 1434 1182 1473 ad
1213 1434 1363 1473 dictum
1397 1448 1557 1476 annum.

97 1487 287 1528 Vesuvius
313 1487 437 1528 IlIons
468 1486 709 1542 Campaniae
743 1487 917 1528 torridus
950 1491 1142 1529 intestinis
1176 1490 1331 1542 ignibus
1359 1501 1553 1539 aestuans,

93 1554 235 1584 exusta
256 1545 377 1584 vomit
395 1546 563 1594 viscera,
593 1546 869 1598 nocturnisque
901 1546 942 1584 in
975 1544 1037 1584 die
1061 1545 1222 1585 tenebris
1252 1561 1402 1584 omnem
1427 1545 1553 1585 Euro-

91 1599 324 1656 paefaciem
348 1601 496 1640 minuto
526 1602 703 1640 contexit
725 1599 891 1653 pulvere.
949 1600 1084 1654 Hujus
1110 1601 1305 1641 metuendi
1328 1604 1552 1642 memoriam

94 1657 234 1696 cineris
251 1655 440 1708 Byzantii
458 1671 584 1695 annue
603 1655 795 1696 celebrant
812 1670 891 1695 vu1
915 1655 1011 1695 Idus
1030 1657 1216 1698 Novemb.

204 1714 306 1765 Pag.
324 1716 420 1755 372.
451 1712 514 1755 15.
543 1709 641 1766 ὅπερ
661 1710 820 1754 ἐκάλεσε
840 1712 933 1754 νέον
948 1713 1145 1766 inficiam]
1176 1715 1233 1753 De
1252 1715 1436 1754 incendio
1456 1714 1548 1764 hoc,

93 1767 185 1808 vide
200 1769 298 1810 Zon.
320 1775 359 1807 et
378 1768 546 1809 Cedren.

205 1823 306 1878 Peg.
323 1827 422 1868 372.
456 1827 519 1868 18.
549 1822 648 1865 nava}
664 1824 902 1879 Σινζηρίχου
913 1823 1257 1880 Ουανδαλούριγος
1270 1830 1352 1869 ταῖν
1363 1830 1545 1881 Amorem]

92 1881 221 1932 Lego,
253 1878 514 1929 Ουανδᾶλου,
543 1879 660 1936 ρηγὸς
683 1884 765 1921 ταῖν
786 1887 950 1933 Αφρων.
1006 1883 1063 1921 De
1086 1884 1233 1934 praelio
1263 1897 1360 1923 vero
1386 1883 1463 1923 hoc
1482 1899 1548 1923 na-

91 1938 172 1976 vali
201 1939 306 1977 inter
324 1937 578 1976 Gizerichum
608 1935 687 1990 (ita
717 1938 818 1976 enim
847 1938 931 1976 aliis
957 1938 1086 1977 dictus
1117 1939 1198 1993 est)
1231 1947 1269 1979 et·
1298 1941 1546 1993 Basiliscum,

91 1993 183 2034 vide
201 1995 462 2046 Procopium,
493 1995 543 2033 de
561 1994 665 2032 bello
694 1994 858 2033 Vandal.
881 1994 947 2033 lib.
969 1998 1006 2037 8.

201 2049 299 2103 Pag.
328 2053 424 2094 373.
453 2054 492 2093 2.
527 2048 618 2103 ἤτοι
638 2049 858 2104 λιβέρνου.]
896 2052 1099 2107 Λίβερνον
1126 2053 1210 2094 sive
1243 2054 1456 2107 λίβυρνον,
1483 2054 1545 2092 uti

91 2107 179 2147 aliis
199 2107 407 2158 scribitur,
433 2105 640 2156 Liburna,
671 2113 743 2147 est.

205 2166 302 2217 Pag.
330 2167 425 2206 373,
458 2166 523 2207 14.
564 2161 659 2216 μετοὶ
687 2161 761 2216 τήν
787 2161 980 2205 ὑπατείαν
1010 2162 1156 2216 αὐτοῦ,
1191 2163 1246 2219 ἣν
1276 2165 1447 2207 δέδωκεν
1464 2162 1546 2218 ἅμα

94 2221 345 2275 Ρουστικίῳ.]
385 2220 563 2260 Τπατεία
584 2234 766 2259 nummus
787 2220 956 2269 dicitur,
986 2236 1006 2259 a
1029 2222 1323 2273 Magistratibus
1347 2222 1387 2261 in
1407 2235 1545 2274 popu—

89 2276 172 2315 lum
192 2290 370 2328 sparsus:
402 2276 462 2315 uti
483 2290 602 2329 supra
624 2276 772 2315 dictum
793 2283 864 2316 est.
921 2277 1067 2317 Verum
1083 2278 1181 2318 haec
1201 2279 1359 2318 dissona
1381 2286 1474 2317 sunt
1494 2278 1543 2316 ab

92 2333 180 2371 aliis
202 2331 418 2372 historicis:
463 2333 654 2385 Olybrius
676 2334 778 2373 enim
796 2340 836 2373 et
849 2334 1034 2373 Rusticus
1053 2336 1305 2375 Consulatum
1326 2341 1543 2386 gesserunt,

91 2388 231 2428 Leonis
251 2389 352 2442 Imp.
372 2403 474 2429 anno
490 2403 568 2438 v113
598 2403 689 2428 cum
721 2396 851 2429 tamen
879 2390 1113 2430 Anthemius
1144 2407 1165 2429 a
1196 2393 1326 2431 Leone
1346 2392 1544 2430 Romanus

90 2444 307 2496 Imperator
322 2460 403 2485 non
423 2446 658 2486 constitutus
676 2447 805 2496 fuerit,
835 2453 924 2487 ante
944 2448 1100 2501 imperii
1117 2447 1179 2486 sui
1201 2461 1345 2487 annum
1360 2461 1402 2487 x.
1443 2447 1542 2488 Vide

90 2500 362 2542 Marcellinum
380 2503 519 2543 Comit.
541 2510 581 2542 et
603 2503 693 2542 Chr.
711 2503 822 2545 Alex.

204 2559 298 2610 Peg.
327 2562 421 2602 374.
450 2562 489 2601 6.
519 2557 754 2612 βασιλεύει.]
782 2560 901 2600 Forte
925 2559 1117 2599 scribend.
1137 2555 1371 2612 βασιλεύσει.

203 2615 296 2666 Peg.
324 2615 420 2657 374.
452 2619 490 2658 9.
518 2613 584 2656 διὰ
610 2616 925 2671 μαγιστριανοῦ.]
957 2614 1270 2670 Μαγιστριανός,
1295 2615 1540 2669 Magiun'a-

89 2670 151 2717 ni,
183 2669 279 2708 dicti
302 2677 412 2721 sunt,
456 2671 651 2712 officiales
684 2673 859 2724 Magistri
891 2673 1134 2711 officiorum.
1190 2673 1291 2712 Vide
1322 2672 1538 2712 doctissimi

90 2725 250 2765 Fabroti
280 2727 454 2767 Glossar.
474 2728 523 2767 ad
546 2729 775 2769 cedrenum.
833 2728 949 2781 Apud
967 2730 1155 2768 Nostrum
1188 2735 1317 2769 tamen
1341 2742 1457 2768 sensu
1479 2728 1536 2768 la-

90 2783 188 2823 tiore
207 2797 282 2836 pro
300 2783 443 2836 Legato
466 2785 660 2837 quolibet,
700 2786 782 2828 sive
803 2787 949 2826 nuncio
977 2786 1095 2839 Regio
1114 2786 1238 2839 accipi
1257 2786 1436 2826 videtur:
1477 2787 1531 2824 ita
