1838 3230
429 177 1068 226 CHRONOGRAPHIA.
1125 176 1175 222 L.
1206 177 1260 222 V.
1484 181 1582 230 129

106 318 252 356 σαντι,
287 301 476 357 καταβὰς
502 299 584 358 ἀπὸ
612 304 689 344 τοῦ
715 298 902 357 ἅρματος
931 297 1060 349 εὐθὺς
1095 298 1269 354 πλησίον
1295 295 1449 354 ἐγένετο
1463 309 1474 322 ·
1514 299 1584 341 καὶ

107 369 313 428 ἀλλήλους
329 378 416 422 τοῖς
435 367 582 427 δόρασι
600 366 872 426 πειράζουσιν.
943 365 965 412 ὅ
985 367 1100 418 Αἴας
1121 368 1167 411 δὲ
1187 370 1351 424 πρῶτος
1367 365 1583 424 ἀνατρέπει

107 439 185 495 τὴν
212 439 368 484 ἀσπίδα
397 438 528 483 αὐτοῦ
556 442 616 498 τῷ
641 436 786 494 δόρατι
813 435 1021 493 στρέψας,
1059 436 1257 481 ἐπιπεσὼν
1275 435 1390 495 αὐτῷ
1405 437 1581 494 βαρέως.

106 513 192 552 τῶν
213 509 258 552 δὲ
277 507 408 552 ὄντων
433 507 546 565 ἔγγὺς
567 511 643 550 τοῦ
666 507 890 561 Μέμνονος
916 503 1175 550 ἐπελθόντων
1198 509 1257 566 τῷ
1278 505 1433 549 Αἴαντι
1459 506 1502 548 ἐν
1520 510 1581 564 τῷ

75 576 213 633 5ἕχειν
243 577 316 621 τὸν
343 577 572 632 Μέμνονα,
606 575 706 619 ι’δών
728 573 750 618 ὅ
767 575 839 626 σὸς
861 574 997 631 πατὴρ
1011 571 1237 630 Ἀχιλλεύς,
1260 573 1308 618 τὸ
1329 571 1430 630 δόρυ
1450 574 1580 619 αὐτοῦ
1602 590 1633 626 Β

104 646 248 702 βαλὼν
274 648 332 697 εἰς
350 646 422 690 τὸν
440 643 646 703 τράχηλον
666 649 740 688 τοῦ
763 644 891 688 αὐτοῦ
913 644 1136 698 Μέμνονος
1145 677 1159 697 ,
1195 644 1486 700 γυμνωθέντος
1504 648 1581 687 τοῦ

105 714 308 768 τένοντος,
341 716 480 758 κτείνει
501 713 628 757 αὐτὸν
649 713 912 764 ἀνελπίστως.
984 715 1051 756 καὶ
1078 710 1274 763 πεσόντος
1293 712 1422 756 αὐτοῦ
1442 715 1581 769 αἰφνι-

107 785 207 834 δίως
221 785 371 841 γίνεται
390 781 578 841 θόρυβος
596 784 663 826 καὶ
681 782 787 840 φυγὴ
813 787 896 825 τῶν
913 779 1143 839 βαρβάρων
1158 795 1168 805 ·
1203 783 1272 824 καὶ
1291 779 1408 837 ἡμεῖς
1429 782 1467 824 οἶ
1484 780 1582 824 Ἕλ-

106 857 226 909 ληνες
257 850 419 910 γνόντες
457 854 524 895 καὶ
556 852 810 908 πλησθέντες
835 849 1026 907 θάρσους
1055 848 1214 900 πάντας
1241 850 1338 900 τούς
1364 851 1583 901 Αἰθίοπας

53 923 326 977 1οκτείνομεν.
353 947 355 949 -
395 919 730 975 Πολυδάμαντος
752 921 796 963 δὲ
813 921 876 962 ἐπὶ
893 919 965 962 τὸν
983 919 1151 963 Αἴαντα
1171 916 1388 973 ἐπιβάντος
1396 951 1411 973 ,
1449 917 1581 976 ὁρμή-4

106 1007 186 1041 σας
203 988 224 1034 ὅ
246 988 511 1046 Τελαμώνιος
529 990 642 1040 Αἴας
659 988 745 1032 κατ’
766 989 894 1032 αὐτοῦ
904 1021 918 1042 ,
952 985 1096 1045 δόρατι
1117 985 1274 1043 πλήξας
1291 987 1364 1030 τὸν
1382 993 1583 1042 βουβῶνα

107 1059 236 1103 αὐτοῦ
256 1058 420 1116 ἀναιρεῖ
435 1056 574 1102 αὐτόν.
628 1057 836 1108 θανόντος
855 1058 900 1100 δὲ
929 1056 1113 1100 κάκείνου
1148 1058 1216 1099 καὶ
1246 1055 1383 1099 ἄλλων
1402 1060 1579 1111 πολλῶν,
1605 1068 1639 1105 0
1666 1068 1733 1107 164

107 1129 147 1172 οἳ
166 1130 374 1179 Λῗθίοπες
396 1126 612 1186 φεύγοντες
641 1126 895 1185 ἀνῃροῦντο,
933 1129 1017 1168 τῶν
1043 1125 1195 1168 ἱππέων
1217 1123 1370 1174 αὖτοὺς
1391 1143 1585 1168 καταπα-

105 1194 303 1241 τούντων.
374 1198 443 1240 καὶ
460 1194 650 1252 ἐπλήσθη
673 1196 721 1239 τὸ
741 1193 920 1238 δάπεδον
939 1198 1105 1249 νεκρῶν,
1143 1194 1211 1236 καὶ
1230 1193 1387 1250 γέγονεν
1406 1192 1582 1252 ἑσπέρα·

52 1273 97 1310 15
107 1265 268 1324 ᾔτησαν
288 1260 362 1309 οὖν
385 1265 424 1309 οἱ
445 1269 586 1322 Τρῶες
607 1267 698 1322 περὶ
728 1269 810 1308 τῶν
838 1267 991 1321 νεκρῶν
1010 1262 1180 1306 ἔνδοσιν.
1253 1263 1321 1305 καὶ
1352 1260 1472 1319 ἡμῶν
1499 1268 1584 1307 τῶν

102 1332 307 1391 Ἑλλήνων
336 1333 599 1389 συνθεμένων
629 1332 857 1391 ἀμφότεροι
891 1329 1137 1388 ἐποιήσαμεν
1160 1330 1294 1389 πυρὰς
1313 1333 1380 1374 καὶ
1400 1330 1581 1390 ε’τεφρώ-
1605 1343 1637 1378 C

107 1420 237 1459 σαμεν
267 1402 365 1454 τούς
390 1400 570 1460 νεκρούς.
650 1404 717 1446 καὶ
749 1399 1074 1459 ἀσφαλισάμενοι
1108 1401 1147 1444 οἳ
1179 1405 1322 1458 Τρῶες
1350 1400 1426 1451 τὰς
1452 1399 1586 1452 πύλας

107 1471 267 1528 ἔμειναν
289 1476 539 1523 πενθοῦντες
559 1471 628 1514 διὰ
647 1471 744 1522 τοὺς
767 1471 904 1515 αὐτῶν
924 1467 1165 1527 προμάχους
1186 1471 1252 1512 καὶ
1273 1469 1341 1512 διὰ
1362 1469 1582 1525 Μέμνονα.

108 1541 255 1598 ὀλίγων
271 1542 317 1585 δὲ
335 1539 497 1599 ἡμερῶν
518 1542 851 1598 διαδραμουσῶν,
879 1544 954 1583 τοῦ
974 1543 1051 1582 σοῦ
1074 1539 1234 1595 γενέτου
1249 1537 1463 1593 Ἀχιλλέως
1479 1555 1585 1596 προ-

50 1609 361 1665 ΞΟκαλουμένου
385 1609 473 1666 ἅμα
501 1607 601 1666 ἧμῒν
622 1616 709 1660 τοῖς
733 1609 911 1665 Ἀχαιοῖς
931 1607 1029 1658 τούς
1053 1611 1227 1665 Τρῶας,
1265 1607 1438 1662 ἐξῆλθεν
1457 1604 1584 1663 ἡγού-

105 1696 228 1736 μενος
247 1683 330 1722 τῶν
358 1676 585 1736 βαρβάρων
608 1677 629 1721 ὃ
654 1676 791 1735 Πάρις
824 1679 892 1720 καὶ
911 1678 1131 1733 Δηίφοβος
1166 1675 1342 1732 ἀδελφοί
1352 1689 1362 1699 ·
1397 1669 1507 1730 ἦσαν
1537 1675 1584 1719 δὲ

105 1747 192 1804 μετ’
218 1746 355 1790 αὐτῶν
377 1747 454 1791 σὺν
474 1751 532 1805 τῷ
556 1745 707 1801 πλήθει
727 1743 915 1790 Λυκάων
937 1747 1003 1788 καὶ
1025 1746 1225 1802 Τρωίλος,
1249 1745 1392 1794 παῖδες
1409 1745 1477 1787 καὶ
1505 1743 1583 1786 αὖ-

106 1817 172 1860 τοὶ
192 1813 405 1873 Πριάμου.
462 1817 529 1858 καὶ
549 1812 737 1872 ὁρμήσας
755 1813 875 1858 πάλιν
888 1811 1106 1868 Ἀχιλλεύς,
1145 1810 1167 1856 ὃ
1184 1812 1258 1863 σὸς
1276 1812 1449 1868 γενέτης,
1481 1812 1580 1868 μεθ’

107 1883 226 1941 ἡμῶν
255 1888 338 1928 τῶν
363 1881 567 1940 Ἑλλήνων
597 1881 763 1928 πάντων
795 1881 1036 1927 καταδιώκει
1068 1881 1167 1932 τοὺς
1198 1879 1467 1939 βαρβάρους”
1512 1883 1583 1924 καὶ

132 1995 329 2041 inquantem
360 1993 623 2037 animadvertit,
661 2006 681 2029 e
705 2005 806 2028 curru
839 1993 954 2028 statim
988 1992 1217 2035 descendens,
1252 1990 1394 2038 propius
1427 1988 1581 2025 accessit.

106 2006 199 2077 Ji’um
228 2053 312 2076 vero
336 2040 441 2075 hastis
464 2052 502 2075 se
533 2040 680 2076 invicem
705 2041 893 2086 petebant:
941 2039 1133 2086 primusque
1166 2039 1251 2084 Ajax
1284 2036 1476 2083 peracriter
1505 2047 1580 2071 eum

107 2099 309 2143 aggressus,
342 2091 475 2122 scutum
506 2087 598 2132 ejus,
632 2088 731 2122 hasta
762 2086 960 2132 impulsum,
995 2084 1194 2131 obliquavit.
1240 2084 1439 2129 Derepente
1468 2081 1580 2127 igitur

107 2145 168 2180 qm
190 2133 362 2168 Memnoni
385 2132 531 2179 proximi
555 2138 675 2175 erant,
709 2133 867 2177 Ajacem,
891 2143 964 2166 eum
989 2136 1186 2177 urgentem,
1220 2129 1335 2165 adorti
1357 2133 1452 2164 sunt:
1486 2127 1579 2172 quod

100 2179 167 2215 'ubi
187 2179 277 2215 vidit
299 2183 400 2225 peter
423 2184 502 2215 tuus
524 2179 694 2221 Achilles,
728 2178 935 2213 denudatum
958 2177 1146 2212 Memnonis
1165 2176 1322 2221 jugulum
1346 2175 1445 2209 hasta
1469 2174 1579 2217 traje-

108 2226 177 2268 eit3
210 2225 408 2272 ipsumque,
445 2225 590 2261 omnium
615 2228 755 2270 praeter
778 2234 891 2270 spem,
926 2224 1063 2259 occidit.
1110 2223 1291 2257 Memnone
1315 2221 1364 2255 sic
1387 2222 1575 2266 prostrato,

106 2272 270 2307 tumultus
301 2272 420 2317 ingens
443 2272 478 2306 in
510 2271 672 2306 Barbaris
695 2276 791 2306 ortus
823 2274 893 2312 est,
937 2271 1052 2316 fugam
1074 2269 1146 2304 sine
1175 2279 1271 2303 mora
1301 2265 1574 2311 capessentibus:

107 2329 168 2353 nos
193 2322 335 2360 contra,
357 2318 528 2353 revocatis
552 2317 690 2358 animis,
715 2315 903 2361 Aethiopas
924 2316 968 2351 ad
990 2327 1092 2351 unum
1117 2326 1230 2350 omnes
1253 2312 1448 2348 excidimus.
1483 2310 1574 2344 Tum

106 2375 190 2399 vero
210 2363 511 2408 Polydamantem,
534 2364 672 2408 Ajacem
696 2362 926 2404 adorientem,
952 2363 1040 2407 Ajex
1063 2361 1211 2396 vicissim
1227 2360 1384 2405 petebat:
1406 2358 1575 2401 juxtaque

107 2409 251 2454 inguina
274 2410 483 2452 confossum,
519 2409 563 2445 de
586 2408 697 2444 medio
721 2408 868 2443 sustulit.
915 2407 1046 2443 Occisis
1070 2419 1153 2443 vero
1178 2419 1219 2441 eo
1243 2403 1463 2451 plurimisque
1485 2400 1574 2443 aliis,

108 2455 294 2501 Aethiopes
315 2456 352 2490 in
374 2455 450 2502 ipsa
472 2456 558 2501 fuga
582 2455 778 2501 perierunt,
802 2453 986 2500 Equitibus
1008 2466 1066 2489 eos
1088 2451 1379 2499 proculoantibus:
1411 2451 1575 2501 totusque

110 2511 246 2547 campus
280 2501 503 2537 cadaveribus
533 2502 652 2547 plenus
683 2505 745 2536 est.
791 2501 909 2535 Nocte
940 2512 1024 2536 vero
1049 2499 1252 2545 ingruente,
1291 2493 1438 2538 Trojani
1459 2493 1574 2527 uobis—

111 2556 187 2581 cum
212 2546 257 2581 de
289 2547 440 2583 Mortuis
473 2546 674 2594 sepeliendis
698 2552 863 2592 egerunt:
895 2546 991 2581 nobis
1014 2550 1128 2581 eutem
1150 2544 1217 2578 illis
1239 2540 1484 2593 annuentibus,
1515 2548 1575 2572 ro-

110 2603 172 2636 gos
193 2591 354 2638 utrinque
376 2594 594 2637 extruximus,
617 2598 834 2638 mortuosque
852 2592 1083 2634 cremavimus,
1109 2588 1254 2632 Trojani
1278 2590 1391 2622 autem
1413 2585 1469 2618 Iln
1491 2595 1577 2630 por-

110 2637 157 2672 tis
189 2637 353 2674 obseratis
381 2639 501 2674 ducum
532 2651 670 2675 suorum
700 2638 957 2692 Memnonisque
988 2639 1096 2673 fatum
1128 2635 1307 2670 deflerunt.
1354 2629 1475 2665 Paucis
1506 2629 1576 2664 ita-

110 2694 179 2729 que
209 2683 327 2718 ‹liebus
358 2684 568 2731 interjectis,
604 2689 705 2731 patre
736 2689 797 2720 tuo
830 2684 961 2719 Achille
985 2683 1151 2727 nobisque
1173 2679 1312 2714 Achivis
1337 2677 1508 2721 Trojanos
1531 2675 1576 2710 ad

109 2729 277 2775 praelium
301 2731 580 2774 provocantibus3
612 2731 740 2776 egressi
770 2735 849 2766 sunt
879 2729 1012 2765 Paridis
1042 2724 1283 2773 Deiphobique
1314 2723 1375 2757 sub
1399 2721 1577 2768 auspiciis:

110 2786 257 2820 cumque
289 2775 341 2810 his
371 2775 528 2821 Lycaon,
563 2778 786 2822 Troilusque‚
820 2782 857 2811 et
879 2776 945 2822 ipsi
969 2773 1097 2809 Priami
1120 2771 1205 2813 filii,
1238 2771 1273 2804 in
1297 2768 1404 2804 aciem
1427 2769 1578 2803 devene-

110 2825 200 2855 runt.
248 2821 355 2856 Pater
376 2821 495 2867 itaque
517 2827 597 2858 tuus
620 2824 786 2864 Achilles,
824 2833 899 2856 cum
923 2820 1020 2855 nobis
1043 2818 1215 2859 omnibus,
1247 2816 1284 2850 in
1315 2814 1480 2861 praelium
1512 2813 1574 2848 ‹le-

111 2865 295 2910 scendeus,
327 2868 499 2904 Barbaros
521 2868 746 2915 proffigavit3
781 2879 922 2914 quorum
945 2864 1082 2912 plurimi
1104 2863 1195 2899 inter
1219 2861 1414 2907 fugiendum
1436 2859 1473 2895 in
1487 2859 1575 2894 Sca-

169 2921 276 2954 Iomm
282 2932 317 2954 es
355 2920 523 2955 Malalas.
1267 2914 1292 2953 9
