1838 3230
303 154 401 230 6'32
787 174 1251 221 ANNOTATIONES.

412 288 509 343 1³03.
540 292 633 334 897.
661 293 700 334 8.
730 283 914 341 λαβόντες
941 285 997 335 εἷς
1020 288 1331 357 κραβαταρέαν.]
1365 283 1471 331 Infra
1501 291 1642 342 etiam,
1669 292 1738 333 lib.

306 351 370 390 18.
396 363 466 387 τον
486 344 529 387 δὲ
559 345 809 397 Αλέξανδρον
838 341 1157 397 καυλοτομήσας,
1195 342 1441 398 ἐπόμπευσεν
1470 347 1527 395 εἰς
1550 348 1742 400 κραβατα-

303 405 415 459 ρίαν·
446 401 712 455 κραβαταρέα,
739 400 823 438 sive
840 400 1102 453 κραβαταρία,
1129 400 1335 442 Lecticula
1354 409 1435 452 est,
1463 417 1486 441 a
1503 401 1714 456 κράβατος.

415 458 637 510 Pag.397.
670 459 734 499 19.
780 455 836 502 εἰς
862 456 1150 509 Αλεξανδρείαν
1177 472 1251 508 την
1279 455 1539 510 Καμβύσου.]
1579 458 1743 497 Ubinam

303 514 461 553 tandem
487 519 680 551 terrarum
700 511 772 549 sita
790 517 873 549 erat
891 509 989 549 haec
1009 513 1132 550 urbs?
1175 512 1432 552 Alexandriae
1453 515 1530 553 XII
1546 520 1746 554 enumerat

306 570 396 609 Chr.
416 567 668 607 Alexandrini
686 568 847 616 Auctor,
875 567 1005 605 XVIII
1024 567 1244 620 Stephanus
1262 569 1312 609 de
1333 569 1521 622 Urbibu53
1550 569 1669 624 huJus
1687 576 1746 610 ta·-

306 639 396 665 men
412 625 578 662 Nostrae
593 623 740 661 ibidem
760 621 902 661 mentio
923 622 1047 666 nulla,

419 684 512 731 Pag.
544 681 638 721 397.
669 682 734 721 21.
764 678 947 730 ἐξέβαλον
967 694 1015 718 τα
1034 673 1193 719 συκότια
1216 675 1376 731 vativomi-J
1406 680 1650 721 Vocabulum
1667 681 1745 720 lioc

306 736 445 774 nullibi
463 734 558 773 mihi
578 734 773 784 occurrit3
806 734 854 771 ob
877 746 960 771 eam
981 740 1129 783 tamen,
1157 747 1257 785 quae
1277 735 1375 774 inter
1390 735 1491 775 haec
1509 745 1582 785 est,
1611 737 1747 776 simili-

306 792 503 838 tudinem,
533 788 581 829 τοέ
610 786 773 830 συκότια
805 787 1011 828 Tesiiculos
1035 796 1188 828 vertere
1210 803 1326 828 ausus
1353 804 1453 831 sum.
1512 793 1624 832 Certe
1647 794 1744 831 Bac-

310 848 428 885 chum
454 844 619 884 Ficulna
653 843 859 894 Pudenda,
890 845 973 883 sive
1008 843 1245 894 Τεειίοιιῑοε,
1279 853 1319 884 et
1335 848 1548 886 mentulam
1575 861 1626 886 ex
1644 850 1744 900 pelle

308 904 467 941 cervina
511 902 730 939 consectam
760 900 914 938 sibimet
944 900 1161 951 applicasse
1195 907 1362 940 testatur
1392 903 1487 945 Isac.
1507 905 1669 942 Tzetzes
1703 905 1744 942 in

307 958 557 1009 Lycophron.
589 956 637 994 (le
663 955 841 1005 Baccho,
875 956 970 1006 Pol)
976 954 1122 1006 hymno
1150 957 1305 994 cuidam
1329 958 1391 996 sui
1419 959 1574 1012 copiam
1606 960 1744 1009 secere,

309 1020 399 1065 post
418 1015 613 1052 inventam
635 1018 795 1049 matrem
815 1024 937 1060 suam,
964 1013 1230 1062 promittente,
1272 1014 1504 1053 mentionem
1520 1015 1665 1054 faciens
1684 1014 1746 1054 his

309 1069 461 1107 verbim
498 1063 797 1134 τελευτήσαντος
825 1065 867 1106 δὲ
892 1063 1148 1119 Πολυύμνου,
1177 1064 1373 1117 Διόνυσος
1392 1070 1521 1110 θέλων
1547 1072 1747 1139 πληρωσαι

310 1140 385 1176 την
405 1121 631 1175 ὑπόσχεσιν,
657 1119 800 1163 σύκινα
817 1123 950 1163 αἰδοῖα
973 1125 1184 1176 προσῆψεν
1207 1122 1347 1180 ἑαυτῷ,
1376 1126 1444 1166 καὶ
1459 1124 1634 1177 φαλλοὺς
1651 1127 1747 1181 δερ-

311 1181 499 1232 ματίνους
517 1176 688 1229 ἐλάφων.

424 1235 520 1286 Pag.
549 1237 642 1276 398-
674 1237 714 1274 3.
754 1234 976 1286 Εἶρηναῖον
992 1231 1062 1274 τόν
1082 1230 1389 1287 Πενταδιαστήν.
1401 1234 1416 1287 ]
1445 1236 1624 1275 Irenaeus
1655 1236 1746 1286 iste,

311 1290 334 1333 ὅ
352 1291 585 1338 Πενταόίας,
615 1304 636 1326 a
654 1288 905 1340 Theophane,
938 1295 976 1326 et
1001 1289 1091 1328 Chr.
1113 1291 1369 1329 Alexandrini
1386 1293 1556 1331 Auctore
1573 1293 1748 1343 appella-

314 1354 401 1385 tur:
451 1343 582 1412 Τούτῳ
606 1347 659 1399 τῷ
683 1344 757 1384 ε’τει
787 1347 918 1394 (anno
946 1344 1029 1385 scil.
1058 1346 1263 1384 Iustiniani
1290 1347 1388 1398 Imp.
1415 1349 1489 1398 111)
1518 1351 1750 1400 Σαμαριτῶν

315 1398 630 1448 στασιασάντων,
684 1399 752 1439 καὶ
787 1412 1037 1451 ποιησαντων
1082 1400 1235 1449 ἑαυτοῖς
1267 1401 1427 1453 βασιλέα
1455 1402 1522 1442 καὶ
1551 1404 1747 1456 Καίσαρα,

315 1456 503 1509 ἐπέμφθη
538 1457 756 1509 Εἰρηναῖος
785 1454 809 1496 o‘
839 1456 1058 1502 Πενταδίας
1096 1454 1374 1509 στρατηλάτης,
1428 1457 1497 1498 καὶ
1521 1438 1750 1499 ἐθανάτωσε

315 1511 506 1562 πολλους,
531 1518 601 1551 etc.
632 1510 775 1549 Chron.
795 1510 907 1550 Alex.
929 1511 969 1548 in
986 1511 1211 1550 Justiniano.

427 1568 524 1620 Pag-
552 1570 645 1609 398.
675 1567 716 1609 5
757 1582 830 1618 την
847 1568 1089 1619 λειτουργίαν
1107 1571 1178 1607 τοῦ
1197 1565 1409 1620 λεγομένου
1429 1563 1723 1622 Χρυσαργυρου.
1733 1568 1748 1620 ]

317 1625 372 1663 De
394 1625 561 1662 T1ibuto
584 1622 673 1672 hoc,
704 1622 751 1659 ab
771 1621 973 1660 Anastasio
993 1623 1093 1674 Imp.
1114 1623 1258 1661 abolito
1276 1625 1431 1674 copiose
1455 1624 1654 1674 Evagrius,
1672 1625 1749 1662 Ec-

321 1682 409 1719 cles.
431 1680 530 1719 Hist.
548 1678 615 1718 lib.
636 1681 674 1719 3.
693 1691 778 1729 cap.
796 1680 862 1720 38.
897 1683 935 1716 et
949 1684 1042 1729 post
1062 1691 1150 1717 eum
1171 1677 1378 1731 Nicephor.
1398 1678 1460 1717 lib.
1489 1682 1553 1721 16.
1574 1693 1661 1732 cap.
1682 1683 1751 1722 40.

318 1738 457 1775 Zonar.
474 1736 514 1773 in
530 1734 729 1773 Anastasio
746 1740 785 1772 et
804 1733 1010 1774 Cedrenus.

433 1795 526 1858 Pag.
557 1793 651 1832 398.
681 1794 721 1831 7.
778 1785 1006 1837 ἄντεισαξας
1037 1793 1120 1837 ταῖς
1148 1789 1281 1837 θείαις
1308 1792 1525 1844 λαργιτιῶσι
1553 1785 1752 1842 πρόσοδον

320 1843 596 1897 αντἀ11’του.]
638 1846 749 1885 Θείαι
766 1846 1013 1899 λαργιτίωνες
1029 1845 1126 1884 istae
1145 1846 1281 1883 Fiscus
1302 1854 1400 1893 erat,
1430 1846 1510 1884 sive
1529 1845 1752 1883 Thesaurus

319 1903 615 1953 Imperatorius,
645 1915 694 1939 ex
716 1914 793 1951 quo
817 1907 997 1964 sumptus
1017 1901 1056 1939 in
1076 1902 1277 1953 publicum
1294 1901 1752 1953 impendebantu1.Re-

319 1958 427 1996 (litus
443 1958 542 1996 enim
559 1957 809 2008 Imperatmis
832 1957 950 1994 trium
969 1963 1079 1995 erant
1098 1970 1300 2007 generum,
1329 1957 1386 1995 uti
1406 1971 1478 1995 nos
1496 1957 1610 1995 docet
1628 1954 1752 1994 Scho-

319 2014 452 2052 liastes
481 2013 632 2050 Basilio.
663 2013 795 2061 Eelog.
827 2016 866 2054 7
892 2009 1147 2064 πατριμόνια,
1180 2011 1492 2062 Ραινίιηοηίαἷεε,
1522 2019 1566 2050 ut
1591 2012 1749 2060 Domus,

320 2068 503 2118 P1aed1a,
532 2074 569 2104 et
589 2081 841 2119 quaecunque
866 2068 955 2106 Jure
973 2067 1233 2106 haereditario
1252 2068 1283 2106 ei
1301 2068 1540 2118 obtigerunt,
1570 2063 1750 2118 πριβατα,

320 2124 491 2173 Privati,
516 2123 585 2161 ubi
604 2136 702 2173 prov
706 2130 816 2161 entus
845 2124 997 2175 publici
1014 2124 1248 2191 Imperatori
1267 2129 1464 2161 cesserunt
1481 2124 1520 2160 in
1538 2136 1650 2160 usum
1666 2122 1749 2173 pri-

321 2188 478 2227 vatum3
508 2185 546 2217 et
554 2180 831 2230 Λαργιτίωνες,
849 2178 1044 2219 τουτέστιν
1062 2178 1165 2220 ὅπου
1185 2180 1228 2219 αἰ
1246 2180 1428 2231 δημοσίαι
1446 2178 1591 2218 εἴσοδοι
1613 2178 1668 2224 εἷς
1684 2178 1751 2228 δη-

323 2236 464 2288 μοσίας
483 2231 757 2274 ἀναλίσκονται
774 2235 914 2286 χρείας,
943 2235 1008 2274 καὶ
1029 2238 1101 2274 τοῦ
1116 2237 1276 2275 κοινοῦ·
1318 2235 1368 2271 Et
1391 2233 1652 2285 Largitiones,
1681 2233 1750 2271 ubi

322 2293 540 2331 Provenius
557 2289 707 2327 Publici
725 2292 766 2326 in
787 2303 897 2327 usum
922 2291 1124 2328 Publicum
1143 2289 1474 2342 impendebantur.

433 2346 529 2397 Pag.
560 2347 654 2387 398·
685 2347 748 2386 10-
792 2343 891 2384 κατα
919 2343 1035 2385 πόλιν
1054 2349 1123 2397 τῆς
1148 2345 1385 2397 Ρωμανιας.]
1414 2346 1465 2382 Ut
1482 2344 1751 2381 Constantino-

322 2403 442 2454 polis,
482 2401 596 2440 Nova
622 2398 774 2449 Roma,
809 2400 863 2437 ita
896 2401 1009 2438 etiam
1037 2401 1241 2451 Imperium
1267 2400 1750 2450 constantinopolitanum,

323 2457 539 2506 Romania,
568 2455 788 2494 dicebatur:
816 2461 855 2494 et
871 2456 1040 2508 Imperio
1063 2456 1251 2494 Osientali
1277 2456 1422 2494 subditi
1447 2468 1580 2493 omnes
1598 2453 1752 2493 Roma-

323 2527 394 2552 nos
418 2527 500 2552 sese
518 2512 777 2564 appellarunt.

432 2570 655 2620 Peg-398·
686 2571 750 2609 13.
788 2565 867 2608 υπο
895 2562 1067 2606 Κωοὶδου
1095 2565 1281 2617 βασιλέως
1309 2566 1511 2619 Περσων.]
1540 2565 1749 2618 Procopio,

325 2624 512 2673 cedreno,
541 2629 579 2661 et
600 2622 830 2672 quibusdam
849 2621 946 2672 aliis,
978 2620 1160 2671 cabades,
1190 2621 1343 2662 dicitur.

433 2679 532 2731 Pag.
563 2681 658 2721 398.
687 2682 753 2720 20.
791 2678 856 2718 καὶ
877 2679 1065 2729 Πατρικιν
1085 2675 1348 2729 στρατηλατην
1377 2698 1431 2707 -
1458 2677 1526 2717 καὶ
1550 2673 1750 2727 Τπατην.]

324 2736 407 2776 Scr.
442 2734 675 2786 Πατρίκιον,
704 2755 759 2762 -
786 2734 853 2777 καὶ
887 2731 1074 2776 Τπάτιον.
1131 2732 1227 2772 Vide
1254 2733 1416 2786 Procop.
1439 2732 1595 2774 Gothic.
1617 2732 1684 2770 lib.
1713 2733 1750 2772 1.

326 2797 363 2829 et
380 2789 595 2830 Marcellini
618 2788 756 2831 Chron.
