1838 3230
631 125 1092 192 PRoLE'GOMENA.
1474 167 1597 195 mn

113 263 287 307 ἵσταταΡ
313 265 427 319 apud
446 264 636 305 Nostrum
670 277 711 317 p.
739 267 837 308 337.
857 265 927 306 lin.
956 269 996 308 7.
1021 265 1070 304 ad
1090 278 1181 319 pag.
1204 275 1287 318 seq.
1315 263 1371 302 lin
1395 267 1460 308 11.
1520 266 1598 304 Ne-

112 348 191 387 que
214 335 345 375 solum
375 335 592 388 Exemplar
622 332 835 375 Paschalis
861 334 1088 386 evulgatum
1116 333 1346 386 fragmentis
1366 333 1502 373 multis
1521 331 1598 372 ad-

111 399 256 442 dititiis
286 403 484 454 abundat,
525 403 596 443 sed
625 409 664 443 et
698 403 831 456 ipsum
859 404 1074 457 Exemplar
1102 401 1409 443 Holstenianum
1435 402 1478 441 in
1509 403 1596 441 aliis

109 470 211 510 locis
227 471 397 511 insititio
422 486 494 511 sua
513 471 647 512 habet.
706 473 761 511 Ut
782 473 963 512 omittam
985 487 1031 512 ea
1063 485 1164 525 quae
1182 486 1264 511 non
1284 479 1378 511 sunt
1395 471 1513 526 hnjus
1532 473 1595 512 lo-

108 539 168 580 ci:
199 540 310 593 quod
340 547 494 580 caetera
520 541 595 580 ista
621 547 767 579 cuncta
795 541 845 580 de
869 539 1046 580 Romulo
1075 547 1115 580 et
1132 539 1268 580 Roma
1293 540 1337 579 in
1361 541 1452 581 loco
1478 556 1595 596 prse-

108 609 242 661 dicto,
271 623 372 663 quae
400 609 445 648 in
468 610 616 650 Codice
653 610 767 649 etiam
791 611 1052 650 Holsteniano
1080 610 1269 662 leguntur
1295 623 1478 663 quaeque
1509 612 1595 651 No-

107 683 189 721 ster
209 692 370 731 quoque
386 678 515 718 Autor
536 681 739 731 agnoscit,
769 678 965 719 Pasckali
988 680 1150 718 suerunt
1175 679 1344 730 inserta,
1382 679 1479 720 hinc
1498 681 1593 721 satis

103 746 318 800 probabile
347 755 625 800 argumentum
662 748 848 798 ducitur,
888 747 999 800 quod
1028 748 1188 787 dicatur
1223 749 1265 787 in
1302 749 1379 788 isto
1414 750 1529 797 loco,
1571 765 1592 789 a

103 813 282 856 Romulo
309 823 350 857 et
372 816 500 858 Remo
525 817 774 856 aedificatum
804 817 924 855 fuisse
956 819 1101 856 Romae
1126 815 1385 871 Capitolium,
1417 832 1507 858 cum
1531 825 1592 858 ta-

102 897 195 924 men
220 885 262 924 in
280 886 358 925 alio
379 887 501 940 paulo
520 894 615 940 post
638 887 726 926 loco
746 887 945 925 reseratur
969 900 1132 939 prorsus
1154 886 1420 938 contrarium,
1449 902 1592 941 nempe

101 951 275 994 Numam
297 955 542 1010 Pompilium
569 972 674 996 anno
706 957 816 1009 regni
840 956 902 994 sui
929 966 1072 1010 quarto
1100 953 1341 1009 Capitolium
1370 967 1396 994 a
1419 954 1590 1011 suntla-

100 1023 241 1061 mentis
275 1026 516 1064 extruxisse.
577 1027 779 1078 Νουμμᾶς
802 1021 1041 1076 Πομπήλιος
1065 1021 1235 1079 τετάρτῳ
1262 1022 1337 1064 ἔτει
1363 1026 1437 1076 τῆς
1461 1020 1590 1066 αὐτοῦ

100 1091 306 1143 βασιλείας
326 1092 370 1134 ἐν
401 1090 523 1149 Ρῶμῃ
547 1094 666 1141 κτίζει
689 1090 733 1134 τὸ
751 1089 1011 1134 Καπετώλιον
1038 1091 1081 1132 ἐκ
1101 1092 1314 1144 θεμελίων.
1375 1092 1441 1132 Sic
1466 1107 1590 1146 appa-

94 1166 164 1199 -ret
183 1170 260 1200 tres
287 1162 382 1201 istas
402 1161 611 1202 Periocha-s
637 1175 737 1214 quae
756 1160 952 1200 habentur
975 1161 1080 1214 apud
1101 1159 1299 1200 Paschale
1326 1174 1419 1199 cum
1439 1162 1587 1201 Nostro

98 1230 380 1280 concinentes,
431 1230 482 1268 de
515 1228 747 1284 Cleopatra,
784 1230 887 1269 turri
925 1229 1084 1281 Pharo,
1127 1228 1285 1269 Sosibio
1318 1228 1586 1278 Antiocheno,

97 1304 137 1337 et
162 1297 307 1338 Titulis
336 1300 415 1339 illis
437 1299 583 1352 quibus
606 1297 752 1339 Caesar
766 1297 975 1352 Augustus
1004 1299 1165 1351 gavisus
1186 1304 1265 1348 est,
1296 1312 1424 1351 usque
1445 1298 1496 1337 ad
1515 1312 1587 1338 vo-

96 1381 208 1417 cem,
238 1363 510 1423 Αὖτοκροὲτωρ
525 1399 536 1419 ,
567 1368 614 1406 ab
634 1368 928 1420 Interpolatore
947 1369 1080 1420 aliquo
1101 1368 1222 1407 fuisse
1239 1369 1440 1408 infarctas.
1497 1367 1586 1407 Hoc

93 1436 187 1475 inde
200 1437 425 1489 colligitur,
457 1436 565 1489 quod
589 1450 718 1488 neque
738 1436 954 1476 cohaerent
971 1438 1077 1477 inter
1097 1452 1138 1476 se
1155 1444 1283 1491 prout
1300 1437 1359 1476 ibi
1379 1437 1585 1489 leguntur,

15 1544 20 1547 ,
91 1519 224 1558 neque
252 1520 345 1545 cum
374 1504 567 1546 Periocha
595 1513 797 1558 sequente.
864 1507 910 1546 In
950 1521 1087 1546 earum
1117 1508 1219 1546 enim
1247 1507 1379 1561 prima
1411 1507 1585 1546 refertur

93 1581 232 1614 contra
266 1573 515 1630 Cleopatram
551 1580 589 1613 et
617 1574 839 1629 Aegyptios
876 1591 897 1615 a
925 1577 1113 1615 Romanis
1142 1577 1305 1615 missum
1340 1576 1462 1615 fuisse
1490 1589 1581 1614 cum

91 1644 274 1683 exercitu
310 1643 561 1696 Antonium3
603 1650 642 1682 et
673 1643 712 1681 in
750 1642 923 1683 secunda
961 1659 1056 1684 mox
1090 1645 1350 1698 subjungitur
1380 1642 1580 1684 Sosibium

91 1712 303 1765 quendam,
334 1711 627 1751 Antiochenam
650 1713 894 1762 senatorem,
927 1713 1154 1766 Augustum
1188 1713 1390 1753 Caesarem
1412 1714 1580 1752 Romam

88 1782 323 1821 redeuntem
349 1782 471 1820 fuisse
505 1781 760 1820 comitatum:
799 1783 966 1820 Romam
995 1782 1102 1821 unde
1134 1782 1393 1822 redeuntem?
1433 1795 1578 1835 nempe

89 1851 138 1890 ab
159 1851 337 1906 Aegypti
362 1849 650 1899 debellatione,
680 1855 725 1887 ut
754 1863 803 1888 ex
821 1850 969 1890 Nostro
1001 1853 1205 1904 Scriptore
1237 1852 1282 1891 fit
1309 1850 1575 1890 manifestum.

88 1919 140 1958 At
168 1919 219 1959 de
240 1919 326 1972 ejus
346 1925 487 1958 contra
507 1918 723 1971 Aegyptios
745 1919 1002 1971 expeditione
1033 1920 1078 1959 fit
1099 1927 1211 1960 antea
1232 1920 1332 1960 nihil
1350 1920 1577 1961 mentionis.

85 1988 151 2027 Sic
178 1988 219 2026 in
248 1988 364 2026 tertia
396 1987 586 2040 periocha
616 1995 873 2027 recensentur
905 1989 1026 2027 Tituli
1055 1989 1233 2044 Augusti
1262 1987 1442 2029 Caesaris
1478 1998 1574 2028 tan-

84 2070 204 2111 quam
227 2057 314 2110 jam
340 2054 464 2095 solius
489 2057 573 2096 sine
605 2058 688 2096 ullo
724 2057 884 2108 Collega
917 2057 1129 2110 imperium
1161 2058 1495 2109 administrantis;
1534 2064 1574 2097 et

82 2131 216 2164 tamen
233 2125 278 2163 in
300 2124 550 2178 Peragraphe
570 2136 748 2181 sequente
775 2126 818 2164 fit
837 2127 986 2166 mentio
1016 2127 1128 2166 [llius
1147 2129 1187 2166 in
1208 2127 1428 2181 Aegyptios
1451 2140 1573 2179 expe-

83 2192 243 2232 ditionis
274 2207 494 2246 eorumque
523 2195 849 2247 expugnationis;
891 2211 912 2235 a
950 2209 1030 2249 quo
1061 2202 1240 2248 tempore
1268 2203 1482 2250 supputata
1514 2202 1572 2235 est

81 2261 167 2315 ejus
185 2261 457 2314 Monarchia,
487 2269 532 2302 ut
559 2270 597 2302 et
623 2263 769 2302 ibidem
806 2264 1047 2314 agnoscitur.
1107 2262 1342 2318 Αὔγουστος
1357 2262 1492 2306 ἐλθών
1514 2265 1573 2313 εἰς

79 2330 290 2384 Αἴγυπτον
321 2337 396 2371 etc.
454 2332 664 2386 Augustus
693 2333 735 2371 in
762 2332 984 2387 Aegyptum
1015 2335 1189 2383 veniens,
1232 2335 1424 2387 regionem
1454 2331 1568 2372 illam

79 2400 210 2453 capit5
240 2401 418 2441 eac-tincto
446 2400 757 2440 Ptolemaeorum
788 2417 927 2455 regno,
952 2401 1061 2457 quod
1092 2403 1206 2442 annis
1235 2402 1445 2441 duraverat
1468 2405 1565 2445 296.

78 2466 182 2507 Novi
203 2469 418 2508 maximum
438 2469 520 2510 Jos.
541 2468 786 2522 Scaligerum
810 2484 887 2523 pro
905 2471 1080 2509 Antonii
1102 2470 1294 2521 Nomine,
1323 2471 1362 2508 in
1381 2470 1473 2509 loco
1491 2484 1565 2509 no-

76 2542 183 2587 tuto,
223 2539 293 2577 ubi
326 2539 478 2578 dicitur
512 2552 601 2578 eum
636 2545 774 2577 contra
812 2537 942 2592 Cleop.
971 2546 1009 2578 et
1038 2539 1256 2594 Aegyptios
1285 2539 1471 2588 missum,
1502 2553 1565 2578 re-

76 2605 283 2658 scripsisse
312 2606 564 2661 Augustum,
595 2608 774 2659 adeoque
804 2622 880 2660 pro
911 2608 1094 2647 Antonio
1122 2608 1348 2661 Augustum
1374 2607 1563 2647 substitui

74 2673 114 2711 in
145 2687 251 2713 nova
275 2674 483 2730 Dufresnii
512 2677 647 2715 Latina
677 2677 872 2717 versione.
941 2677 1088 2715 Verum
1122 2682 1267 2714 temere
1294 2675 1337 2714 id
1367 2676 1519 2715 factum
1540 2691 1563 2715 a

72 2740 179 2780 Viris
205 2742 383 2782 erudjtis.
443 2745 635 2793 Quamvis
658 2745 762 2784 enim
780 2745 985 2786 Antonius
1001 2750 1140 2783 contra
1166 2742 1416 2798 Cleopatram
1437 2761 1458 2784 a
1479 2747 1559 2784 Ro-

72 2810 200 2850 manis
220 2824 424 2863 nunquam
455 2815 598 2853 missus
629 2820 706 2864 est,
735 2815 790 2854 ita
820 2815 969 2866 legerat
995 2820 1125 2853 tamen
1156 2814 1266 2867 apud
1288 2827 1405 2854 suum
1429 2813 1557 2853 Auto-
