1838 3230
389 163 1006 210 CHRONOGRAPHIA.
1063 164 1110 208 L.
1142 164 1297 210 XVIII.
1479 170 1575 217 481

113 282 314 338 βασιλέως
345 281 500 327 ἐκεῖθεν
539 284 745 340 ἐξωρίσθη
765 284 807 327 ἓν
827 282 1006 343 Ἀντίνῳ.
1085 285 1153 327 καὶ
1173 283 1278 339 μετὰ
1302 282 1452 342 χρόνον
1475 284 1577 328 ἀνα-

114 353 282 408 κληθεὶς
301 355 469 413 τελευτᾷ
489 353 532 396 ἐν
548 353 776 412 Βυζαντίῳ.

213 420 478 470 Ἰνδικτιῶνος
511 418 541 464 ε’
570 421 718 476 συνέβη
759 420 949 477 γενέσθαι
990 425 1177 464 τοιοῦτον
1215 424 1395 478 πρᾶγμα.
1476 420 1578 477 γυνή

112 505 177 538 τις
209 489 494 543 καταμένουσα
510 490 682 544 πλησίον
707 493 782 544 τῆς
805 490 1023 546 λεγομένης
1047 492 1223 547 Χρυσῆς
1249 487 1407 546 πόρτας
1424 507 1577 547 κρεμα-

81 561 264 604 5σθεῖσα
283 558 326 600 ἐν
344 561 420 617 μιᾷ
437 559 548 600 νυκτὶ
568 555 799 615 ἔφλυάρησε
821 556 977 611 πολλά,
1016 556 1118 601 ὥστε
1139 559 1384 615 συνδραμεῖν
1400 559 1454 600 τὰ
1471 556 1578 614 πλή-

112 629 176 680 θη
194 623 667 676 Κωνσταντινουπόλεως
686 628 753 670 καὶ
774 626 968 670 ἀπελθεῖν
997 624 1259 670 λιτανεύοντα
1286 629 1341 676 εἷς
1369 626 1440 669 τὸν
1463 625 1576 683 ἅγιον
1602 633 1631 667 V
1662 633 1708 668 78

111 691 331 749 Διομήδην
342 691 669 750 εῗςἹερουσαλὴμ
681 697 748 738 καὶ
767 701 1007 751 καταγαγεῖν
1027 695 1102 751 τὴν
1122 700 1294 751 γυναῖκα
1313 696 1357 737 ἐκ
1377 699 1452 738 τοῦ
1466 695 1578 738 οἷ’κου

113 761 243 817 αὐτῆς
275 763 344 805 καὶ
381 763 601 818 εἰσαγαγεῖν
632 766 688 814 εἷς
718 764 793 818 τὴν
822 765 1035 819 ἐκκλησίαν
1063 767 1139 806 τοῦ
1172 761 1288 819 ἁγίου
1316 761 1576 819 Διομήδους·

110 828 216 886 ἔλεγε
235 829 316 887 γὰρ
337 829 399 874 ὅτι
416 831 522 886 μετὰ
540 839 647 888 τρεῖς
669 830 823 889 ἡμέρας
845 832 1052 890 ἀνέρχεται
1074 830 1100 887 ἡ
1118 829 1316 875 θάλασσα
1335 833 1403 875 καὶ
1424 831 1580 883 πάντας

55 897 324 953 1ολαμβάνει.
396 901 465 942 καὶ
483 898 646 943 πάντων
677 899 970 944 λιτανευόντων
1015 902 1082 943 καὶ
1111 897 1342 957 κραζόντων
1372 900 1420 943 τὸ
1450 899 1579 957 Κύριε

109 967 297 1023 ἐλέησον·
331 966 503 1022 ἠκούετο
524 969 603 1025 γὰρ
625 967 686 1012 ὅτι
707 971 773 1011 καὶ
802 967 938 1019 πόλεις
957 970 1106 1012 πολλαὶ
1128 966 1434 1023 κατεπόθησαν.
1481 967 1575 1012 τότε
1601 974 1634 1009 Ο
1659 972 1727 1011 224

109 1036 245 1078 δὲκαὶ
282 1036 324 1078 ἓν
345 1034 547 1095 Αἰγύπτῳ
590 1039 658 1080 καὶ
687 1039 729 1080 ἐν
749 1038 1030 1097 Ἀλεξανδρεία
1062 1041 1213 1092 θνῆσις
1245 1034 1482 1093 ἀνθρώπων
1513 1037 1580 1093 γε’-

107 1119 235 1159 γονεν.
305 1101 328 1147 ὅ
352 1105 397 1146 δὲ
416 1104 541 1155 αὐτὸς
560 1106 753 1159 βασιλεὺς
771 1107 940 1161 πέμψας
957 1105 1132 1162 Ναρσὴν
1150 1104 1221 1147 τὸν
1243 1102 1579 1161 κουβικουλάριον

107 1172 213 1226 μετὰ
229 1170 453 1230 δρομῶνων
481 1175 548 1216 καὶ
567 1173 718 1223 ἄλλους
733 1174 844 1224 τινὰς
862 1178 1014 1228 μαθεῖν
1036 1173 1089 1215 τὰ
1117 1171 1324 1229 γενόμενα,
1360 1175 1427 1216 καὶ
1452 1173 1578 1216 ἄπελ-

54 1250 99 1286 15
111 1239 276 1284 θόντων
293 1244 377 1284 τῶν
398 1242 556 1285 παίδων
575 1244 751 1299 Ναρσοῦ
772 1242 859 1284 κατ’
882 1241 1103 1298 ἐπιτροπὴν
1125 1241 1254 1284 αὐτοῦ
1283 1242 1341 1291 εἷς
1369 1241 1441 1284 τὸν
1464 1240 1576 1298 ἅγιον

107 1307 326 1365 Διομήδην
348 1310 416 1352 καὶ
433 1308 662 1364 μαθόντων
678 1310 792 1367 παρὰ
819 1314 892 1353 τοῦ
926 1309 1202 1364 συναχθέντος
1235 1308 1359 1363 ι’)’χλου
1386 1309 1440 1352 τὰ
1462 1308 1577 1366 λεγό-

105 1395 211 1432 μενα
229 1375 310 1420 ὑπὸ
329 1380 405 1432 τῆς
421 1376 622 1434 γυναικός,
648 1377 839 1429 ἐλθόντες
855 1376 1100 1435 ἀπήγγειλαν
1119 1380 1272 1435 Ναρσῇ
1302 1377 1354 1420 τὰ
1381 1375 1573 1434 γενόμενα
1597 1389 1626 1423 Β

107 1447 152 1489 ἐν
173 1450 226 1504 τῇ
247 1446 463 1506 ἐκκλησίᾳ,
501 1448 570 1489 καὶ
598 1445 661 1490 ὅτι
679 1446 861 1502 ἤκουσαν
890 1447 969 1490 ἀπὸ
1001 1450 1077 1502 τῆς
1106 1445 1296 1502 γυναικὸς
1325 1450 1400 1502 τῆς
1421 1464 1575 1504 κρεμα-

107 1515 281 1570 σθείσης
323 1512 388 1558 ὅτι
405 1515 509 1570 μετὰ
531 1522 639 1573 τρεῖς
657 1513 813 1572 ἡμέρας
850 1515 1060 1573 ἀνέρχεται
1088 1512 1116 1569 ἡ
1146 1512 1345 1557 θάλασσα
1390 1517 1459 1557 καὶ
1498 1533 1574 1558 κα-

52 1581 293 1635 Ξοτακλῦζει
311 1580 481 1634 πάντας.
551 1586 620 1627 καὶ
641 1583 890 1634 ἀκούσαντες
915 1585 954 1628 οἳ
983 1583 1095 1639 ὄχλοι
1123 1587 1207 1626 τῶν
1235 1583 1457 1638 λεγομένων
1477 1583 1572 1640 παρ’

108 1650 248 1712 αὐτῆςι
257 1648 486 1709 ἀνεχώρουν
503 1650 758 1708 πτοούμενοι.

202 1773 235 1809 1.
253 1770 427 1817 Ἀντίνῳ]
451 1771 499 1807 V.
519 1773 588 1808 vol.
612 1771 642 1808 Ι.
663 1784 696 1818 p.
721 1774 798 1809 119.
824 1773 867 1807 B.
961 1770 995 1806 4.
1020 1773 1268 1818 κρεμασθεῒσα
1290 1772 1332 1808 ἐν
1353 1773 1424 1821 μιᾷ
1445 1771 1574 1817 νυκτὶ]

197 1818 288 1862 „Ita
321 1819 423 1854 etiam
445 1818 538 1853 infra
568 1820 730 1853 habemus
751 1819 874 1854 iterum
906 1820 1184 1866 κρεμασθείσης.
1240 1820 1369 1853 Verum
1399 1831 1574 1864 χρηματι-

199 1866 352 1908 σθεῖσα,
388 1868 424 1900 et
447 1867 755 1910 χρηματισθείσης
786 1864 964 1910 legendum
999 1877 1091 1909 esse,
1124 1864 1217 1902 haud
1239 1863 1391 1900 dubitari
1420 1867 1574 1911 potest.“

199 1910 267 1948 eh.
361 1911 416 1949 15.
445 1910 547 1956 κατ’]
577 1909 653 1957 μετ’
676 1911 742 1946 Ox.
837 1912 892 1947 18.
914 1907 988 1948 ὑπὸ
1015 1912 1086 1949 Ox.

107 2012 288 2094 Αέιιίιιοοιιι
333 2013 510 2060 ablegatus
544 2018 619 2057 est3
652 2014 741 2049 unde
773 2017 892 2062 postea
925 2018 1124 2058 revocatus,
1157 2013 1319 2060 Byzantii
1351 2013 1441 2049 diem
1479 2024 1574 2048 suum

107 2071 129 2094 o
153 2059 220 2094 iit„

197 2105 390 2141 Indictione
421 2118 465 2148 v,
499 2117 622 2141 novum
653 2106 735 2153 quid
758 2105 885 2142 accidit
906 2107 1107 2152 hujusmodi.
1164 2105 1368 2141 Muliercula
1396 2104 1571 2151 quaedam,

107 2162 200 2198 quae
229 2152 275 2186 ad
297 2152 438 2188 Portam
469 2163 627 2195 auream,
658 2165 758 2198 quam
791 2157 938 2195 vocant,
972 2154 1120 2197 agebat,
1157 2155 1259 2188 nocte
1282 2152 1427 2197 quadam
1450 2150 1574 2184 afflatu

109 2196 206 2243 quasi
228 2197 372 2232 fatidico
395 2203 577 2244 correpta,
611 2200 724 2234 nescio
747 2210 836 2246 quae
857 2198 1037 2244 Nugarum
1059 2198 1320 2245 praesagiebat3
1358 2197 1459 2231 Mare
1481 2195 1575 2230 scili-

110 2246 187 2285 cet,
211 2243 420 2289 posu-iduum
443 2255 639 2290 erumpens,
670 2244 846 2279 universos
868 2245 1115 2290 absorpturum.
1162 2245 1300 2279 Revera
1321 2253 1385 2288 per
1406 2240 1443 2275 id
1465 2241 1574 2287 ipsum

108 2293 252 2335 tempus,
275 2289 402 2324 multae
420 2291 520 2324 urbes
544 2290 639 2336 aquis
664 2291 808 2325 obrutae
830 2294 926 2325 sunu
958 2290 1042 2336 quin
1064 2289 1294 2326 Alexandriae
1317 2298 1470 2332 quoque,
1495 2299 1574 2321 cae-

107 2338 286 2380 teramque
308 2347 373 2381 per
394 2337 598 2381 Aegyptum,
622 2336 692 2371 lues
715 2336 884 2371 hominum
905 2337 976 2372 late
999 2341 1154 2381 grassata
1176 2340 1238 2371 est.
1273 2333 1432 2378 Popellus
1454 2333 1574 2378 itaque

110 2379 504 2427 constantinopolitanus
526 2382 585 2427 qui
606 2383 692 2417 haec
714 2382 890 2425 audierat,
915 2382 1144 2418 concursitans
1169 2379 1394 2420 exclamavit3
1430 2379 1573 2412 Misere-

110 2435 150 2459 re
170 2425 330 2461 Domine.-
354 2432 611 2473 extractumque
634 2428 776 2462 aedibus
799 2427 865 2462 suis
881 2427 1115 2462 Mulierculam
1130 2425 1408 2468 Hierosolymam,
1433 2424 1470 2457 S.
1487 2423 1574 2458 Dio-

110 2470 215 2506 medis
236 2471 281 2506 ad
303 2475 369 2507 tem
395 2473 461 2507 lum
484 2473 717 2516 deduxerunt,
746 2473 881 2508 litanias
905 2473 954 2508 ibi
977 2485 1045 2508 una
1067 2472 1243 2518 agitatori.
1288 2471 1484 2515 Imperator
1504 2470 1573 2504 ita-

111 2527 180 2560 que
200 2515 342 2553 Narseti
364 2485 603 2562 gubiculario,
625 2520 767 2565 aliisque
791 2518 915 2554 emissis
937 2518 1112 2564 negotium
1135 2517 1250 2559 dedit,
1287 2515 1340 2550 uti
1362 2514 1574 2569 dromonibus

112 2563 300 2596 conscensis
322 2564 464 2607 exirent,
488 2576 532 2599 an
554 2566 640 2601 haec
661 2566 713 2600 ita
735 2577 772 2599 se
793 2565 961 2600 haberent
983 2565 1208 2610 exploratum.
1253 2562 1308 2596 Ex
1326 2560 1483 2595 Nax-setus
1505 2564 1574 2595 ita-

110 2618 178 2652 que
200 2607 408 2654 pedissequis
431 2610 477 2645 ad
499 2612 585 2646 haec
608 2611 718 2647 emissi
741 2610 896 2656 quidam,
918 2610 977 2645 ubi
1001 2611 1045 2645 ad
1068 2610 1106 2643 S.
1130 2607 1303 2643 Diomedis
1324 2606 1486 2651 templum
1511 2606 1574 2640 ad-

110 2652 302 2694 venissent,
338 2659 374 2690 et
397 2666 487 2700 quae
510 2657 631 2692 mulier
654 2656 828 2692 effutierat
850 2669 871 2691 a
894 2660 1104 2700 congregato
1127 2654 1176 2688 ibi
1201 2652 1328 2699 populo
1354 2651 1466 2687 edocti
1487 2651 1574 2686 fuis-

111 2702 206 2740 sent,
230 2700 359 2734 reversi
389 2700 529 2737 Narseti
551 2702 805 2738 renunciabant.
865 2702 959 2744 Quin
981 2702 1107 2746 seipsos
1130 2710 1268 2746 quoque
1291 2709 1313 2732 a
1335 2696 1493 2732 Fatidica
1515 2697 1575 2731 illa

111 2743 281 2779 audivisse
305 2745 528 2789 perhibebant
549 2750 700 2784 futurum
723 2759 816 2790 esse,
843 2751 921 2793 post
942 2751 1012 2781 tres
1035 2745 1126 2787 dies,
1158 2749 1198 2780 ut
1218 2755 1311 2780 mare
1333 2755 1372 2778 su
1398 2742 1575 2778 erveniens

111 2792 249 2825 cunctos
272 2790 442 2826 obrueret.
488 2794 612 2831 Turba
639 2798 753 2831 autem
770 2791 1022 2829 adventantium
1044 2790 1090 2828 ad
1112 2792 1198 2827 haec
1213 2788 1362 2826 mulieris
1403 2788 1473 2825 icta
1490 2799 1572 2824 con-

109 2838 262 2871 sternata
283 2836 481 2873 recedebat.

169 2889 314 2923 Ioannes
353 2889 520 2926 Matutae.
1244 2887 1294 2927 31
