1852 3236
652 175 1035 241 PRAEFATIO.
1534 191 1598 221 vn

145 291 316 356 μείζων
347 292 435 340 iam
468 290 589 354 apud
621 290 835 335 Malalam
868 290 925 335 T.
954 290 1012 335 ΙΙ.
1046 305 1095 350 p.
1125 286 1240 333 236.
1276 285 1348 347 1.,
1393 287 1451 332 de
1479 288 1601 343 euius

147 362 336 407 auctoris
375 366 518 405 aetate
559 360 793 406 Iustiniano
836 359 1009 418 aequali
1044 357 1245 402 dubitare
1285 372 1374 403 non
1408 356 1603 400 debebat

145 429 336 488 Hodyus
379 429 440 473 ob
483 428 682 473 dictionis
727 427 896 474 sordes.
962 427 1088 471 Istius
1131 426 1219 473 iam
1254 424 1415 470 saeculi
1449 431 1494 468 et
1528 439 1598 468 ra-

145 497 319 543 tiocinia
350 498 504 556 inepta
537 502 660 543 erant
694 502 739 540 et
765 495 897 543 dictio
923 502 1179 543 monstrosa.
1244 493 1316 537 Ex
1345 507 1434 550 quo
1467 492 1601 537 Chri-

146 566 272 611 stiani
316 564 520 609 doctores
561 565 741 611 turbare
785 564 1011 623 publicam
1057 578 1152 606 rem
1195 561 1414 605 inutilibus
1460 575 1601 619 quae—

145 634 377 689 stionibus,
420 633 678 693 omissisque
713 631 863 676 studiis
909 632 1151 678 litterarum
1193 629 1501 675 humaniorum
1544 628 1604 672 ad

115 740 118 743 ,
147 702 469 762 speculationes
511 701 739 759 ridiculas,
786 707 830 743 et
865 715 973 758 quas
1020 715 1076 743 ne
1109 698 1194 758 ipsi
1229 698 1408 757 quidem
1441 697 1604 741 intelli-

147 775 328 831 gerent,
367 769 544 830 prolabi
598 774 865 829 coeperunt,
911 768 1042 831 periit
1089 767 1227 812 omnis
1274 766 1320 810 in
1364 765 1603 826 cogitando

146 837 386 894 rectitudo,
429 837 476 883 in
506 836 696 886 dictione
730 836 1044 900 perspicuitas,
1089 850 1194 879 cura
1228 840 1272 879 et
1305 833 1431 877 nitor.
1499 834 1605 878 Non

148 912 238 951 tam
270 906 469 953 barbaris
505 906 769 961 barbariem,
805 920 939 963 quam
967 903 1221 948 Christianis
1256 902 1481 951 debemus.
1521 901 1602 947 Vi-

149 974 222 1031 de,
257 980 442 1033 quantus
477 980 638 1029 tumor,
673 979 836 1032 quanta
864 971 1155 1033 peregrinitas
1189 971 1234 1014 in
1252 969 1420 1015 Codice
1444 969 1604 1017 Theo·-

149 1043 353 1097 dosiano‚
389 1057 523 1101 quam
556 1057 645 1086 non
675 1042 797 1085 anilis
832 1056 966 1101 saepe
996 1038 1264 1100 Procopius,
1294 1038 1491 1086 omnium
1525 1037 1606 1082 sibi

149 1111 397 1170 aequalium
426 1111 593 1168 absque
628 1109 925 1157 controversia
960 1108 1175 1167 optimus,
1211 1121 1345 1164 quam
1375 1111 1528 1149 coacta
1561 1111 1606 1149 et

147 1179 412 1225 Latinis-sans
446 1179 538 1223 eius
574 1178 721 1226 dictio.
790 1176 1063 1222 Affectatum
1093 1175 1336 1232 artificium,
1370 1190 1454 1234 per
1484 1173 1608 1232 quod

149 1249 290 1292 oratio
325 1245 568 1293 Cimmeriis
613 1245 804 1291 tenebris
850 1245 979 1289 fieret
1025 1243 1278 1299 obscurior,
1325 1242 1446 1290 laudi
1493 1247 1605 1299 erat,

149 1322 195 1360 et
222 1321 340 1360 tanto
367 1316 554 1374 quisque
583 1313 780 1368 doctior,
817 1318 982 1372 quanto
1019 1311 1331 1359 cassiodorum
1367 1317 1412 1358 et
1446 1310 1606 1354 similes

150 1389 391 1444 superaret.
457 1381 552 1430 Sed
583 1381 674 1429 hoc
715 1383 761 1425 in
795 1382 989 1425 transitu.
1058 1379 1317 1430 Soloecismi
1360 1379 1435 1433 hi,
1493 1393 1605 1436 qua-

149 1453 215 1499 les
249 1457 347 1496 sunt
378 1446 651 1513 μειζότερος
680 1456 725 1494 et
759 1450 925 1509 similia,
961 1449 1140 1495 fuerunt
1175 1448 1355 1506 quidem
1383 1461 1607 1505 nunquam

148 1536 240 1567 non
278 1520 324 1564 in
366 1534 449 1564 usu
491 1518 615 1579 apud
658 1518 866 1577 vulgum,
925 1517 1006 1566 sed
1047 1517 1284 1575 scriptores
1332 1516 1403 1560 vel
1446 1529 1610 1574 parum

151 1588 395 1650 elegantiae
411 1602 629 1635 memores
661 1587 717 1630 ab
745 1586 796 1630 iis
826 1586 907 1636 sibi
928 1585 1214 1634 abstinebant.
1252 1583 1488 1629 Christiani
1522 1582 1608 1626 do-

152 1663 296 1703 ctores
339 1671 394 1700 ex
436 1671 526 1714 quo
573 1661 815 1715 coeperunt
846 1655 1049 1700 homilias
1097 1668 1195 1697 suas
1238 1653 1349 1697 tales
1382 1652 1429 1694 in
1462 1652 1610 1698 lucem

153 1726 309 1780 edere,
355 1725 505 1782 quales
550 1739 605 1768 ex
638 1724 826 1771 ambone
862 1722 1138 1776 effuderant,
1184 1721 1315 1780 periit
1347 1719 1486 1764 omnis
1520 1719 1607 1762 ho-

151 1809 234 1842 nor
259 1793 424 1836 litteris.
491 1791 706 1847 Malalae,
742 1798 790 1837 ut
823 1791 881 1834 ad
916 1805 1019 1834 eum
1051 1788 1258 1846 redeam,
1303 1803 1359 1835 ex
1390 1788 1490 1847 ipso
1522 1801 1608 1830 no·-

150 1862 269 1907 mine
304 1865 472 1906 constat
505 1866 637 1904 aetas.
676 1859 902 1903 Malalas
922 1865 986 1903 est
1012 1873 1177 1905 nomen
1205 1857 1451 1916 Syriacum.
1500 1854 1609 1899 Ser—

150 1944 226 1977 mo
258 1929 466 1988 Syriacus
497 1928 723 1974 obtinebat
755 1928 802 1971 in
830 1927 961 1987 Syria
988 1941 1128 1984 usque
1157 1925 1216 1972 ad
1248 1924 1367 1972 initia
1395 1923 1609 1971 Muham—

150 1997 422 2047 medanismi.
503 1997 575 2041 Eo
619 2002 848 2056 surgente,
897 1995 1127 2043 Saracenis
1173 1994 1348 2056 Syriam
1395 1992 1611 2052 rapienti·-

150 2067 259 2122 buS,
321 2070 564 2126 exegerunt
620 2065 918 2124 Syriasmum,
980 2064 1160 2120 eiusque
1209 2063 1310 2107 loco
1356 2060 1611 2107 Arabismus

152 2135 296 2180 omnia
322 2133 591 2189 obundabat,
627 2133 852 2192 Syriasmo
887 2132 931 2176 in
958 2131 1243 2175 ecclesiarum
1266 2129 1612 2174 Christianarum

153 2203 378 2263 angustias
415 2202 636 2246 concluso.
670 2201 837 2247 Debuit
871 2215 983 2260 ergo
1013 2198 1202 2245 Malalas
1238 2213 1292 2246 eo
1322 2197 1469 2243 adhuc
1502 2210 1611 2239 aevo

152 2271 310 2316 vixisse
354 2276 399 2315 et
441 2270 690 2331 scripsisse,
739 2284 829 2328 quo
873 2283 1018 2312 sermo
1062 2268 1269 2326 Syriacus
1311 2267 1355 2309 in
1389 2279 1470 2308 usu
1506 2269 1613 2307 erat.

151 2340 243 2384 Pro
277 2338 457 2383 rhetore
492 2339 662 2383 Arabes
697 2353 785 2382 non
822 2336 1013 2393 Malal,
1057 2335 1136 2380 sed
1165 2315 1371 2389 ustiacz-
1409 2330 1615 2378 Clzathib

153 2408 347 2452 dicunt.“
416 2407 589 2463 Quibus
624 2406 728 2450 addi
758 2407 861 2450 licet
888 2406 933 2449 in
958 2404 1090 2448 rebus
1125 2404 1323 2459 locisque
1350 2401 1507 2460 Syriae
1537 2400 1613 2444 de-

153 2475 395 2521 scribendis
440 2490 657 2533 nusquam
712 2490 768 2519 ne
814 2473 1113 2517 tenuissimum
1160 2470 1339 2529 quidem
1383 2469 1615 2528 vestigium

153 2559 372 2604 apparere
413 2545 567 2588 mutati
607 2544 652 2587 in
690 2559 742 2589 ea
775 2557 859 2604 per
895 2541 1067 2586 Arabes
1102 2554 1249 2585 rerum
1290 2538 1365 2596 qui
1399 2537 1480 2581 sub
1515 2537 1614 2595 By-

151 2612 335 2657 zantinis
370 2612 514 2656 fuerat
549 2618 695 2658 status.
765 2611 1001 2656 Caeterum
1045 2608 1166 2668 apud
1200 2607 1412 2650 Ioannem
1447 2605 1614 2649 Dama-

155 2695 335 2724 scenum
394 2681 516 2738 quod
558 2680 747 2725 Malalas
802 2685 986 2724 vocatur
1039 2671 1259 2736 Ἰωάννης
1305 2671 1614 2731 Ἀντιοχείας,

154 2763 242 2792 non
275 2748 593 2807 patriarcham,
628 2749 708 2793 sed
738 2748 879 2792 civem
907 2745 1254 2791 Antiochensem
1282 2741 1614 2800 intelligendum

155 2831 250 2860 esse
270 2818 479 2862 assentior
501 2817 651 2863 Hodio
670 2818 848 2878 Proleg.
870 2831 903 2859 s.
925 2829 1028 2858 vm:
1065 2811 1289 2873 quomodo
1314 2809 1480 2855 dictum
1502 2807 1615 2858 ‘Av-
