1838 3230
243 180 249 183 ”
278 179 376 226 380
674 175 963 221 IOANNIS
990 178 1336 224 MALALAE·

276 294 343 336 καὶ
364 297 523 351 Βηρῒνα
543 292 568 350 ἦ
591 293 795 346 δέσποινα,
818 293 844 350 ἦ
865 296 1043 353 πενθερὰ
1063 295 1204 350 αὐτοῦ,
1233 298 1373 353 λαβὼν
1392 294 1465 342 οὖν
1483 298 1728 352 Βασιλῖσκος

276 362 351 417 τὴν
368 370 537 418 γυναῖκα
555 362 682 404 αὖτοῢ
699 364 765 404 καὶ
785 362 838 404 τὰ
855 363 974 406 τέκνα
994 363 1136 421 ἔφυγεν
1156 367 1211 415 εἷς
1230 366 1304 421 τὴν
1320 365 1500 423 μεγάλην
1515 368 1728 424 ἐκκλησίαν

151 439 185 474 O
207 440 254 476 90
276 428 743 479 Κωνσταντινουπόλεως
775 432 830 480 εἷς
858 431 904 474 τὸ
935 431 1037 487 μέγα
1068 432 1362 492 φωτιστήριον,
1399 437 1620 493 προδοθεὶς
1645 434 1726 480 ὕπὸ

265 497 494 556 Ἀρμάτου,
532 499 594 541 ἐπὶ
616 503 688 553 τῆς
706 496 898 549 ὑπατείας
922 502 1179 557 Θευδερίχου.

216 575 251 610 Ε
371 565 421 609 ‘0
449 567 493 609 δὲ
518 564 733 616 θειότατος
763 565 909 622 Ζήνων
939 569 1130 622 βασιλεὺς
1157 569 1378 625 παρασχών
1411 570 1458 614 τὸ
1493 575 1624 626 ,Βῆλον
1649 576 1725 621 τοῦ
1734 584 1758 620 5

271 634 435 677 ἱππικοῦ
467 634 621 684 εὐθέως
659 634 792 677 ἐλθὼν
823 633 1049 692 &schonaw
1085 638 1152 679 καὶ
1186 638 1336 693 ἐδέχθη
1370 637 1449 682 ἀπὸ
1487 637 1622 695 πάσης
1652 644 1728 695 τῆς

269 699 436 752 πόλεως.
505 704 571 745 καὶ
594 702 697 756 μετὰ
720 702 765 744 τὸ
790 705 999 758 δεχθῆναι,
1029 705 1070 747 ἐν
1091 704 1173 763 ὅσῳ
1194 709 1355 762 θεωρεῖ,
1381 705 1557 761 ἔπεμψεν
1577 710 1632 757 εἷς
1651 708 1724 763 τὴν

267 769 445 826 μεγάλην
476 770 686 826 ἐκκλησίαν
712 772 778 813 καὶ
800 772 921 828 ἐπῆρε
943 772 1056 827 παρὰ
1076 774 1322 817 Βασιλίσκου
1344 776 1411 816 καὶ
1432 779 1506 818 τοῦ
1530 775 1622 818 υἶοῧ
1647 776 1724 819 αὖ-

267 842 342 880 τοῦ
378 841 444 881 καὶ
477 843 550 894 τῆς
577 839 763 894 γυναικὸς
790 839 917 882 αὐτοῦ
939 839 984 882 τὸ
1004 844 1139 895 σχῆμα
1161 845 1234 896 τῆς
1249 844 1478 894 βασιλείας·
1514 845 1582 885 καὶ
1599 844 1723 897 ἔκβα-

269 906 352 949 λών
375 906 499 950 αὐτὸν
520 908 586 949 καὶ
609 907 683 962 τὴν
700 914 870 963 γυναῖκα
889 907 1016 950 αὐτοῦ
1034 910 1099 950 καὶ
1118 909 1170 951 τὰ
1187 910 1303 952 τέκνα
1331 910 1457 954 αὐτοῦ
1492 908 1571 954 ὑπὸ
1602 909 1722 968 λόγον
1734 923 1779 957 10

152 983 184 1018 V
206 984 251 1020 33
275 973 337 1017 ὅτι
359 974 450 1018 οὔτε
469 975 830 1032 ἇποκεφαλίζονται
855 975 947 1020 οὕτε
974 974 1262 1033 σφαγιάζονται
1295 976 1472 1033 ἔπεμψεν
1505 978 1629 1021 αὐτὸν
1657 981 1726 1022 καὶ

273 1043 371 1094 τοὺς
390 1043 517 1086 αὐτοῦ
534 1045 588 1094 εἷς
604 1045 773 1098 Λίμνας
792 1042 968 1101 κάστρον
985 1046 1026 1087 ἓν
1042 1045 1331 1104 Καππαδοκίᾳ.
1400 1047 1467 1088 καὶ
1485 1045 1724 1102 ἐβλήθησαν

274 1113 329 1161 εἷς
355 1112 424 1154 ἵνα
457 1109 610 1168 πύργον
639 1117 713 1155 τοῦ
743 1111 922 1170 κάστρου
947 1115 1014 1155 καὶ
1037 1113 1259 1169 ἀνεχρίσθη
1279 1111 1303 1168 ἦ
1324 1111 1438 1170 θύρα
1459 1116 1525 1156 καὶ
1545 1113 1723 1172 ἐφύλατ-

273 1195 346 1222 τον
375 1180 447 1222 τὸν
476 1178 631 1236 πύργον
666 1182 732 1222 καὶ
771 1180 817 1223 τὸ
852 1180 1027 1237 κάστρον
1058 1184 1226 1235 Λίμνας
1265 1185 1428 1237 πλῆθος
1461 1187 1722 1238 στρατιωτῶν

267 1246 465 1304 Ἰσαύρων
483 1247 601 1301 πολύ,
640 1248 713 1298 ἕως
731 1247 1072 1307 λιμοκτονηθεὶςζὸ
1092 1249 1215 1299 αὐτὸς
1233 1251 1478 1300 Βασιλίσκος
1494 1251 1559 1292 καὶ
1578 1249 1604 1293 v‘·
1623 1251 1720 1307 γυνὴ
1735 1263 1778 1298 15

270 1315 397 1358 αὐτοῦ
431 1317 496 1358 καὶ
527 1316 579 1358 τὰ
609 1316 726 1358 τέκνα
754 1316 881 1359 αὐτοῦ
905 1316 1117 1359 ἀπέδωκαν
1139 1317 1212 1367 τὰς
1230 1316 1394 1373 ψυχάς·
1428 1320 1495 1361 καὶ
1512 1316 1722 1376 ἐτάφησαν

269 1384 353 1426 ἐκεῖ
373 1386 427 1434 εἷς
449 1384 519 1427 τὸν
545 1384 668 1426 αὐτὸν
692 1382 844 1439 πύργον
866 1386 907 1428 ἐν
926 1386 1216 1444 Καππαδοκίᾳ.

370 1454 456 1495 Καὶ
484 1453 715 1505 ἐβασίλευσε
746 1451 892 1507 Ζήνων
918 1452 1021 1507 μετὰ
1051 1452 1124 1508 τὴν
1153 1450 1350 1495 ἐπάνοδον
1373 1451 1500 1496 αῧτοῦ
1525 1453 1630 1496 ἄλλα
1650 1452 1719 1509 ἔτη

268 1517 338 1574 ιβ’,
374 1520 482 1563 τοῦτ’
506 1521 590 1562 ἐστὶ
612 1520 663 1562 τοὶ
682 1519 814 1563 πάντα
836 1520 904 1576 ἔτη
930 1522 1161 1574 ἐβασίλευσε
1183 1518 1228 1563 ιε’
1249 1522 1315 1562 καὶ
1331 1525 1464 1576 μῆνας
1482 1519 1555 1564 δύο
1569 1535 1579 1545 ·
1618 1523 1720 1572 τινὲς

267 1589 313 1630 δὲ
334 1590 400 1631 καὶ
423 1588 473 1631 τὰ
495 1586 568 1630 δύο
598 1587 666 1643 ἔτη
687 1590 935 1631 Βασιλίσκου
969 1591 1023 1638 εἰς
1041 1589 1115 1643 τὴν
1137 1589 1262 1643 αὐτοῦ
1281 1586 1479 1631 τάσσουσι
1495 1591 1775 1642 βασιλείαν.20

145 1671 178 1706 0
202 1673 246 1707 91
272 1655 292 1698 ὃ
318 1658 361 1699 δὲ
391 1656 514 1706 αὐτὸς
541 1654 687 1711 Ζήνων
714 1656 904 1710 βασιλεὺς
931 1656 1166 1699 ἐπανελθών
1197 1656 1350 1706 εὐθέως
1378 1661 1541 1700 καθεῖλε
1560 1658 1721 1713 Πέτρον

213 1741 245 1776 Β
269 1724 338 1768 τὸν
358 1726 575 1767 ἐπίσκοπον
596 1727 661 1767 καὶ
682 1723 933 1781 πατριάρχην
946 1725 1186 1779 Ἀντιοχείας
1205 1729 1278 1779 τῆς
1298 1723 1487 1780 μεγάλης,
1529 1723 1583 1775 ὥς
1601 1727 1721 1782 φίλον

267 1795 540 1845 Βασιλίσκου,
578 1795 644 1835 καὶ
674 1791 858 1849 ἐξώρισεν
887 1793 1012 1835 αὐτὸν
1040 1796 1096 1843 εἷς
1124 1791 1304 1848 Εὗχάϊτα
1328 1795 1383 1842 εἷς
1403 1793 1474 1847 τὴν
1496 1791 1717 1848 Ποντικήν,

769 1865 787 1875 υ

266 1863 334 1904 καὶ
353 1863 535 1918 ἐποίησεν
557 1860 638 1904 ἀντ’
662 1861 788 1905 αὐτου
809 1861 1020 1918 Στέφανον
1039 1862 1255 1905 ἐπίσκοπον
1273 1861 1524 1916 Ἀντιοχείας.
1596 1860 1717 1904 ἔδωκε

270 2019 463 2060 receptum3
497 2015 587 2062 ipse,
611 2016 781 2062 proditum
802 2029 837 2052 se
860 2016 902 2052 ab
926 2017 1063 2051 Armate
1086 2015 1222 2057 videns,
1246 2014 1392 2060 arreptis
1414 2025 1522 2049 secum
1544 2012 1658 2047 liberis
1681 2017 1717 2048 et

269 2073 378 2096 uxore
399 2073 479 2103 sua,
511 2062 554 2095 ad
576 2073 730 2107 magnum
752 2063 904 2108 protinus
927 2061 1165 2107 Baptisterium
1188 2061 1362 2095 Ecclesiae
1384 2071 1526 2105 magnae
1548 2059 1718 2093 Constan-

267 2107 513 2153 tinopolitanae
536 2119 572 2141 se
594 2109 737 2153 recepit,
762 2109 1002 2143 Theudericho
1026 2114 1097 2142 tum
1120 2107 1336 2142 Consulatum
1358 2110 1508 2150 gerente.

358 2153 609 2188 Sacratissimus
640 2159 752 2188 autem
776 2155 965 2199 Imperator
988 2154 1104 2194 Zeno,
1146 2153 1221 2187 velo
1244 2152 1279 2185 in
1313 2162 1404 2185 usum
1435 2149 1529 2184 Circi
1551 2148 1716 2191 exhibito,

268 2198 379 2232 statim
407 2198 576 2239 ascendit,
619 2198 798 2243 Ludos-que
828 2199 1016 2244 spectavit3
1053 2200 1138 2233 urbe
1168 2202 1243 2232 tota
1273 2197 1418 2231 reditum
1448 2195 1480 2229 ei
1510 2195 1716 2239 gratulante.

269 2243 329 2277 Sic
350 2243 467 2289 itaque
497 2249 654 2288 receptus
676 2255 697 2277 a
719 2245 805 2286 suis,
841 2245 930 2279 inter
951 2246 1028 2289 ipsa
1059 2243 1246 2284 Circensia‚
1279 2253 1432 2286 magnam
1456 2240 1499 2274 ad
1530 2240 1716 2274 Ecclesiam

268 2289 359 2323 misit
382 2295 418 2323 et
441 2301 462 2323 a
484 2289 641 2323 Basilisco
666 2293 701 2323 et
724 2301 829 2323 uxore
860 2291 932 2334 ejus
967 2290 1104 2334 filioque
1135 2288 1282 2332 insignia
1303 2285 1527 2332 Imperatoria
1560 2285 1714 2319 abstulit:

269 2338 525 2380 extractumque
547 2335 626 2369 inde
647 2346 738 2374 eum,
773 2347 847 2369 cum
870 2347 973 2369 uxore
995 2335 1194 2380 liberisque,
1221 2333 1303 2367 data
1326 2331 1482 2366 cautione
1505 2342 1567 2365 nec
1590 2329 1715 2376 capiti-

267 2380 330 2414 bus
353 2381 545 2421 multatum,
569 2392 631 2414 nec
653 2380 728 2414 neci
750 2392 806 2414 eos
829 2381 989 2414 traditum
1011 2381 1076 2423 iri,
1101 2378 1295 2414 amandavit
1318 2389 1392 2412 eum
1415 2389 1488 2410 cum
1510 2376 1575 2410 suis
1597 2375 1632 2410 in
1655 2375 1716 2409 Li-

266 2437 377 2467 mnas,
404 2426 644 2471 Cappadociae
667 2426 864 2459 Castellum:
896 2426 931 2459 in
955 2427 1049 2469 cujus
1071 2425 1191 2460 turrim
1215 2424 1380 2468 quandam
1403 2423 1590 2466 conjectus,
1616 2426 1716 2466 porta

267 2472 338 2514 eius
360 2482 452 2505 muro
478 2473 671 2513 obstructa,
715 2471 919 2515 castelloque
943 2482 963 2504 a
988 2470 1154 2516 praesidio
1186 2468 1323 2504 militari
1354 2467 1501 2501 Isaurico
1532 2467 1715 2509 custodito,

265 2515 340 2561 ipse
370 2517 525 2559 tandem,
557 2528 630 2551 cum
661 2527 765 2551 uxore
794 2516 975 2561 liberisque
1007 2517 1097 2550 fame
1125 2520 1261 2550 necatus
1293 2513 1444 2555 interiit,
1478 2513 1596 2547 turrim
1628 2513 1715 2547 hanc

263 2573 327 2607 pro
351 2563 528 2607 sepulchro
559 2566 765 2597 consecutus.

354 2608 449 2642 Zeno
468 2613 580 2642 autem
603 2609 790 2653 Imperator
811 2609 890 2653 post
911 2606 1054 2640 reditum
1077 2617 1172 2640 suum
1193 2616 1294 2639 annos
1316 2615 1367 2638 ΧΠ
1390 2603 1564 2648 regnavitz
1589 2603 1625 2637 in
1640 2602 1716 2636 uni-

264 2663 397 2686 versum
429 2653 545 2698 itaque
567 2653 750 2697 complevit
781 2663 883 2687 annos
906 2663 951 2686 xv
982 2656 1019 2685 et
1040 2663 1166 2686 menses
1189 2662 1236 2684 11:
1279 2650 1397 2695 quibus
1433 2650 1534 2684 etiam
1564 2647 1717 2682 nonnulli

264 2697 347 2732 duos
369 2698 455 2741 illos,
478 2698 597 2744 quibus
621 2699 801 2733 Basiliscus
823 2697 1016 2743 imperavit,
1039 2709 1141 2731 annos
1164 2701 1396 2731 annumerant.
1443 2696 1626 2729 Caeterum
1646 2694 1714 2727 Ze·-

264 2755 309 2777 no
332 2743 541 2788 Imperator,
576 2744 688 2778 statim
721 2756 742 2778 a
775 2743 886 2778 reditu
909 2754 985 2784 suo,
1026 2743 1163 2776 Petrum
1187 2741 1388 2786 Episcopum
1412 2746 1449 2775 et
1479 2739 1714 2774 Patriarcham

263 2788 466 2823 Antiochiae
489 2790 647 2834 Magnae,
676 2794 837 2835 tanquam
861 2788 920 2834 qui
942 2787 1094 2822 Basilisci
1117 2788 1269 2833 partibus
1293 2787 1501 2827 adhaeserat,
1525 2785 1713 2829 Episcopa-

264 2838 306 2868 tu
329 2835 483 2879 ejectum,
506 2835 540 2870 in
564 2835 746 2879 Euchaita,
769 2834 872 2871 Ponti
894 2834 1021 2877 urbem,
1045 2833 1233 2878 relegavit3
1259 2833 1433 2879 Stephano
1456 2830 1491 2866 in
1512 2830 1621 2866 locum
1642 2828 1714 2873 ejus
