1838 3230
256 200 321 247 48
651 196 938 242 IOANNIS
967 198 1308 244 MALALAE

256 310 331 358 δύο
358 314 438 358 υἱοὶ
464 319 538 371 τῆς
562 312 776 371 Ἀντιόπης
803 311 910 373 ἦσαν
927 317 1012 373 μετ’
1036 317 1171 362 αὐτῶν
1190 317 1277 374 ἅμα
1298 324 1357 379 τῷ
1378 304 1708 382 ἀναθρεψαμῆἐνῳ

257 383 408 434 αὖτοὺς
421 383 610 441 Ὀρὸίωνι
627 388 802 442 γεωργῷ.
864 388 932 429 καὶ
953 385 1207 444 παρεκάλουν
1224 387 1301 444 τὴν
1320 389 1478 446 Δίρκην
1496 388 1554 445 μὴ
1572 387 1710 433 τοιού-

257 469 316 510 τῳ
341 450 458 511 μόρῳ
490 452 641 495 ἀνελεῖν
669 451 818 508 αὐτήν·
853 452 879 509 ἦ
912 455 956 498 δὲ
984 455 1131 506 ἐξεῖπεν
1161 455 1300 506 αὐτοῖς
1331 456 1393 500 ὅτι
1424 457 1545 514 ἱέρεια
1565 452 1617 513 ἦν
1635 462 1710 502 τοῦ

254 518 420 573 Ἡλίου,
456 523 523 563 καὶ
552 519 718 577 ἐφθάρη
745 515 814 563 καὶ
839 522 1019 579 ἐγέννησε
1049 521 1122 566 δύο
1149 527 1307 575 παῖδας
1327 526 1370 568 ἐκ
1394 525 1607 582 πορνείας,
1643 527 1711 569 καὶ

259 590 325 631 δεῖ
350 588 477 643 αὐτὴν
509 593 809 645 τιμωρηθῆναι.
879 593 945 634 καὶ
966 590 1212 643 ἀκούσαντες
1234 593 1273 636 οἶ
1291 598 1364 649 τῆς
1380 591 1593 649 Ἀντιόπης
1610 594 1706 647 υἱοί,
1720 603 1745 639 5

260 661 408 712 Ζῆθος
442 658 510 699 καὶ
532 656 738 715 Ἀμφίων,
775 658 889 716 παρὰ
910 664 984 703 τοῦ
1007 660 1352 717 ἀναθρεψαμένου
1375 661 1525 712 αὐτοὺς
1538 661 1714 719 Ὀρδίω-

260 742 330 775 νος
350 723 411 767 ὅτι
431 722 456 780 ἦ
474 723 611 781 μήτηρ
634 726 770 769 αὐτῶν
790 727 898 770 ἐστιν
916 726 942 783 ἦ
960 728 1165 782 μέλλουσα
1183 734 1450 785 τιμωρεῖσθαι
1460 763 1473 783 ,
1507 728 1534 786 ἦ
1559 728 1714 774 Ἀντιό-

260 811 341 849 πη,
377 796 723 851 συναθροίσαντες
751 799 888 839 πᾶσαν
917 796 991 851 τὴν
1013 796 1242 854 ἄγροικικὴν
1261 789 1426 853 χώραν,
1463 796 1550 853 ἅμα
1574 798 1716 849 αὕτοΐς

137 872 172 907 0
194 872 241 910 57
265 859 514 912 ἀπελθόντες
532 860 754 919 ἐφόνευσαν
771 863 866 914 τοὺς
883 863 1148 922 στρατιώτας.
1217 868 1283 908 καὶ
1304 865 1498 921 λαβόντες
1515 867 1590 923 τὴν
1607 868 1716 924 Δίρ-

260 947 334 986 κην
355 929 568 987 ἀφείλοντο
586 930 613 973 ἃ
631 930 766 988 ἐφόρει
782 933 974 985 βασιλικὰ
991 931 1252 988 κοσμήματα,
1286 936 1352 977 καὶ
1369 934 1516 978 ἔλυσαν
1534 934 1608 990 τὴν
1622 934 1715 978 Ἀν-
1728 945 1772 984 10

262 996 420 1053 τιόπην.
465 1001 532 1042 καὶ
552 1004 726 1043 λυθεῖσα
745 1005 826 1043 τῶν
846 1003 1005 1056 δεσμῶν
1025 1001 1050 1058 ἧ
1074 1000 1260 1058 Ἀντιόπη
1282 1003 1474 1060 ἐπέτρεψε
1494 1010 1581 1053 τοῖς
1599 1005 1716 1053 ῗόίοις

210 1075 246 1110 E
270 1067 398 1122 αὐτῆς
427 1068 588 1121 παισίν,
621 1068 807 1125 Ἀμφίονι
835 1072 902 1112 καὶ
931 1068 1091 1129 Ζήθῳ,
1128 1075 1321 1127 φονεῦσαι
1340 1071 1414 1126 τὴν
1432 1072 1614 1127 Δίρκην·
1649 1073 1717 1114 καὶ

264 1134 461 1190 λαβόντες
488 1136 563 1190 τὴν
589 1138 747 1193 Δίρκην
779 1136 930 1192 ἔδησαν
960 1141 1016 1189 εἷς
1035 1138 1106 1181 τὸν
1130 1139 1254 1182 αὐτὸν
1282 1138 1421 1195 ἄγριον
1441 1140 1613 1197 ταῦρον,
1650 1141 1719 1182 καὶ

264 1211 434 1260 συρεῖσα
456 1203 537 1248 ὕπὸ
557 1209 631 1248 τοῦ
650 1203 803 1261 ταύρου
826 1204 851 1261 ἡ
872 1208 1006 1264 Δίρκη
1031 1204 1227 1250 ἀπώλετο.
1300 1205 1321 1250 ὃ
1347 1208 1391 1251 δὲ
1411 1212 1562 1265 ταῦρος
1582 1208 1625 1251 ἐκ
1645 1212 1719 1263 τῆς

265 1273 430 1323 ἐλασιάς
458 1274 649 1327 ἐδίψησε,
696 1275 762 1315 καὶ
792 1272 921 1330 εὑρὼν
945 1275 1076 1331 πηγὴν
1106 1274 1200 1331 ἵστη
1233 1282 1357 1318 πιεῖν·
1402 1277 1469 1319 καὶ
1498 1282 1665 1319 κοπεῖσα
1690 1274 1773 1330 ἡ15

267 1348 428 1395 σχοῖνος
453 1342 560 1386 εἷἀσε
592 1343 763 1396 πλησίον
791 1346 865 1397 τῆς
890 1348 1018 1398 πηγῆς
1049 1343 1094 1386 τὸ
1120 1345 1312 1397 λείψανον
1339 1348 1413 1399 τῆς
1435 1345 1614 1401 Δίρκης·
1650 1346 1719 1386 καὶ

268 1408 424 1465 ἐκλήθη
445 1409 470 1467 ἡ
491 1409 595 1464 αὐτὴ
616 1410 722 1465 πηγὴ
743 1411 784 1461 ἐξ
804 1411 952 1453 ἐκείνου
972 1412 1046 1460 ἕως
1063 1415 1137 1466 τῆς
1155 1416 1226 1454 νῦν
1244 1412 1285 1454 ἓν
1311 1417 1362 1469 τῇ
1385 1410 1502 1472 χώρᾳ
1532 1413 1657 1469 ἐκείνῃ
1691 1409 1718 1467 ἦ

267 1479 416 1534 Δίρκη.
486 1479 552 1520 καὶ
577 1478 717 1520 λοιπὸν
747 1476 767 1520 ὃ
796 1482 943 1534 Ζῆθος
966 1481 1032 1522 καὶ
1053 1478 1073 1522 ὅ
1099 1480 1280 1537 Ἀμφίων
1300 1478 1447 1534 ἔλαβον
1468 1480 1543 1536 τὴν
1563 1478 1719 1523 ἑαυτῶν

146 1554 180 1589 V
200 1554 247 1590 20
267 1546 450 1603 μητέρα,
481 1546 554 1601 τὴν
574 1544 807 1601 Ἀντιόπην,
846 1549 912 1589 καὶ
933 1547 1079 1604 ἔφυγον
1103 1548 1164 1589 ἐπὶ
1186 1548 1261 1603 τὴν
1284 1549 1390 1591 ῗδίαν
1410 1546 1548 1603 χώραν
1567 1548 1716 1601 αὐτῶν,

266 1615 342 1670 τὴν
372 1615 596 1657 Βοιωτίαν·
627 1616 694 1656 καὶ
718 1616 801 1657 ἐκεῖ
817 1614 1088 1672 ἀναφανέντες
1111 1614 1376 1671 ἐγνώσθησαν
1396 1624 1483 1667 τοῖς
1504 1619 1777 1667 Bastarna-‚20

268 1682 290 1727 ὃ
314 1684 357 1726 δὲ
385 1683 520 1726 αὐτῶν
544 1680 707 1732 πάππος
729 1681 750 1726 ὃ
776 1682 984 1736 Νυκτεύς,
1022 1682 1043 1726 ὅ
1068 1684 1258 1737 βασιλεὺς
1280 1689 1354 1741 τῆς
1374 1684 1502 1740 αὐτῆς
1520 1675 1723 1734 Βοιωτίας

264 1750 426 1808 χώρας,
461 1749 674 1808 γεγήρακε,
712 1752 779 1793 καὶ
806 1749 917 1810 νόσῳ
937 1754 1110 1807 βληθεὶς
1128 1756 1305 1812 τελευτᾷ,
1376 1755 1442 1796 καὶ
1460 1752 1600 1796 λοιπὸν
1617 1752 1721 1806 μετὰ

268 1820 343 1876 τὴν
365 1819 551 1875 τελευτὴν
577 1824 650 1862 τοῦ
670 1819 863 1870 Νυκτέως
876 1820 1075 1873 βασιλέως
1095 1821 1134 1863 οἳ
1154 1825 1226 1877 τῆς
1240 1822 1441 1872 Βοιωτίας
1457 1819 1603 1872 πάντες
1620 1820 1722 1879 ᾔτη-

361 1918 395 1952 8.
421 1911 652 1962 ἅγροικικὴυ]
677 1912 852 1962 οἷγροικὴυ
875 1917 943 1951 Ox.
1037 1918 1092 1953 12.
1113 1913 1289 1963 Ἀμφίωνι
1311 1917 1380 1953 Ox.
1426 1917 1486 1952 Sic
1508 1920 1546 1952 et
1564 1916 1669 1951 infra.

272 1994 422 2038 bebat‚)
445 1994 537 2029 inter
560 2006 642 2040 quos
667 1995 767 2030 etiam
792 2000 891 2031 erant
911 1996 1081 2042 Antiopae
1103 1996 1166 2030 filii
1189 1996 1306 2038 ambo,
1330 1998 1365 2029 et
1389 1994 1449 2040 qui
1471 2006 1528 2030 eos
1551 1994 1725 2030 enutrive-

272 2046 349 2082 rat,
381 2040 490 2075 Ordio
515 2041 675 2085 agricola.
723 2042 875 2086 Cumque
897 2054 963 2076 una
993 2054 1105 2077 omnes
1127 2041 1261 2076 Dircem
1284 2044 1465 2086 rogarent,
1500 2041 1553 2075 uti
1575 2040 1725 2086 Antiopa

274 2085 338 2120 tali
359 2086 478 2120 saltem
500 2087 574 2120 fato
598 2097 665 2120 non
687 2087 837 2131 periret3
859 2087 1007 2122 instabat
1030 2088 1108 2129 illa,
1143 2087 1342 2132 Antiopam,
1368 2098 1444 2120 cum
1466 2085 1544 2121 solis
1567 2086 1724 2121 sacerdos

276 2135 383 2173 esset,
412 2131 602 2166 castitatem
624 2144 714 2166 suam
737 2132 896 2173 violasse,
930 2139 966 2167 et
990 2145 1031 2167 ex
1053 2132 1171 2167 illicito
1195 2132 1378 2167 concubitu
1401 2131 1488 2166 filios
1511 2131 1595 2167 duos
1617 2144 1661 2178 pe
1687 2143 1726 2166 e·

276 2177 382 2218 risse3
421 2181 524 2222 atque
548 2177 634 2211 adeo
657 2177 813 2223 supplicii
836 2178 933 2222 hujus
957 2178 1092 2222 dignam
1115 2190 1198 2213 esse.
1243 2177 1410 2223 Amphion
1443 2181 1554 2212 autem
1585 2182 1622 2212 et
1687 2189 1725 2212 e-

275 2224 372 2264 thna,
396 2222 456 2257 ubi
481 2223 524 2256 ab
547 2223 660 2257 altore
681 2234 740 2257 suo
758 2222 910 2258 Ordione
933 2224 1144 2265 didicissent,
1167 2228 1307 2258 matrem
1330 2235 1421 2257 suam
1445 2235 1515 2257 esse
1534 2223 1724 2268 Antiopam,

277 2280 366 2312 quae
387 2267 552 2314 supplicio
574 2268 742 2302 tradenda
765 2274 869 2303 esset:
895 2269 1043 2303 collectis
1065 2270 1102 2304 in
1125 2281 1225 2304 unum
1247 2268 1381 2303 rusticis
1398 2268 1435 2303 in
1458 2267 1599 2303 circuitu
1619 2268 1726 2303 omni-

276 2314 359 2355 bus,
383 2314 508 2359 egressi
530 2318 608 2348 sunt
629 2326 703 2348 cum
727 2314 795 2348 eis:
818 2319 854 2348 et
877 2314 993 2349 occisis
1015 2315 1197 2356 militibus,
1219 2315 1490 2359 comprehensam
1511 2313 1646 2348 Dircem
1670 2325 1727 2348 re·-

277 2360 409 2404 galibus
431 2359 498 2393 suis
520 2359 722 2394 ornamentis
744 2359 948 2404 spoliarunt,
981 2361 1228 2406 Antiopamque
1252 2360 1394 2394 vinculis
1414 2359 1560 2395 solvunt.
1606 2359 1727 2394 Soluta

277 2406 354 2447 illa,
386 2405 462 2439 filiis
485 2404 572 2447 suis,
605 2405 781 2450 Amphioni
805 2408 840 2439 et
868 2405 998 2445 Zetho,
1028 2406 1192 2450 imperat,
1224 2406 1275 2440 uti
1297 2405 1432 2439 Dircem
1453 2417 1474 2440 e
1495 2403 1605 2439 medio
1629 2404 1727 2438 tolle-

277 2456 374 2485 rent:
407 2451 458 2485 illi
480 2462 564 2485 vero
589 2455 778 2496 correptam
800 2451 890 2484 illam
915 2451 1032 2486 Tauro
1056 2452 1106 2484 illi
1128 2451 1237 2485 feroci
1261 2451 1419 2495 alligant,
1446 2461 1467 2484 a
1489 2461 1554 2495 quo
1577 2453 1727 2495 raptata,

277 2496 393 2541 periit.
440 2497 576 2531 Taurus
599 2502 731 2538 autem,
757 2508 799 2530 ex
815 2507 930 2535 cursu,
954 2496 1081 2537 sitivit3
1106 2500 1141 2530 et
1164 2501 1301 2541 reperto
1317 2497 1432 2538 fonte,
1455 2494 1622 2529 bibiturus
1644 2495 1728 2529 asti-

277 2542 333 2576 tit.
381 2542 538 2586 Contigit
560 2548 693 2584 autem,
716 2547 754 2576 ut
775 2546 876 2586 rupto
899 2542 996 2582 fune,
1031 2542 1151 2576 Dirces
1175 2541 1323 2576 cadaver
1345 2552 1453 2586 prope
1474 2541 1603 2575 fontem
1628 2540 1727 2575 istum

279 2587 436 2622 relictum
458 2588 621 2632 jacuerit:
663 2588 752 2622 unde
775 2588 817 2622 ab
840 2586 1007 2631 indigenis
1030 2588 1105 2621 fons
1127 2587 1212 2628 iste,
1243 2586 1367 2627 Dirce,
1400 2597 1505 2631 usque
1530 2587 1640 2620 adhuc
1663 2597 1727 2621 vo·-

280 2637 374 2666 catus
397 2637 457 2667 est.
504 2635 586 2668 Post
616 2635 701 2668 haec
724 2634 850 2667 Zethus
884 2637 920 2667 et
942 2632 1106 2676 Amphion
1130 2638 1271 2666 matrem
1295 2630 1475 2677 Antiopam
1507 2631 1572 2665 sibi
1594 2643 1727 2666 sumen—

279 2681 352 2720 tes,
374 2678 410 2711 in
428 2679 602 2713 Boeotiam
625 2678 768 2725 patriam
791 2690 882 2713 suam
902 2679 1085 2722 fugerunt=
1110 2678 1169 2711 ubi
1193 2676 1314 2710 deinde
1337 2677 1475 2711 Boeotis
1497 2676 1726 2713 innotuerunt.

279 2723 435 2767 Nycteus
453 2730 585 2767 autem,
612 2737 693 2759 avus
713 2736 846 2766 eorum,
870 2723 1035 2758 Boeotiae
1058 2735 1140 2765 rex,
1166 2727 1280 2756 aetate
1299 2724 1370 2766 jam
1393 2722 1557 2766 grandior
1574 2734 1616 2757 ex
1639 2733 1729 2757 mor—

281 2768 326 2801 bo
350 2768 499 2803 interiit:
535 2774 611 2814 post
633 2771 729 2814 cujus
751 2770 900 2812 obitum,
930 2768 1054 2804 Boeoti
1075 2780 1185 2802 omnes
1207 2768 1426 2813 Amphionem
1449 2772 1485 2803 et
1506 2768 1650 2802 Zethum
1671 2778 1730 2802 ro-

281 2814 431 2857 gabant,
461 2814 514 2848 uti
536 2817 672 2860 Nycteo
694 2815 790 2860 regi,
823 2828 844 2850 a
867 2827 934 2860 quo
958 2826 1063 2869 genus
1086 2814 1272 2856 ducebant,
1296 2813 1361 2859 ipsi
1383 2814 1418 2847 in
1441 2825 1547 2858 regno
1569 2813 1729 2848 succede-

283 2862 371 2896 rent.
416 2859 536 2905 Itaque
560 2861 672 2906 Reges
694 2861 830 2896 salutati
852 2860 974 2896 Musiol
995 2860 1049 2903 hi,
1081 2860 1248 2906 Amphion
1271 2863 1309 2894 et
1329 2859 1475 2904 Zethus,
1507 2858 1643 2895 Boeotis
1665 2858 1728 2892 im-
