1838 3230
414 175 1049 225 CHRONOGRAPHIA.
1106 173 1154 220 L.
1184 173 1281 220 ΧΙΙ.
1487 180 1588 231 313

109 300 347 354 Μαξέντιος
365 297 569 358 ἀνήγειρεν
587 298 718 355 αὗτὴν
735 297 878 347 κτίσας
894 297 961 340 καὶ
981 297 1032 341 τὰ
1055 298 1166 354 τείχη
1178 331 1192 352 ,
1230 298 1297 343 καὶ
1315 296 1448 342 πολλὰ
1468 302 1589 356 φιλο·
1613 304 1647 340 Ο
1670 303 1740 342 415

109 368 388 427 τιμησάμενος
419 377 505 420 τοῖς
535 367 702 424 ζήσασιν
730 365 942 423 ἐκούφισεν
975 367 1128 418 αὐτοὺς
1157 371 1233 423 τῆς
1263 369 1495 418 συντελείας
1524 369 1589 410 ἐπὶ

74 498 78 501 ᾖ
112 438 184 497 ἔτη
205 437 258 495 γ’.
326 442 394 482 καὶ
423 437 660 482 ἐπανελθὼν
679 437 721 479 ἓν
741 441 793 493 τῇ
811 434 947 493 Ῥώμῃ
970 434 1155 494 ἀνῃρέθη
1166 469 1179 490 ,
1217 435 1274 480 ὢν
1295 438 1493 482 ἐνιαυτῶν
1513 435 1586 494 νγ’.

215 507 343 553 Μετὰ
370 508 416 551 δὲ
442 508 518 563 τὴν
543 506 755 563 βασιλείαν
783 506 1020 556 Μαξεντιόυ
1044 507 1279 559 ἐβασίλευσε
1299 504 1590 556 Κωνστάντιος

79 575 138 622 ὃὸ
157 575 338 634 Χλωρὸς
351 578 422 632 ἔτη
442 574 505 632 ιγ’.
573 570 625 631 ἦν
653 575 697 618 δὲ
726 572 899 632 μακρός,
937 573 1096 627 λεπτός,
1132 572 1382 629 μιξοπόλιος,
1419 574 1591 634 εὕχροσς

110 646 161 690 τὸ
183 650 306 700 σῶμα
325 647 392 688 καὶ
419 645 518 696 τοὺς
545 641 797 702 ὀφθαλμούς
807 676 821 697 ,
864 642 1045 701 εὕρινος,
1084 642 1263 698 σπανός,
1298 643 1474 701 ἥσυχος,
1513 662 1591 700 με-

109 713 362 772 ναλᾶννκοςε

158 808 161 811 >
209 783 278 827 Ἐν
311 785 357 827 δὲ
381 787 433 840 τῇ
461 782 590 826 αὐτοῦ
620 782 808 841 βασιλεία
839 780 992 825 ἔπαθεν
1017 779 1100 825 ὑπὸ
1127 783 1356 838 θεομηνίας
1373 784 1591 839 Σαλαμιᾶς

110 849 232 902 πόλις
261 857 336 908 τῆς
366 850 566 908 Κύπρου,
602 850 683 894 ὑπὸ
713 855 882 905 σεισμοῦ
913 855 1288 894 καταποντισθεῖσα
1318 853 1373 902 εἰς
1405 852 1480 908 τὴν
1503 851 1591 896 θά-

57 925 274 965 1ολασσαν
296 921 343 965 τὰ
368 921 473 964 πολὺ
499 920 628 975 αὐτῆς
648 921 795 976 μέρος·
833 919 881 962 τὸ
903 921 948 962 δὲ
970 920 1114 963 λοιπὸν
1136 920 1213 969 ἕως
1234 918 1588 977 ἐδάφουςῖπεσεν.

110 989 254 1046 ἥντινα
270 990 478 1046 ἀνεγείρας
496 988 517 1033 ὃ
537 989 662 1040 αὐτὸς
684 986 974 1039 Κωνστάντιος
996 991 1062 1031 καὶ
1087 989 1220 1032 πολλὰ
1238 986 1346 1032 πάνυ
1369 994 1587 1047 φιλοτιμη-
1610 1002 1644 1037 D

111 1057 288 1114 σάμενος
317 1061 384 1102 καὶ
412 1060 554 1109 κτίσας
583 1061 652 1101 καὶ
673 1065 760 1108 τοῖς
783 1056 928 1113 ζήσασι
949 1059 1136 1108 πολίταις
1154 1057 1424 1115 συγχωρήσας
1446 1076 1590 1103 συντε-

112 1130 223 1179 λείας
242 1129 306 1171 ἔπὶ
333 1127 404 1183 ἕτη
422 1127 604 1184 τέσσαρα
617 1160 630 1180 ,
668 1129 735 1170 καὶ
753 1129 895 1177 κτίσας
911 1125 1126 1189 ᾆιαφόροις
1144 1129 1335 1182 κτίσμασι
1355 1128 1429 1184 τὴν
1446 1127 1590 1188 πρῴην

111 1197 188 1251 μὲν
216 1197 432 1254 λεγομένην
464 1194 735 1251 Σαλαμιάδα,
787 1198 830 1247 ἐξ
858 1197 1008 1239 ἐκείνου
1040 1197 1084 1239 δὲ
1107 1201 1438 1253 μετακληθεῖσαν
1465 1201 1591 1242 Κων-

59 1274 103 1312 15
113 1267 330 1310 σταντίαν·
364 1264 454 1321 ἥτις
472 1266 558 1308 ἐστὶ
578 1269 652 1308 νῦν
669 1263 922 1322 μητρόπολις
940 1269 1016 1320 τῆς
1029 1263 1218 1319 Κύπρου.

212 1334 280 1379 Ἕν
313 1335 358 1378 δὲ
391 1338 442 1392 τῇ
471 1333 600 1377 αὐτοῦ
620 1335 809 1394 βασιλείᾳ
831 1333 1038 1377 ἀπέστειλε
1059 1333 1259 1390 Μάξιμον
1280 1335 1352 1379 τὸν
1372 1337 1439 1378 καὶ
1459 1339 1589 1379 Λικι-
1613 1349 1647 1384 0
1671 1349 1742 1386 416

112 1404 254 1449 νιανὸν
270 1403 376 1460 μετὰ
393 1407 548 1447 πολλοῦ
578 1407 760 1461 στρατοῦ
796 1403 860 1446 ἐπὶ
890 1402 939 1445 τὸ
962 1401 1181 1460 φυλάττειν
1200 1404 1252 1446 τὰ
1270 1405 1376 1461 μέρη
1394 1409 1468 1461 τῆς
1487 1406 1591 1448 ἀνα-

112 1477 238 1530 τολῆς
260 1473 330 1517 διὰ
346 1472 445 1523 τοὺς
462 1472 633 1530 Πέρσας
651 1474 719 1515 καὶ
737 1472 811 1523 τὰς
831 1472 1056 1528 ἐπιδρομὰς
1076 1477 1159 1516 τῶν
1179 1477 1435 1530 Σαρακηνῶν
1450 1489 1459 1498 ·
1496 1473 1593 1517 ἐτά-

115 1559 272 1599 ρασσον
293 1542 372 1599 γὰρ
406 1539 548 1601 πρῴην
576 1541 651 1596 τὴν
680 1541 883 1596 ἀνατολὴν
912 1541 988 1596 ἕως
1008 1539 1238 1598 Αἰγύπτου.
1311 1543 1463 1598 συνέβη
1487 1545 1532 1586 δὲ
1551 1545 1593 1586 ἐν

57 1611 228 1670 Ξοαῦτῷ
248 1615 307 1670 τῷ
324 1609 461 1669 χρόνῳ
481 1611 554 1653 τὸν
576 1611 750 1665 βασιλέα
768 1608 1061 1653 Κωνστάντιον
1090 1608 1416 1669 ἀρρωστήσαντα
1438 1610 1594 1670 ἡμέρας

113 1677 158 1736 μ’
191 1684 451 1735 τελευτῆσαι·
485 1675 538 1735 ’ἦν
564 1680 609 1722 δὲ
636 1681 830 1722 ἐνιαυτῶν
851 1677 1058 1734 ἑξήκοντα.
1612 1694 1646 1729 E

217 1748 346 1794 Μετὰ
369 1749 413 1791 δὲ
434 1747 510 1804 τὴν
529 1750 741 1802 βασιλείαν
759 1749 1054 1791 Κωνσταντιόυ
1081 1745 1348 1807 ἀνηγόρευσεν
1368 1745 1389 1791 ὅ
1414 1748 1593 1807 στρατὸς

208 1882 266 1918 16.
289 1880 351 1918 καὶ
373 1878 589 1919 Λικινιανὸν
611 1881 696 1925 Ch„
723 1878 967 1917 Καλλικιοινόν
990 1880 1058 1915 Ox,

113 1996 338 2039 instauravit3
363 1996 521 2043 civesque
536 1996 734 2044 superstites
758 1997 872 2032 multis
894 1995 1049 2039 donavit,
1070 1995 1208 2031 tributis
1225 1995 1327 2030 etiam
1344 1995 1410 2030 illis
1429 1995 1463 2030 in
1479 1994 1588 2029 trien-

108 2043 206 2079 nium
228 2043 385 2079 remissis.
443 2043 586 2079 Romam
617 2043 741 2078 deinde
774 2054 953 2086 reversus,
996 2054 1017 2077 e
1039 2042 1151 2077 medio
1175 2042 1326 2078 sublatus
1349 2047 1420 2085 est,
1462 2041 1588 2077 aetatis

107 2101 203 2126 anno
224 2101 303 2124 Lm.
343 2117 345 2120 .

206 2135 418 2171 Maxentium
452 2135 590 2181 excepit
622 2134 842 2170 Constantius
875 2134 1036 2177 Chlorus3
1076 2134 1138 2180 qui
1170 2135 1351 2181 imperavit
1381 2146 1484 2169 annos
1508 2144 1586 2168 xm.

109 2182 207 2218 Erat
229 2182 286 2217 hic
310 2193 489 2228 procerus,
522 2182 681 2227 gracilis,
714 2182 902 2223 subcanus,
925 2181 1040 2216 colore
1063 2181 1218 2227 corporis
1243 2181 1484 2225 oculorumque
1507 2179 1586 2225 pul-

108 2230 210 2271 chro,
234 2239 316 2263 naso
339 2229 503 2273 eleganti,
528 2240 663 2274 parcus,
689 2227 834 2272 quietus,
861 2227 1091 2272 magnanimis.

204 2275 315 2319 Hujus
338 2275 400 2308 sub
423 2274 590 2320 imperio,
624 2274 808 2315 Salamias,
842 2275 923 2308 urbs
947 2273 1076 2320 Cypri,
1111 2272 1259 2308 divinam
1282 2272 1366 2307 iram
1390 2283 1489 2318 passa
1512 2274 1586 2305 est:

115 2320 260 2355 maxima
282 2321 371 2355 enim
406 2321 479 2365 ejus
498 2332 578 2366 pars
608 2326 816 2354 terraemotu
840 2320 876 2354 in
906 2331 999 2354 mare
1021 2319 1189 2364 disjuncta
1213 2324 1283 2353 est:
1319 2318 1483 2362 reliquum
1507 2328 1589 2351 vero

110 2367 211 2402 urbis
231 2367 301 2402 solo
325 2367 554 2412 adaequatum
579 2366 718 2400 corruit.
765 2366 865 2400 Hanc
887 2366 1005 2411 itaque
1028 2364 1245 2400 Constantius
1268 2364 1444 2404 excitavit,
1469 2368 1504 2397 et
1529 2375 1589 2408 pe-

110 2413 291 2447 maiarum
325 2413 501 2458 plurimum
534 2412 662 2447 civibus
695 2413 931 2458 superstitibus
955 2412 1124 2456 largitus,
1172 2411 1302 2445 tributa
1337 2410 1440 2444 etiam
1463 2409 1530 2444 illis
1553 2409 1588 2442 in

117 2457 371 2537 puadriennium
404 2458 541 2492 remisit.
603 2458 731 2493 Urbem
764 2470 849 2493 vero
882 2459 990 2499 hanc,
1029 2469 1118 2503 quae
1142 2461 1245 2491 antea
1276 2456 1441 2490 Salamias
1463 2460 1591 2490 vocata

135 2502 204 2546 uit,
226 2504 330 2539 variis
353 2504 518 2539 aedificiis
541 2516 562 2539 a
585 2516 622 2538 se
643 2509 821 2547 ornatam,
846 2503 1101 2546 Constantiam,
1126 2515 1147 2537 a
1170 2515 1230 2537 suo
1253 2503 1387 2536 nomine
1411 2512 1590 2547 nuncupa-

118 2549 152 2583 ri
172 2549 300 2584 voluitx
325 2561 413 2596 quae
436 2550 539 2584 etiam
563 2551 677 2595 Cypri
700 2551 895 2597 metropolis
919 2555 982 2592 est,
1006 2549 1040 2584 in
1065 2551 1156 2584 hunc
1179 2560 1284 2594 usque
1308 2548 1405 2581 diem.

209 2594 339 2630 Eodem
374 2596 566 2641 imperante
589 2596 705 2631 missus
729 2601 800 2639 est,
838 2596 973 2642 ingenti
997 2608 1071 2630 cum
1095 2595 1267 2635 exercitu,
1306 2593 1473 2627 Maximus
1496 2592 1591 2627 Lici-

118 2640 257 2682 nianus,
302 2641 346 2676 ad
379 2642 502 2676 Partes
525 2642 721 2677 Orientales
752 2642 974 2677 vindicandas
997 2643 1040 2676 ab
1070 2641 1320 2675 incursionibus
1350 2640 1529 2674 Persarum
1554 2643 1591 2673 et

116 2686 384 2729 Saracenorum,
421 2688 481 2733 qui
513 2689 657 2723 antehac
688 2689 887 2731 Orientem,
925 2688 970 2722 ad
1002 2689 1195 2732 Aegyptum
1228 2697 1334 2730 usque
1365 2686 1591 2730 perturbave-

117 2737 207 2766 rant.
254 2731 394 2766 Accidit
421 2737 533 2768 autem
568 2735 687 2769 eodem
717 2738 874 2780 tempore
907 2735 1149 2779 Imperatorem
1182 2731 1415 2766 Constantium
1440 2731 1474 2765 in
1498 2732 1589 2766 mor-

116 2777 196 2831 bum
219 2777 390 2820 incidere3
413 2790 457 2813 ex
479 2791 559 2825 quo,
584 2780 843 2826 quadragesimo
862 2784 941 2826 post
964 2779 1033 2820 die,
1056 2777 1209 2820 interiit3
1233 2777 1357 2813 aetatis
1379 2788 1466 2812 anno
1489 2789 1590 2812 sexa·

114 2834 255 2869 gesimo.

210 2867 411 2905 Constantio
433 2869 515 2905 fatis
537 2869 712 2915 defuncto,
734 2871 904 2908 Maximus
921 2869 1116 2906 Licinianus
1138 2869 1183 2906 ab
1206 2868 1363 2906 exercitu
1389 2869 1425 2905 in
1443 2868 1589 2905 Oriente
