1852 3236
274 226 318 252 xl
326 226 344 251 1
790 207 1197 254 PRAEMONITIO.

274 321 359 372 nis,
408 328 644 362 memoratur
682 321 870 375 Ρωμανός
904 322 926 365 ὅ
958 323 1146 376 Μωσελὲ,
1187 339 1235 365 ex
1274 326 1432 365 Graecis
1466 327 1710 379 magnatibus

274 388 385 430 alius.
443 389 561 441 Apud
587 390 705 430 alium
728 390 811 438 Ιζὶδ
837 393 1064 445 Μουαλαβί.
1121 393 1187 432 Sic
1216 393 1322 445 apud
1347 391 1536 433 Codinum
1556 400 1595 434 et
1618 393 1710 448 Gly-

274 469 363 495 cam
391 454 556 509 Μιχαῆλ
588 455 613 498 o‘
643 454 836 510 Ραγγαβὲ,
867 458 1108 499 Graecorum
1134 461 1219 513 ipse
1250 461 1488 513 Imperator:
1521 458 1711 512 Cedren03

275 525 374 575 Μιχ.
398 519 429 578 ᾦ
451 522 627 577 Ραγκαβὲ
645 523 674 576 ἦ
693 526 947 579 προσηγορία.
997 527 1222 566 consimilia
1242 528 1316 567 alia
1332 528 1375 566 in
1396 529 1552 570 vocales
1570 528 1711 567 caden-

274 589 351 639 tia,
380 604 478 641 quae
497 604 548 630 ex
564 593 600 631 S.
622 592 833 643 Scripturis
854 593 895 631 in
916 606 1028 632 usum
1051 608 1293 634 communem
1310 601 1469 647 recepta
1492 602 1602 645 sunt,
1629 607 1711 634 non

274 669 484 707 enumero,
513 671 562 696 ne
581 658 718 697 videar
747 659 993 699 conscribere
1021 661 1255 701 Iudaeorum
1277 662 1502 702 Exercitum
1527 661 1710 713 aliquem,

274 722 496 763 Salomonis
517 725 681 763 fortasse
701 733 768 764 aut
794 725 1054 780 Jehosophati.
1097 729 1179 768 Nec
1199 730 1402 768 innumera
1421 729 1495 767 ista
1513 741 1708 779 recenseo,

274 803 374 841 quae
397 792 538 841 passim
561 792 666 844 apud.
690 793 860 832 Graecos
888 794 1103 834 Historicos
1135 803 1292 849 praeter
1319 808 1494 834 normam
1522 795 1710 834 sermonis

274 857 505 896 Graecanici
537 857 843 899 consonantibus
867 861 1112 902 clauduntur.
1178 864 1264 902 Hoc
1289 868 1442 901 tantum
1468 861 1634 901 observo
1659 861 1710 901 de

270 924 642 977 Pseudoprophetae
666 927 882 966 'furcarum
908 929 1094 982 Nomine,
1124 930 1230 981 quod
1253 929 1430 981 quamvis
1455 928 1560 981 apud
1583 928 1710 981 Grae-'-

271 1005 340 1029 cos
368 992 586 1044 Scriptores
614 1000 693 1032 tam
720 995 901 1045 frequens
925 995 1037 1034 istius
1063 996 1115 1035 sit
1144 996 1311 1046 mentio,
1339 1009 1389 1034 ne
1418 997 1535 1035 semel
1563 1002 1707 1041 tamen,

271 1058 379 1110 quod
402 1059 532 1109 sciam,
560 1060 708 1100 Graeca
727 1062 999 1101 terminatione
1024 1062 1204 1101 donatur.
1263 1058 1473 1114 Μουᾶμεδ,
1503 1061 1710 1116 Μωᾶμεθ,

270 1122 472 1178 Μωᾶμετ,
503 1126 762 1181 Μουχουμὲτ,
788 1128 1026 1181 Μουχαμὲτ,
1058 1127 1225 1183 Μάμεθ.
1257 1136 1327 1169 etc.

380 1194 486 1232 Haec
502 1195 665 1233 lusimus
695 1192 860 1248 (Lector
880 1194 1060 1252 erudite)
1090 1197 1128 1235 in
1153 1196 1439 1246 Grammaticis,
1470 1209 1548 1235 non
1572 1197 1709 1235 Gram-

269 1261 420 1312 matici3
461 1262 605 1314 quippe
634 1262 714 1300 Nos
747 1263 813 1313 qui
842 1260 1015 1304 Μαλάλα
1047 1278 1118 1315 pro
1149 1261 1424 1303 Indeclinabili
1461 1263 1708 1314 sumpsimus,

267 1328 423 1368 Error-is
441 1330 608 1380 ingentis
631 1336 767 1368 contra
780 1331 901 1369 Usum
925 1332 1166 1370 Graecorum
1186 1331 1412 1386 insimulant
1430 1330 1513 1369 Viri
1531 1329 1709 1367 doctissi-

268 1397 343 1434 mi:
373 1410 485 1447 quem
513 1397 669 1447 dicunt,
701 1411 781 1435 non
806 1398 911 1449 pati,
941 1405 986 1437 ut
1016 1400 1164 1437 Nomen
1186 1397 1307 1437 ullum
1332 1397 1475 1447 Virile,
1505 1402 1709 1448 quantum-

268 1463 327 1502 vis
355 1463 634 1514 Barbaricum,
666 1465 771 1516 apud
798 1479 863 1503 eos
888 1466 927 1503 in
950 1465 984 1503 A
1009 1467 1251 1507 terminetur.
1308 1466 1349 1503 Si
1373 1464 1538 1503 ulterius
1561 1464 1710 1502 instant

269 1528 345 1585 (ut
369 1530 544 1583 faciunt)
573 1538 613 1570 et
640 1532 687 1570 ab
716 1532 802 1583 ipso
821 1532 1011 1579 Accam,
1042 1533 1148 1584 quod
1175 1536 1218 1571 in
1235 1533 1385 1584 syllaba
1401 1528 1612 1585 penultima
1633 1536 1709 1568 sta-

267 1605 426 1649 tuatur,
454 1612 569 1650 posse
602 1598 695 1637 (luci
727 1605 995 1649 argumentum
1025 1600 1264 1648 existimant3
1294 1603 1573 1638 convertantur
1597 1603 1707 1635 retro

270 1667 397 1715 oculi,
427 1665 500 1715 ad,
530 1666 689 1718 Μεβία,
723 1662 925 1720 Περάλτα,
958 1663 1157 1720 Μαρούα,
1193 1669 1382 1719 Ημοῦλα,
1421 1662 1610 1714 Ιεδδούα,
1639 1667 1710 1704 Σι-

268 1729 391 1783 σάρα,
424 1733 594 1785 Αζαρία,
626 1733 801 1783 Ανανία,
831 1730 1098 1774 Μαθουσάλα.
1157 1733 1309 1781 Quibus
1340 1732 1433 1771 addi
1456 1738 1494 1771 et
1519 1732 1593 1771 alia
1616 1745 1708 1783 pos-

269 1801 371 1839 sint:
402 1801 558 1852 Ωχαία,
590 1801 740 1852 Αβὸία,
770 1802 968 1854 Σαραβία,
998 1808 1155 1840 centum
1176 1801 1248 1839 alia
1270 1802 1310 1838 in
1328 1802 1366 1840 S.
1386 1799 1599 1850 Scripturis
1621 1811 1708 1848 ger-

269 1869 500 1907 manissima.
555 1868 687 1918 Neque
715 1869 788 1906 alia
812 1875 869 1906 est
895 1869 997 1907 ratio
1027 1869 1201 1907 euntium
1230 1868 1271 1906 in
1297 1868 1390 1905 alias
1414 1867 1595 1916 vocales,
1637 1869 1710 1905 Ρα-

270 1936 491 1988 μεσσεμένω
521 1935 562 1972 in
585 1936 691 1974 Serie
720 1937 886 1987 quadam
915 1938 1065 1987 Regum
1095 1936 1395 1987 Aegyptiorum,
1426 1929 1603 1984 Ιεφθᾶε,
1635 1936 1708 1972 Ιω-

272 1999 344 2042 δάε
367 2010 440 2041 etc.
471 2009 538 2041 aut
558 2003 851 2041 terminatorum
876 2004 1206 2053 consonantibus,
1235 2001 1446 2055 Αβιμέλεχ,
1476 1998 1612 2055 Ιάρεδ,
1643 1996 1711 2039 102-

271 2076 373 2123 φεθ,
406 2066 596 2123 Ισσάχαρ,
626 2071 808 2123 Γελίμερ,
845 2071 1031 2123 Τατίμερ,
1063 2078 1134 2109 etc.

383 2139 445 2175 Sic
466 2138 607 2176 liberos
627 2138 726 2186 Nos,
758 2143 793 2175 et
817 2137 1037 2188 praedictos
1059 2151 1227 2175 summos
1250 2136 1366 2175 Viros
1385 2136 1432 2173 ab
1452 2134 1556 2173 omni
1574 2147 1708 2186 pecca..

271 2215 311 2243 io
334 2212 470 2244 contra
499 2218 612 2244 usum
645 2205 903 2254 Graecorum,
942 2206 1218 2256 praestitimus,
1286 2202 1582 2253 Progrediamur
1609 2201 1708 2239 ulte-

265 2274 369 2311 rius:
400 2280 439 2312 et
469 2279 512 2311 ut
538 2271 614 2309 fuit
644 2278 863 2319 ostensum,
905 2285 1122 2323 repugnare
1151 2272 1270 2322 nihil,
1300 2271 1506 2324 quominus
1536 2267 1710 2320 potuerit

270 2338 372 2379 Casu
403 2339 526 2379 Recto
557 2338 672 2377 scribi
700 2333 895 2387 Μαλάλα,
932 2339 987 2377 sic
1014 2340 1186 2380 breviter
1224 2353 1328 2379 nunc
1353 2337 1619 2389 inquiramus,
1659 2348 1709 2372 an

267 2410 393 2460 reipsa
422 2409 477 2446 ita
508 2406 627 2446 scribi
650 2406 907 2444 consueverit.
965 2407 1063 2444 Sane
1090 2405 1190 2446 llaec
1220 2408 1291 2446 etsi
1320 2407 1374 2444 ita
1396 2420 1435 2444 sc
1450 2406 1640 2452 habeant,
1671 2410 1709 2442 et

268 2475 446 2525 quamvis
465 2479 651 2527 appareat
668 2472 835 2525 potuisse
861 2473 979 2511 scribi
995 2471 1191 2524 Μαλάλας
1221 2473 1329 2514 Mihi
1350 2481 1476 2512 tamen
1503 2485 1580 2510 non
1600 2470 1709 2508 deest

269 2542 373 2592 quod
399 2543 510 2581 facile
531 2541 656 2580 cuivis
676 2538 922 2592 persuadeat,
950 2554 1029 2577 non
1049 2540 1105 2578 ita
1136 2555 1280 2589 revera,
1311 2539 1377 2578 sed
1396 2537 1592 2585 ΙΠαλάλας
1613 2537 1708 2574 scri·

266 2615 377 2659 ptum
409 2610 538 2650 fuisse.
604 2609 751 2659 Nempe
780 2607 858 2645 hoc
883 2607 925 2645 id.
956 2607 1130 2645 evincere
1162 2608 1340 2655 videtur,
1383 2605 1488 2658 quod
1519 2619 1538 2642 a
1574 2604 1709 2641 Tzetze

271 2673 476 2723 chiliastae,
508 2677 574 2726 qui
594 2690 668 2728 pro
699 2691 743 2726 a,
774 2689 793 2713 e
820 2674 967 2724 ubique
990 2674 1210 2722 substituit,
1239 2688 1320 2712 non
1346 2681 1390 2712 ut
1416 2669 1707 2719 Indeclinabile,

271 2741 338 2779 sed
359 2755 520 2792 prorsus
541 2744 589 2781 ad
616 2744 837 2795 exemplum
872 2748 910 2780 et
941 2740 1135 2792 ingenium
1170 2742 1310 2779 Graeci
1337 2740 1549 2789 sermonis,
1585 2737 1709 2779 Μελέ-

271 2812 341 2860 λης
377 2810 582 2851 scribatur.
658 2811 766 2849 Idem
810 2810 900 2848 inde
938 2809 1096 2848 videtur
1125 2809 1335 2847 verisimile
1374 2807 1582 2848 admodum
1613 2806 1706 2853 fieri,
