1838 3230
401 147 1030 197 CHRONOGRAPHIA.
1085 147 1136 192 L.
1166 140 1283 193 XIV.
1476 149 1578 199 365
1636 206 1638 209 ξ

104 276 181 329 τῆς
199 271 464 325 Λυκαονίας,
499 268 641 327 ἥντινα
660 266 820 312 ἐκάλεσε
837 269 1030 322 Λυκίαν,
1070 268 1168 319 δοὺς
1186 268 1342 311 δίκαιον
1363 266 1578 326 μητροπό-

104 346 208 392 λεως
238 343 304 384 καὶ
338 340 518 397 ἄρχοντα
551 344 604 397 τῇ
632 339 823 395 λεγομένῃ
841 336 954 380 πόλει
978 334 1112 398 Μύρα
1147 341 1221 392 τῆς
1249 337 1377 393 αὐτῆς
1391 339 1575 390 Λυκίας,

106 409 213 454 ἔνθα
235 411 321 453 ἐστὶ
342 414 444 452 θεοῦ
471 406 698 463 μυστήριον
732 412 813 462 πῦρ
843 404 1092 461 αὐτόματον.
1164 404 1316 459 ὁμοίοις
1345 404 1428 449 δὲὸ
1451 406 1578 456 αὐτὸς

105 479 300 532 βασιλεὺς
321 479 388 521 καὶ
407 478 564 534 Συρίαν
585 476 779 532 δευτέραν
799 475 1051 532 ἀπομερίσας
1071 474 1150 518 ἀπὸ
1169 479 1243 530 τῆς
1262 473 1427 532 πρώτης
1448 475 1577 532 ἔπαρ-

74 557 96 594 5
101 548 218 603 χίας,
257 547 355 597 δοὺς
375 548 544 589 -δίκαιον
572 542 864 601 μητροπόλεως
898 546 965 587 καὶ
1005 543 1185 600 ἄρχοντα
1215 548 1266 602 τῇ
1299 544 1496 605 Ἀπαμείᾳ
1523 547 1575 601 τῇ

104 613 218 659 πόλει
230 648 244 669 ,
279 617 347 659 καὶ
374 615 562 658 Κιλικίαν
582 613 776 671 δευτέραν
795 613 1046 670 ἀπομερίσας
1065 613 1144 656 ἀπὸ
1166 617 1238 669 τῆς
1254 611 1418 669 πρώτης
1436 614 1578 669 ἐποίη-

105 701 176 728 σεν
191 685 408 740 ἐπαρχίαν,
447 682 545 733 δοῦς
565 684 720 726 δίκαιον
751 680 1043 739 μητροπόλεως
1077 684 1143 724 καὶ
1174 681 1354 739 ἄρχοντα
1379 680 1578 738 Ἀναξάρ-

104 758 169 812 βῳ
190 757 242 810 τῇ
265 751 391 796 πόλει.
462 753 624 806 ἐποίησε
657 753 701 794 δὲ
721 753 787 793 καὶ
811 751 939 806 ἄλλην
972 753 1181 806 ἐπαρχίαν,
1221 751 1474 807 ἄπομερίσας
1497 750 1578 793 ἀπὸ

105 826 180 877 τῆς
208 822 435 873 Βιθυνίας,
480 819 623 876 ’ἥντινα
660 818 844 863 ἐκάλεσεν
877 818 1107 877 Ὁνωριάδα
1143 821 1199 870 εἷς
1229 819 1360 874 ὄνομα
1388 823 1463 862 τοῦ
1498 817 1576 861 αὖ-
1598 828 1631 864 D

51 894 183 939 ιοτοῦ
206 891 324 933 θείου
361 887 583 946 Ὀνωρίου,
635 889 734 938 δοὺς
773 890 930 932 δίκαιον
966 887 1257 946 μητροπόλεως
1290 890 1356 931 καὶ
1398 887 1579 946 ἄρχοντα

101 957 345 1018 Ἡρακλείᾳ,
383 956 498 1001 πόλει
522 962 597 1013 τῆς
614 956 796 1001 Πόντου.

205 1027 294 1070 Ἐπὶ
314 1027 359 1070 δὲ
377 1031 451 1082 τῆς
467 1028 678 1080 βασιλείας
698 1027 825 1069 αὐτοῦ
847 1025 980 1081 ἄκμὴν
995 1021 1222 1082 Νεστόριος
1238 1023 1414 1080 ἤκμαζεν
1427 1039 1437 1050 ·
1469 1022 1582 1075 ὅστις

107 1097 323 1146 ἐπίσκοπος
347 1095 451 1150 μετὰ
480 1099 612 1138 ταῦτα
643 1095 794 1151 ἐγένετο
826 1091 1322 1143 Κωνσταντινουπόλεως·
1359 1095 1427 1137 καὶ
1446 1111 1578 1151 ταρα-
1605 1106 1638 1143 0
1662 1107 1711 1144 70

103 1170 183 1221 χῆς
202 1164 417 1221 γενομένης
449 1165 491 1207 ἔν
513 1168 571 1223 τῷ
590 1162 739 1218 ὁμιλεῖν
772 1161 911 1216 αὐτόν,
948 1161 1193 1219 ἠναγκάσθη
1216 1160 1237 1206 ὃ
1273 1162 1398 1213 αὐτὸς
1422 1161 1580 1207 Θεοδό-

52 1243 96 1280 15
110 1250 197 1284 σιος
221 1233 587 1290 προσκαλέσασθαι
617 1232 690 1287 τὴν
712 1230 887 1275 σύνοδον
912 1237 995 1275 τῶν
1019 1230 1089 1286 σμ’
1114 1229 1343 1274 ἐπισκόπων
1363 1233 1406 1275 ἐν
1421 1231 1580 1292 Ἐφέσῳ

108 1302 213 1346 κατὰ
228 1306 303 1345 τοῦ
322 1301 452 1345 αὐτοῦ
479 1303 709 1358 Νεστορίου
743 1303 810 1344 καὶ
839 1305 1027 1344 καθελεῖν
1051 1299 1178 1343 αὐτὸν
1209 1299 1290 1343 ἀπὸ
1320 1305 1394 1356 τῆς
1415 1301 1580 1344 ἐπισκο-

106 1375 200 1428 πῆς.
269 1368 402 1427 ἧγεῒτο
444 1371 490 1414 δὲ
520 1374 595 1426 τῆς
629 1367 807 1414 συνόδου
838 1368 1044 1428 Κύριλλος
1079 1367 1100 1413 ὅ
1140 1370 1359 1421 ἐπίσκοπος
1390 1369 1581 1423 Ἀλεξαν-

106 1441 245 1498 δρείας
265 1443 340 1495 τῆς
361 1437 550 1496 μεγάλης.

203 1509 272 1552 Ἐν
290 1507 405 1567 αὐτῷ
423 1509 468 1552 δὲ
486 1512 544 1567 τῷ
567 1511 696 1566 καιρῷ
719 1508 761 1550 ἓν
777 1511 829 1566 τῇ
850 1504 987 1565 Ῥώμῃ
1005 1503 1205 1563 διάγουσα
1227 1504 1254 1562 ἦ
1274 1506 1468 1551 δέσποινα
1497 1507 1583 1550 Εὖ-

50 1578 238 1629 ωδοξία,
275 1577 467 1633 γενομένη
495 1575 618 1634 χήρα,
654 1576 753 1632 γυνὴ
784 1579 1099 1619 Βαλεντινιανοῦ
1126 1575 1350 1630 βασιλέως,
1387 1574 1577 1634 θυγάτηρ
1600 1589 1636 1625 Ε

107 1647 153 1689 δὲ
173 1646 397 1690 Θεοδοσίου
420 1645 621 1700 βασιλέως
638 1646 705 1687 καὶ
729 1644 954 1697 Εὖδοκίας,
990 1645 1223 1699 λυπουμένη
1253 1644 1358 1687 κατὰ
1376 1646 1579 1700 ,Μαξίμου

107 1718 182 1758 τοῦ
224 1711 426 1771 τυράννου
460 1718 534 1757 τοῦ
562 1711 838 1771 φονεύσαντος
868 1714 941 1757 τὸν
969 1712 1099 1770 ἄνδρα
1133 1713 1263 1768 αὐτῆς
1290 1715 1357 1755 καὶ
1384 1711 1580 1768 βασιλεύ-

107 1799 280 1835 σαντος,
317 1782 600 1839 προετρέψατο
633 1783 679 1825 δὲ
711 1783 939 1838 Ζινζίριχον
969 1781 1041 1825 τὸν
1073 1780 1336 1835 Οὗάνδαλον,
1373 1782 1445 1825 τὸν
1474 1782 1579 1840 ῥῆγα

106 1856 182 1908 τῆς
198 1851 405 1909 Ἀφρικῆς,
434 1852 572 1895 ἐλθεῖν
590 1850 697 1894 κατὰ
716 1852 933 1906 Μαξίμου,
950 1850 1151 1905 βασιλέως
1167 1855 1241 1907 τῆς
1256 1848 1427 1907 Ῥώμης.
1466 1850 1579 1902 ὅστις

198 1962 234 1998 2.
263 1958 406 2010 Μῦρᾳ]
429 1958 476 1996 τοὶ
499 1957 618 2007 Μύρα
641 1965 745 1996 vocat
767 1960 838 2007 ipse
862 1972 898 2007 p.
920 1962 977 1998 36.
1002 1960 1044 1995 C.
1180 1961 1238 1998 21.
1262 1959 1472 2008 λυπουμένη
1496 1943 1578 2008 Ch„

197 2008 431 2055 λυπουμένης
452 2007 521 2043 Ox.
659 2009 717 2044 23.
740 2006 816 2050 „633
840 2007 972 2043 omnino
994 2005 1204 2042 redundat.“
1227 2007 1291 2046 Ch.

105 2100 151 2137 tis
173 2101 358 2136 Praefecto
383 2103 420 2135 et
442 2100 642 2146 Metropolis
661 2101 740 2145 jure
764 2100 906 2145 Myr-ae,
929 2098 1007 2135 urbi
1029 2099 1176 2145 Lyciae=
1208 2098 1268 2134 ubi
1292 2103 1330 2135 et
1353 2099 1501 2135 divinum
1525 2101 1578 2135 est

106 2147 332 2189 Miraculum,
364 2146 453 2192 ignis
476 2153 598 2193 sponte
621 2159 641 2181 e
664 2153 758 2180 terra
782 2146 997 2192 erumpentis.
1043 2146 1137 2181 Idem
1171 2145 1274 2181 etiam
1297 2146 1432 2192 Syriam
1455 2158 1578 2180 secun-

107 2193 185 2228 dam
208 2205 229 2228 a
252 2193 362 2239 prima
383 2193 585 2237 sejungens,
608 2192 644 2227 in
670 2191 883 2227 Provinciam
906 2192 1013 2234 fecit3
1050 2192 1211 2238 Apamiae
1233 2193 1416 2227 Praefecto
1440 2197 1475 2226 et
1493 2193 1576 2236 jure

107 2238 365 2285 Metropolitico
391 2239 566 2274 concessis.
613 2238 767 2273 Ciliciam
804 2244 987 2286 praeterea
1019 2238 1200 2273 secundam
1225 2250 1246 2272 a
1270 2238 1379 2284 prima
1403 2238 1576 2279 dirimens,

107 2284 324 2320 Provinciam
345 2285 452 2327 fecit3
485 2287 570 2320 urbe
593 2286 793 2326 Anazarbo,
826 2284 1083 2330 Metropolitico
1101 2285 1183 2330 jure
1205 2290 1241 2319 et
1266 2285 1447 2319 Praefecto
1472 2283 1582 2317 dona-

109 2335 159 2365 ta.
207 2331 393 2375 Bithyniae
416 2343 555 2377 quoque
578 2337 710 2377 partem
736 2331 946 2372 abscindens,
969 2330 1186 2365 Provinciam
1212 2330 1316 2371 fecit3
1340 2341 1452 2375 quam,
1477 2341 1498 2363 a
1516 2340 1582 2374 pa-

108 2376 180 2411 trui
201 2376 344 2418 nomine,
367 2377 598 2412 Honoriadem
620 2376 828 2423 appellavit:
853 2378 947 2422 cujus
971 2376 1073 2412 etiam
1096 2376 1288 2422 primariam
1311 2377 1441 2417 urbem,
1464 2375 1583 2410 Hera-

110 2421 214 2457 deam
238 2422 339 2458 Ponti
362 2423 547 2458 Praefecto
567 2425 716 2468 jureque
739 2422 998 2468 Metropolitico
1021 2422 1175 2457 donavit.

201 2467 311 2513 Hujus
332 2470 393 2504 sub
417 2469 564 2515 Imperio
582 2469 763 2503 Nestorius
786 2468 924 2503 floruit=
949 2469 1037 2503 Erat
1059 2469 1116 2503 hic
1139 2467 1313 2503 Ecclesiae
1338 2465 1582 2501 constantino-

109 2511 285 2559 politanae
308 2516 471 2560 posthaec
495 2515 706 2561 Episcopus:
732 2514 767 2548 in
791 2527 888 2560 quem
913 2516 1167 2550 concionantem
1191 2525 1264 2548 cum
1287 2513 1448 2547 tumultus
1471 2523 1493 2546 a
1516 2523 1582 2558 po-

110 2559 195 2606 pulo
218 2558 406 2603 cierentur,
434 2562 626 2607 Imperator
651 2560 854 2606 Ephesinam
878 2567 999 2595 contra
1022 2572 1095 2595 eum
1120 2561 1294 2606 Synodum
1318 2569 1406 2592 ccxc
1431 2557 1581 2604 Episco-

137 2615 231 2638 orum
262 2616 449 2641 convocare
480 2613 618 2642 coactus
649 2612 719 2647 est,
762 2618 905 2652 eumque
935 2606 1147 2652 Episcopatu
1179 2605 1376 2640 deturbare.
1434 2603 1578 2651 Synodo

137 2650 193 2685 uic
242 2651 368 2686 raefuit
390 2652 549 2697 Cyrillus,
574 2652 800 2688 Alexandriae
822 2664 966 2698 magnae
990 2653 1020 2686 E
1046 2652 1189 2697 iscnpus,

234 2695 308 2730 irca
336 2697 373 2731 id
402 2702 532 2744 tempus
566 2699 726 2734 Eudoxia
760 2700 933 2744 Augusta,
971 2699 1025 2733 Va
1038 2696 1201 2732 entiniani
1233 2695 1339 2741 Regis
1369 2694 1504 2739 Vidua,
1540 2698 1579 2731 et

110 2741 301 2776 Theodosii
324 2742 542 2788 Imperatoris
565 2757 608 2779 ex
632 2745 785 2780 Eudocia
807 2745 890 2787 filia,
917 2745 1044 2779 Romae
1068 2743 1194 2796 degens
1217 2749 1344 2777 moesta
1368 2746 1404 2776 et
1426 2742 1577 2777 Maximo

109 2789 296 2834 Tyranno,
321 2788 364 2822 ob
389 2790 542 2835 conjugis
564 2790 614 2825 sui
637 2791 796 2833 caedem,
819 2791 970 2832 infensa,
995 2789 1228 2823 Zinzerlclium
1252 2788 1460 2832 Vandalum,
1483 2788 1578 2823 Afri-

110 2845 173 2869 cae
193 2845 328 2881 regem,
352 2833 514 2871 adversus
534 2836 739 2880 Maximum,
763 2837 893 2872 Romae
915 2837 1156 2881 imperantem,
1180 2833 1357 2871 incitavitz
1390 2835 1454 2882 qui
1475 2834 1578 2870 dere-
