1838 3230
470 145 1105 193 CHRONOGRAPHIA.
1157 146 1212 211 ³12.
1243 146 1296 191 v.
1521 152 1619 198 117

144 264 338 326 φῶτατος
371 267 556 326 Σίσυφος
593 265 615 310 ὃ
642 269 768 326 Κῷος
802 266 979 317 ἐξέθετο.
1053 264 1075 310 ὅ
1115 265 1194 323 γὰρ
1226 265 1359 324 σοφὸς
1389 264 1617 324 Εὐριπίδης

144 339 286 394 δρᾶμα
315 337 479 388 ἐξέθετο
510 338 600 393 περὶ
632 339 708 380 τοῦ
738 333 970 386 Κύκλωπος
994 333 1056 379 ὅτι
1079 342 1187 392 τρεῖς
1211 333 1312 390 εἶχεν
1338 334 1605 393 ὀφθαλμούς,
1630 344 1664 379 Ε

143 405 474 461 σημαίνωνητοῦς
491 412 598 462 τρεῖς
617 402 822 461 ἀδελφούς
829 437 843 457 ,
883 402 940 454 ὡς
961 408 1289 459 συμπαθοῦντας
1316 402 1511 460 ἀλλήλοις
1544 407 1614 448 καὶ

143 474 490 531 διαβλεπομένους
515 473 614 524 τοὺς
631 471 819 529 ἀλλήλων
838 471 992 524 τόπους
1009 477 1085 529 τῆς
1104 471 1232 529 νήσου
1255 474 1322 516 καὶ
1344 478 1612 529 συμμαχοῦν-

108 552 220 593 5τας
251 544 320 586 καὶ
352 543 612 593 ἕκδικοῦντας
639 540 845 598 ἀλλήλους
851 574 866 596 ,
903 543 970 585 καὶ
1003 540 1065 586 ὅτι
1094 541 1191 602 οἴνῳ
1216 539 1407 596 μεθύσας
1425 541 1496 585 τὸν
1518 541 1611 586 Κύ-

140 615 286 655 κλωπα
302 612 488 670 ἐκφυγεῖν
506 608 713 668 ἠδυνήθη,
751 608 855 654 διότι
870 608 1056 668 χρήμασι
1075 614 1243 661 πολλοῖς
1262 612 1330 654 καὶ
1349 608 1498 668 δώροις
1517 611 1612 665 ἐμέ-

138 683 248 724 θυσε
277 680 350 724 τὸν
381 679 510 724 αὐτὸν
537 678 748 724 Κύκλωπα
776 678 798 723 ὃ
824 679 1048 730 Ὀδυσσεὺς
1083 679 1186 736 πρὸς
1216 679 1264 722 τὸ
1290 679 1350 735 μὴ
1379 681 1611 723 κατεσθίειν

138 748 238 801 τοὺς
266 748 354 804 μετ’
387 748 516 793 αὐτοῦ
527 782 540 802 ,
577 750 645 792 καὶ
663 747 725 792 ὅτι
743 748 885 803 λαβὼν
909 748 1133 798 Ὀδυσσεὺς
1150 746 1350 802 λαμπάδα
1368 748 1498 805 πυρὸς
1516 747 1611 792 ἐτύ-

139 820 279 875 φλωσε
306 817 379 862 τὸν
410 817 634 875 ὀφθαλμὸν
663 817 792 861 αὐτοῦ
822 817 896 860 τὸν
930 817 1023 870 ἕνα,
1060 814 1164 861 διότι
1190 816 1267 871 τὴν
1294 817 1507 874 θυγατέρα
1530 816 1606 873 τὴν
1630 829 1660 863 V
1683 826 1728 864 49

83 890 338 943 ιομονογενῆ
371 891 447 930 τοῦ
484 887 665 944 ἀδελφοῦ
701 886 830 929 αὐτοῦ
862 883 1360 944 Πολυφήμου,”Ἐλπην,
1397 886 1610 942 παρθένον

137 950 281 1016 οὖσαν,
319 953 504 1010 λαμπάδι
522 955 652 1011 πυρὸς
673 956 866 1011 ἐρωτικοῦ
884 959 1126 1008 καυθεΐσαν,
1155 952 1329 1010 ἥρπασε,
1365 954 1475 997 τοῦτ’
1499 956 1607 997 ἐστὶν
1631 965 1664 1000 O
1692 963 1758 1001 149

137 1022 207 1067 ’ἕνα
225 1028 309 1068 τῶν
329 1023 564 1081 ὀφθαλμῶν
583 1028 656 1067 τοῦ
675 1022 903 1074 Κύκλωπος
919 1021 1119 1081 ἔφλόγισε,
1147 1023 1219 1066 τὸν
1232 1019 1507 1079 Πολύφημον,
1532 1023 1607 1079 τὴν

136 1091 267 1135 αὐτοῦ
309 1093 523 1151 θυγατέρα
568 1091 828 1151 ἀφελόμενος.
898 1090 1042 1148 ἥντινα
1073 1090 1288 1148 ἑρμηνείαν
1313 1088 1334 1133 ὅ
1361 1089 1608 1147 σοφώτατος

139 1161 308 1212 Φειδίας
341 1159 364 1205 ὅ
398 1163 628 1218 Κορίνθιος
657 1161 843 1215 ἐξέθετο,
879 1160 1049 1217 εἷρηκώς
1076 1159 1138 1203 ὅτι
1168 1157 1190 1203 ὃ
1218 1158 1350 1216 σοφὸς
1380 1159 1606 1217 Εὐριπίδης

79 1238 126 1275 15
136 1235 355 1286 ποιητικῶς
400 1228 537 1274 πάντα
573 1230 826 1287 μετέφρασε,
870 1229 930 1285 μὴ
969 1225 1253 1286 συμφωνήσας
1284 1231 1343 1287 τῷ
1371 1226 1605 1289 σοφωτάτῳ

128 1295 297 1357 Ὁμήρῳ
321 1299 524 1358 ἓκθεμένῳ
545 1299 619 1355 τὴν
634 1298 866 1348 Ὀδυσσέως
886 1296 1056 1354 πλάνην.

230 1365 281 1411 ‘O
303 1368 349 1411 δὲ
369 1367 593 1418 Ὀδυσσεὺς
609 1367 691 1411 ἀπὸ
709 1371 783 1422 τῆς
804 1368 989 1417 Σικελίας
1005 1362 1137 1422 ἦλθεν
1156 1367 1214 1416 εἷς
1233 1364 1308 1416 τὰς
1334 1364 1506 1415 Αἶολίας
1525 1361 1600 1421 νή-

132 1449 256 1486 σους·
299 1437 367 1479 καὶ
398 1434 597 1492 ἐδεξιώθη
626 1436 741 1493 παρὰ
771 1440 845 1479 τοῦ
873 1434 1034 1481 Αἰόλου
1044 1469 1057 1490 ,
1105 1434 1308 1490 βασιλέως
1336 1438 1420 1477 τῶν
1446 1431 1596 1490 νήσων.

133 1503 248 1555 ὅστις
274 1505 435 1560 μεἊλων
462 1509 653 1548 τελευτᾶν
688 1504 854 1559 διένειμε
873 1505 947 1555 τὰς
969 1503 1042 1548 δύο
1065 1502 1215 1560 νήσους
1233 1509 1324 1553 ταῖς
1341 1500 1599 1559 θυγατράσιν

75 1573 264 1618 madro&
275 1607 290 1627 ,
326 1575 394 1617 καὶ
422 1569 529 1630 ἦσαν
550 1575 758 1629 βασιλίδες
777 1578 862 1617 τῶν
882 1572 955 1617 δύο
977 1571 1125 1629 νήσων.
1196 1570 1222 1628 ἦ
1243 1573 1287 1615 δὲ
1306 1572 1442 1627 Κίρκη
1461 1568 1596 1627 ὖπῆρ-
1620 1581 1650 1615 Β

128 1659 201 1698 χεν
219 1642 340 1699 ἱέρεια
353 1640 511 1696 Ἡλίου,
537 1645 710 1686 δοθεῖσα
727 1640 807 1685 ὕπὸ
825 1647 898 1686 τοῦ
916 1644 1021 1685 ἰδίου
1041 1641 1198 1698 πατρὸς
1214 1641 1256 1683 ἐκ
1277 1637 1476 1694 νηπιόθεν
1494 1639 1598 1681 ἀνα-

131 1715 341 1769 τραφῆναι
362 1712 417 1761 εἲς
438 1701 493 1755 ‘ni⁴
508 1711 614 1769 ἱερὸν
635 1712 677 1754 ἓν
695 1714 747 1768 τῇ
769 1709 881 1771 νήσῳ
910 1715 961 1768 τῇ
994 1710 1185 1768 λεγομένῃ
1206 1710 1340 1769 Αἷαίᾳ
1353 1722 1362 1731 ·
1399 1705 1490 1763 ἥτις
1520 1707 1598 1750 αὖ-

222 1844 256 1878 4.
288 1840 601 1890 διαβλεπομένους
623 1841 709 1884 Ch„
733 1839 1027 1887 διαβλεπομένωυ
1051 1841 1118 1876 ΟΧ.
1212 1841 1267 1878 11.
1288 1838 1482 1887 λαμπάδι]
1504 1840 1595 1886 λαμ-

222 1886 328 1926 πάδα
351 1890 418 1925 Ox.
512 1891 567 1927 18.
602 1887 746 1942 Αἰώλου
771 1889 839 1923 Ox.
929 1888 988 1924 22.
1019 1884 1103 1936 Ἐέᾳ
1126 1887 1196 1924 Ox.

129 2015 201 2040 mus
221 2003 390 2052 Sisyphus
413 2005 505 2040 cous
528 2004 658 2051 scripta
680 2003 829 2050 reliquit.
875 2003 1020 2050 Sapiens
1044 2002 1130 2039 enim
1154 2002 1361 2049 Euripides,
1389 2002 1425 2037 in
1448 2001 1593 2037 Drama-

130 2055 167 2086 te
188 2063 247 2086 suo
271 2052 316 2087 de
339 2051 516 2099 Cyclope,
548 2051 740 2093 fabulatur,
772 2056 844 2086 tres
867 2062 940 2085 eum
975 2051 1091 2085 oculos
1114 2050 1287 2084 habuisse:
1323 2061 1445 2094 nempe
1467 2048 1517 2083 sic
1539 2048 1592 2081 in-

129 2108 236 2132 nuens
258 2097 354 2133 nobis
389 2103 460 2133 tres
483 2099 611 2132 fratres
644 2097 739 2139 illos;
784 2097 843 2142 qui
865 2096 917 2131 sui
941 2107 1054 2131 curam
1084 2095 1228 2130 invicem
1252 2096 1434 2137 habentes,
1469 2093 1592 2138 singuli

54 2144 65 2151 ”
129 2154 219 2189 quae
241 2143 383 2179 omnium
407 2148 497 2179 esset
518 2143 555 2178 in
578 2143 687 2178 insula
718 2142 976 2190 prospexerint,
1011 2142 1216 2187 singulorum
1240 2153 1353 2176 omnes
1375 2141 1430 2175 vel
1453 2140 1487 2174 in
1510 2151 1593 2185 sup-

127 2188 261 2234 petias,
297 2190 354 2226 vel
375 2189 561 2225 vindictam
584 2189 800 2236 paratissimi.
855 2189 1046 2223 Fabulatur
1068 2188 1180 2231 idem,
1217 2187 1382 2229 Ulissem,
1418 2185 1590 2220 inebriato

127 2234 304 2282 Cyclope,
339 2236 388 2271 sic
412 2248 432 2271 e
454 2236 609 2271 manibus
631 2237 706 2281 ejus
729 2234 894 2270 evasisset
931 2246 1053 2281 nempe
1074 2233 1263 2268 inebriavit
1286 2244 1360 2267 eum
1384 2232 1512 2266 Ulisses
1534 2230 1589 2265 in-

127 2280 223 2325 genti
255 2282 472 2328 pecuniarum
496 2282 648 2329 pondere
671 2282 855 2327 donisque,
890 2292 934 2315 ne
965 2293 1003 2316 se
1037 2280 1214 2325 sociosque
1249 2280 1447 2313 absumeret.
1494 2276 1589 2311 Idem

127 2330 228 2361 autor
250 2333 323 2370 est,
345 2328 491 2363 Ulissem
513 2328 629 2374 stipite
652 2332 811 2374 praeusto
835 2327 968 2362 oculum
991 2327 1124 2362 unicum
1147 2325 1293 2371 Cyclopi
1316 2323 1462 2358 eruisse:
1495 2333 1590 2356 nem-

126 2373 290 2452 fflquod
312 2374 429 2409 fratris
454 2374 653 2421 Polyphemi
677 2374 780 2408 filiam
802 2372 990 2418 virginem,
1026 2384 1125 2419 quam
1152 2371 1282 2406 unicam
1305 2370 1444 2411 habuit,
1479 2367 1588 2413 Cupi-

151 2417 161 2427 “
187 2429 236 2452 eis
259 2431 433 2455 accensam
455 2420 608 2462 flammis,
633 2419 838 2466 abripuerit:
862 2420 906 2454 ob
930 2420 1018 2453 hanc
1037 2430 1183 2461 causam,
1206 2428 1307 2451 unum
1323 2413 1468 2460 Cyclopi
1492 2414 1589 2458 (Po-

126 2462 287 2510 lyphemo
310 2466 486 2511 scilicet,)
511 2478 553 2501 ex
578 2466 682 2501 oculis
705 2465 886 2501 extinxisse
909 2465 1055 2507 dicitur,
1079 2464 1131 2499 uti
1153 2465 1238 2498 haec
1261 2460 1434 2497 enarravit
1456 2460 1592 2505 sapien-

127 2509 270 2546 tissimus
302 2511 442 2547 Phidias
473 2512 691 2547 Corinthius:
737 2511 795 2558 qui
826 2523 959 2558 semper
981 2511 1082 2545 etiam
1112 2510 1230 2550 addit,
1272 2506 1471 2552 Euripidem
1503 2507 1589 2560 haec

129 2555 242 2590 omnia
263 2558 407 2594 PoEtice
430 2558 631 2600 tradidisse,
666 2569 730 2593 nec
754 2557 871 2593 eadem
893 2558 937 2592 de
960 2557 1079 2592 Ulissis
1103 2555 1294 2595 erroribus,
1318 2563 1359 2587 ac
1383 2551 1589 2597 sapientiss-

127 2611 200 2635 mus
221 2602 406 2647 Homerus,
437 2604 657 2650 perhibuisse.

220 2647 348 2684 Ulisses
369 2661 472 2692 vero,
498 2662 519 2685 a
542 2649 661 2685 Sicilia
684 2649 838 2691 solvens,
862 2648 905 2684 ad
931 2649 1064 2684 Aeolias
1087 2645 1245 2694 pervenit
1267 2643 1412 2679 insulan
1446 2654 1587 2688 quarum

128 2691 223 2735 Rex,
259 2694 399 2738 Aeolus,
434 2696 494 2731 hos
519 2695 581 2731 itio
615 2707 690 2731 eum
719 2707 802 2730 exce
828 2695 868 2730 it.
914 2695 981 2730 Hic
1012 2706 1094 2729 vero
1125 2691 1324 2732 moriturus,
1357 2689 1481 2724 insulas
1512 2688 1586 2724 illas

127 2739 212 2774 duas
234 2738 366 2774 filiabus
389 2741 456 2775 suis
478 2741 670 2784 distribuit,
695 2753 783 2786 quae
833 2740 955 2786 eginae
977 2741 1040 2776 illis
1056 2737 1313 2784 imperitabant.
1359 2735 1449 2770 Erat
1472 2738 1585 2770 autem

126 2784 229 2819 Circe
261 2785 341 2820 solis
363 2787 539 2829 sacerdos;
573 2799 672 2833 quam
693 2792 794 2832 pater
816 2787 939 2821 Aeolus
963 2798 984 2821 a
1006 2785 1131 2820 teneris
1164 2783 1258 2817 annis
1280 2781 1354 2816 Deo
1374 2786 1583 2822 sacraverat,

124 2830 160 2866 in
185 2831 310 2878 templo
334 2833 428 2876 ejus,
451 2833 495 2867 ad
518 2833 624 2868 Eeam
647 2833 736 2879 quod
761 2837 836 2869 erat
858 2832 1018 2874 insulam,
1042 2829 1293 2867 enutriendam
1317 2828 1373 2863 ubi
1389 2827 1582 2863 adolescen-
