1838 3230
450 176 1068 223 CHRONOGRAPHIA.
1120 174 1174 219 L.
1201 174 1256 218 X.
1486 177 1587 227 253

113 301 186 346 τὸν
206 300 335 346 αῧτδν
356 300 538 356 Σίμωνα.
611 296 633 343 ὅ
654 298 700 342 δὲ
717 296 881 354 Πέτρος
900 295 1091 354 ἑωρακώς
1110 295 1183 340 τὸν
1202 292 1305 339 κύνα
1329 293 1439 339 οὕτω
1458 294 1584 352 μέγαν

114 374 182 415 καὶ
212 368 417 428 φοβερόν,
454 371 522 412 καὶ
546 367 700 424 μαθὼν
728 366 842 422 παρὰ
870 370 951 409 τῶν
981 363 1211 422 ἑστηκότων
1240 364 1317 417 ἔξω
1347 369 1421 408 τοῦ
1453 363 1582 408 αὖτοῦ
1605 369 1635 403 Β

113 444 301 490 πυλῶνος
323 438 386 483 ὅτι
408 441 443 481 εἴ
460 437 519 493 μὴ
543 434 715 480 κελεύσει
736 433 757 478 ὃ
778 436 918 490 Σιῇιιων
942 439 1000 492 τῷ
1029 436 1139 487 κυνί,
1178 434 1226 478 ού
1249 431 1486 491 συγχωρεῖὅ
1509 433 1587 477 αὗ-

114 508 188 559 τός
213 506 322 552 κύων
347 507 438 550 τινὰ
467 507 678 558 ἀνελθεῖν,
715 504 801 547 ἀλλ’
837 502 1103 560 ἐπερχόμενος
1130 501 1287 560 φονεύει
1315 503 1387 546 τὸν
1409 501 1586 558 πλησιά-

81 585 102 620 5
115 579 236 630 ζοντα
269 577 381 635 αὐτῷ
395 590 406 600 ·
443 573 652 633 κρατήσας
684 569 757 617 οὖν
777 571 798 616 ὃ
819 574 984 630 Πέτρος
1004 573 1078 629 τὴν
1096 572 1239 615 ἅλυσιν
1257 577 1331 615 τοῦ
1350 571 1470 622 κυνὸς
1491 571 1584 614 ἔλυ-

113 660 182 689 σεν
204 645 341 689 αὐτὸν
375 647 443 688 καὶ
471 643 577 687 εἶπεν
606 643 741 701 αὐτῷ,
770 642 938 685 ’Άνελθε
959 642 1063 698 πρὸς
1086 643 1255 696 §aalma
1278 643 1344 684 καὶ
1367 642 1451 684 εἰπὲ
1470 640 1584 700 αὐτῷ

113 715 355 772 ἀνθρωπίνῃ
375 718 515 772 φωνῇ,
552 713 714 769 Πέτρος
733 710 754 754 ὃ
780 714 928 761 δοῦλος
954 715 1026 754 τοῦ
1049 715 1152 754 θεοῦ
1172 715 1244 754 τοῦ
1263 709 1444 765 ὖψίστου
1465 709 1584 752 ἀνελ-

111 788 206 827 θεῖν
225 785 351 827 θέλει.
424 781 446 826 ὃ
468 784 512 825 δὲ
534 782 659 831 αὐτὸς
679 779 786 823 κύων
806 780 987 835 ἀνῆλθεν
1005 779 1159 830 εὐθέως
1180 781 1388 836 δρομαίως
1404 793 1414 803 ·
1450 780 1517 821 καὶ
1540 779 1583 821 ἐν

111 857 171 910 τῷ
202 853 352 895 ἐκεῖνον
380 850 584 895 διδάσκειν
624 850 716 893 τινὰ
743 850 896 905 μαγικὰ
933 847 1183 904 πλανήματα
1217 849 1313 904 ἵστη
1351 850 1393 891 ἐν
1418 848 1530 906 μέσῳ
1559 845 1582 890 ὅ

57 920 219 965 Ιοκύων
249 923 317 964 καὶ
348 921 589 978 ἀνθρωπίνῃ
620 924 737 977 φωνῇ
766 919 866 975 λέγει
895 922 953 977 τῷ
986 919 1167 972 Σίμωνι,
1203 918 1367 974 Πέτρος
1389 914 1410 960 ὅ
1435 918 1583 966 δοῦλος

110 994 186 1034 τοῦ
205 995 310 1034 θεοῦ
328 994 403 1033 τοῦ
430 988 611 1044 ὑψίστου
632 988 816 1031 ἀνελθεῖν
843 987 954 1030 θέλει
983 985 1086 1043 πρός
1108 1005 1165 1030 σε.
1237 987 1274 1030 οἳ
1304 987 1349 1029 δὲ
1378 983 1584 1028 ἀκούσαν-

110 1076 178 1109 τες
200 1064 275 1102 τοῦ
295 1059 414 1109 κυνὸς
434 1063 658 1107 λαλοῦντος
679 1058 920 1114 ἀνθρωπίνῃ
942 1060 1058 1113 φωνῇ
1071 1089 1082 1108 ,
1118 1053 1366 1110 ἐθαύμασαν
1383 1054 1579 1111 λέγοντες,
1605 1066 1639 1100 0
1663 1067 1730 1104 327

113 1130 190 1178 Τίς
207 1129 290 1171 ἐστι
311 1128 473 1183 Πέτρος
492 1127 518 1183 ἢ
538 1125 564 1183 ἡ
589 1125 760 1182 δύναμις
778 1125 906 1169 αὐτοῦ
924 1126 1089 1181 Πέτρου
1110 1119 1158 1168 οὗ
1179 1123 1285 1168 εἶπεν
1309 1123 1330 1168 ὃ
1354 1122 1486 1177 κύων,
1516 1122 1578 1166 ὅτι
1602 1136 1633 1171 c

111 1197 272 1252 ἐποίησε
293 1197 364 1240 τὸν
382 1195 482 1239 κύνα
504 1197 760 1252 ἀνθρωπιστὶ
782 1198 957 1249 λαλῆσαι
973 1196 1040 1237 καὶ
1059 1198 1224 1250 ποιῆσαι
1246 1194 1359 1253 αὐτῷ
1377 1194 1452 1249 τὴν
1474 1191 1583 1236 ἀπό-

56 1272 98 1306 15
109 1282 252 1322 κρισιν.
324 1266 390 1308 καὶ
422 1266 523 1322 λέγει
543 1263 564 1308 ὃ
587 1267 727 1320 Σᾲιων
755 1270 841 1313 τοῖς
860 1261 1008 1307 ἑστῶσι
1030 1265 1096 1305 καὶ
1117 1261 1378 1318 θαυμάζουσι
1399 1262 1471 1306 τὸν
1490 1262 1580 1305 Πέ-

108 1351 208 1391 τρον
241 1341 330 1384 τοῖς
359 1332 618 1392 ἀνθρώποις,
660 1337 796 1376 Τοῦτο
825 1330 934 1387 ὖμᾶς
967 1332 1026 1388 μὴ
1063 1334 1220 1390 ξενίσῃ·
1257 1332 1347 1375 ῗὸοὐ
1371 1332 1449 1388 γὰρ
1467 1331 1575 1388 κάγιῖ

107 1403 210 1459 λέγω
241 1403 355 1462 αὐτῷ
386 1407 445 1462 τῷ
477 1404 564 1446 κυνὶ
594 1407 644 1460 τῇ
675 1402 781 1459 αὐτῇ
815 1401 1059 1459 ἀνθρωπίνῃ
1088 1406 1206 1460 φωνῇ
1232 1399 1448 1459 ἀπόκρισιν
1464 1400 1578 1459 abug·

107 1473 350 1528 κατενέγκαι.
421 1474 489 1515 καὶ
519 1472 618 1528 λέγει
652 1469 674 1515 ὅ
709 1474 849 1525 Etiam
878 1475 937 1530 τῷ
966 1472 1076 1523 κυνί,
1115 1469 1281 1514 Κελεύω
1301 1487 1364 1513 σοι
1383 1470 1579 1513 ἀπελθεῖν

1215 1538 1228 1553 t

107 1543 175 1584 καὶ
193 1543 314 1584 εἷπεῖν
330 1545 388 1600 τῷ
406 1542 556 1600 Πέτρῳ
592 1541 834 1597 ἀνθρωπίνῃ
865 1544 983 1597 φωνῇ
1003 1538 1066 1582 ὅτι
1085 1537 1190 1582 εἶπεν
1208 1559 1229 1583 ο
1248 1541 1410 1594 Σίμων,
1439 1538 1579 1582 ’Ἀνελ-

51 1613 174 1654 Ξοθε.
245 1612 312 1653 καὶ
343 1609 500 1665 ἀνῆλθε
529 1610 631 1667 πρὸς
660 1609 730 1652 τὸν
753 1611 921 1664 Σίμωνα
950 1607 971 1652 ὃ
990 1609 1155 1665 Πέτρος
1175 1610 1241 1651 καὶ
1261 1609 1456 1662 συνέβαλε
1475 1607 1579 1661 μετὰ

108 1679 297 1734 Σίμωνος
314 1678 389 1722 τοῦ
409 1680 657 1734 Αἰγυπτίου,
683 1683 810 1721 ποιῶν
834 1679 900 1720 καὶ
921 1677 1046 1727 αὐτὸς
1063 1676 1305 1732 θαυμάσια·
1339 1678 1406 1720 καὶ
1423 1677 1578 1731 ε’νίκησε

107 1747 180 1790 τὸν
199 1749 367 1801 Σίμωνα
390 1747 462 1790 τὸν
484 1745 615 1803 μάγον
635 1752 762 1790 ποιῶν
786 1745 925 1797 ἰάσεις.
996 1748 1065 1789 καὶ
1085 1747 1326 1790 ἐπίστευσαν
1346 1749 1405 1806 τῷ
1427 1745 1577 1804 Πέτρῳ

106 1818 249 1860 πολλοὶ
269 1817 338 1859 καὶ
357 1817 663 1874 ἐφωτίσθησαν.

199 1915 232 1950 6.
258 1911 337 1950 εἶπε
360 1925 424 1960 pro
449 1911 527 1950 εἰπὲ
551 1913 619 1948 Ox.
713 1915 746 1950 8.
772 1912 959 1960 δρομαίως
980 1913 1067 1956 Ch„
1089 1911 1253 1959 δρομέως
1274 1912 1342 1948 Ox.
1436 1913 1491 1948 11.
1516 1910 1573 1955 οἱ]

200 1956 221 1996 ὁ
246 1960 315 1994 Ox.
409 1963 464 1997 16.
488 1964 568 2002 τοῖς
590 1959 716 1995 rectius
740 1961 847 1996 abest.

106 2039 248 2085 Magum
281 2039 508 2084 adeuntibus,
547 2039 750 2075 Miraculum
781 2040 930 2075 antehac
960 2040 1163 2075 habebatur.
1223 2038 1405 2073 Caeterum
1436 2038 1573 2081 Petrus,

106 2086 180 2121 viso
205 2086 300 2120 Cane
322 2086 381 2122 illo
405 2086 614 2132 praegrandi
638 2092 673 2121 et
697 2087 864 2128 efferat03
896 2086 1124 2133 praemonitus
1146 2085 1250 2120 etiam
1273 2085 1317 2120 ab
1342 2085 1406 2127 eis,
1430 2085 1489 2130 qui
1513 2096 1574 2120 ex-

105 2135 162 2167 tra
184 2132 277 2166 fores
301 2133 495 2176 adstabant,
518 2145 587 2168 non
611 2145 708 2178 posse
730 2133 822 2167 illum
845 2132 1007 2174 introire3
1030 2138 1070 2167 ut
1092 2135 1175 2178 pote
1199 2131 1235 2165 in
1258 2143 1356 2177 quem
1382 2131 1485 2173 canis,
1510 2130 1574 2165 nisi

106 2178 312 2213 contrarium
336 2179 369 2214 ei
388 2180 505 2215 Simon
529 2179 759 2225 significaret,
791 2191 884 2214 more
906 2190 964 2214 suo
988 2179 1142 2219 irruem,
1172 2177 1329 2223 protinus
1353 2178 1573 2218 dilaceraret,

104 2223 276 2270 intrepide
299 2225 466 2268 accessit3
503 2226 686 2271 solutaque
709 2230 852 2267 catena,
891 2226 1018 2260 Canem
1041 2223 1175 2270 ingredi
1204 2224 1247 2258 ad
1271 2224 1439 2258 Simonem
1459 2222 1572 2267 jussit,

105 2270 206 2351 simle
229 2270 374 2306 humana
396 2283 483 2307 voce
505 2272 719 2318 significare,
752 2298 777 2315 ,,
787 2272 944 2314 Petrum,
978 2283 1108 2305 servum
1131 2269 1199 2305 Dei
1221 2269 1390 2311 altissimi,
1427 2269 1572 2302 introire

173 2318 229 2352 e.“
275 2317 378 2353 Canis
400 2318 532 2353 adhaec
555 2330 704 2364 propere
726 2329 926 2360 accurrens,
956 2317 1126 2352 Simonem
1150 2316 1193 2351 de
1214 2316 1409 2362 praestigiis
1433 2315 1572 2360 quibus-

107 2363 184 2397 dam
206 2362 355 2408 Magicis
384 2364 603 2399 disserentem
627 2376 740 2399 coram
765 2363 916 2399 omnibus
947 2363 1091 2398 humana
1113 2374 1199 2397 voce
1223 2362 1426 2408 alloquitur,
1463 2360 1496 2395 ei
1518 2360 1573 2394 di-

108 2419 204 2443 oenn
239 2409 398 2451 „Petrus
428 2422 547 2446 servus
571 2411 637 2445 Dei
663 2410 822 2445 Altissimi
844 2415 882 2445 te
910 2414 1112 2445 conventum
1144 2408 1255 2446 vult.“
1302 2407 1487 2442 Audientes
1510 2417 1573 2440 au-

106 2457 175 2489 tem
206 2454 264 2500 qui
294 2455 461 2499 aderant,
507 2457 634 2492 Canem
665 2458 809 2492 humana
838 2468 923 2491 voce
953 2456 1167 2501 loquentem,
1215 2453 1352 2489 attoniti
1393 2453 1571 2487 dixerunt:

108 2499 268 2541 Quisnam
289 2502 412 2537 Petrus
435 2502 527 2538 iste?
565 2508 626 2538 aut
649 2503 757 2549 qualis
779 2502 878 2538 Petri
901 2503 1020 2547 hujus,
1046 2502 1090 2536 de
1114 2513 1180 2547 quo
1206 2500 1299 2535 canis
1323 2498 1495 2543 loquitur,
1519 2498 1571 2533 vis

106 2549 218 2588 tanta,
240 2558 328 2592 quae
345 2548 485 2584 efficere
501 2549 626 2595 potuit,
650 2554 690 2584 ut
709 2548 814 2584 Canis
835 2550 981 2584 humana
1003 2559 1090 2582 voce
1113 2548 1243 2582 locutus
1266 2545 1422 2579 nuncium
1445 2544 1477 2579 ei
1501 2545 1573 2579 fer-

107 2591 189 2626 ret?
211 2591 436 2638 Stupentibus
460 2601 572 2630 autem
597 2596 641 2631 ad
665 2595 722 2638 id,
747 2594 836 2641 quod
860 2607 881 2630 a
904 2596 1011 2630 Petro
1034 2595 1162 2629 factum
1185 2593 1299 2626 fuerat
1322 2590 1494 2633 omnibus,
1517 2590 1571 2625 di-

107 2637 159 2671 xit
181 2637 315 2681 Simon,
352 2652 429 2683 „ne
451 2642 517 2676 hoc
547 2654 608 2677 vos
635 2642 722 2677 adeo
744 2641 869 2676 reddat
899 2641 1081 2676 attonitos:
1119 2650 1198 2673 ecce
1224 2637 1311 2671 enim
1345 2648 1409 2680 ego
1434 2647 1573 2682 quoqne

107 2683 275 2726 efficiam,
310 2688 349 2720 ut
371 2686 472 2722 Canis
494 2689 640 2723 humana
663 2700 749 2723 voce
771 2698 967 2733 responsum
992 2687 1097 2721 Petro
1120 2684 1290 2719 referat.“
1334 2681 1422 2717 Cani
1444 2682 1567 2717 deinde

105 2729 194 2764 dixit
209 2729 344 2765 Simom
375 2733 517 2774 „Jubeo
537 2740 576 2769 ut
594 2746 745 2779 egressus
763 2734 868 2768 Petro
885 2745 971 2768 voce
986 2733 1132 2766 humana
1149 2729 1241 2763 dicas
1252 2755 1263 2772 ,
1293 2728 1462 2763 Simonem
1477 2728 1568 2764 velle

106 2787 181 2811 eum
199 2776 371 2820 ingredi.“
415 2778 538 2814 Petrus
551 2779 656 2825 igitur
675 2780 839 2822 intravit3
865 2783 900 2814 et
919 2790 993 2814 cum
1011 2778 1148 2811 Simone
1167 2775 1339 2822 Aegyptio
1356 2786 1568 2820 congressus,

105 2822 270 2857 miracula
292 2825 328 2857 et
349 2822 422 2869 ipse
445 2825 572 2867 edidit,
603 2827 805 2870 morbosque
827 2825 980 2866 sanavit,
1002 2823 1172 2857 Simonem
1196 2823 1334 2867 Magum
1357 2821 1394 2856 in
1415 2821 1566 2856 omnibus

106 2879 277 2915 superans.
325 2868 429 2905 Unde
450 2871 555 2906 Petro
577 2872 709 2918 plurimi
731 2871 833 2907 fidem
853 2872 1046 2907 habuerunt
1069 2873 1104 2904 et
1127 2869 1171 2904 ab
1194 2880 1235 2904 eo
1257 2866 1426 2915 baptizati
1448 2871 1537 2902 sunt.
