1838 3230
272 196 368 245 146
616 205 620 210 ·
666 189 955 235 IOANNIS
984 190 1322 266 MALALAE

269 315 348 356 ποῦ
367 311 473 354 ἔστιν
491 308 512 354 ὅ
529 309 628 360 θεὸς
646 308 976 367 Σεπφαρωθείμς
1008 307 1066 365 μὴ
1084 306 1273 365 ἠδυνήθη
1291 306 1502 367 Σαμάρεια
1519 307 1726 367 §vamme

269 381 312 423 ἐκ
332 384 405 434 τῆς
426 376 558 434 χειρός
579 395 684 433 μους
721 378 782 428 τίς
802 381 886 420 τῶν
903 381 1012 420 θεῶν
1035 376 1200 421 πάντων
1221 382 1302 420 τῶν
1323 379 1458 422 ἐθνῶν
1481 376 1637 422 τούτων
1657 379 1725 437 343—

268 445 421 506 ῥύσατο
444 447 517 501 τὴν
537 445 683 489 ἑαυτοῦ
701 449 773 501 γῆν
795 446 838 487 ἐκ
856 449 929 500 τῆς
943 443 1077 502 χειρός
1094 463 1201 500 μου,
1240 444 1303 489 ὅτι
1327 447 1450 502 λέγει,
1478 443 1666 490 Ῥύσεταί
1679 463 1725 490 σε

269 514 406 572 κύριος
427 513 448 556 ὃ
470 513 568 563 θεὸς
586 513 750 570 Ἰσραὴλ
773 513 816 556 ἐκ
834 511 969 570 χειρός
990 531 1096 568 μους

367 584 453 626 Καὶ
481 579 713 636 ἐσιώπησαν
746 582 812 624 καὶ
840 581 970 631 οὐδεὶς
997 581 1200 638 ἀπεκρίθη
1232 579 1343 640 αὖτῷ
1378 581 1446 624 διὰ
1473 580 1522 623 τό
1542 577 1756 638 προσώ-5

267 653 333 700 ξαι
360 650 432 692 τὸν
456 649 627 703 βασιλέα
649 649 806 704 μηδένα
825 648 1098 705 ἀποκριθῆναι
1117 650 1242 707 αὐτῷ.
1301 651 1366 691 καὶ
1388 652 1576 704 εἷσῆλθεν
1591 650 1726 693 Ἐλια-

266 720 355 772 κεὶμ
393 715 414 760 ὃ
452 720 526 760 τοῦ
561 718 738 760 Χελκίου
783 715 804 759 ὃ
840 715 1052 772 οἷκονόμος
1086 719 1154 759 καὶ
1197 722 1363 771 Σομνᾶς
1405 715 1426 760 ὅ
1465 717 1730 774 γραμματεὺς

266 788 332 828 καὶ
364 784 480 835 Ἰωὰς
522 782 543 827 ὃ
583 789 657 829 τοῦ
692 784 827 842 Ἀσὰφ
861 783 883 828 ὃ
929 783 1354 842 ὖπομνηματογριὶφος
1396 785 1499 842 πρὸς
1536 785 1725 838 Ἐζεκίαν,

267 853 492 908 ἕσχισμένοι
519 851 617 903 τοὺς
646 857 842 908 χιτῶνας,
878 854 945 895 καὶ
968 852 1206 909 ἀπήγγειλαν
1228 852 1340 911 αὐτῷ
1358 853 1454 904 τοὺς
1473 850 1617 908 λόγους
1630 852 1725 896 Ῥα-

266 920 418 975 ψάκου.
488 923 555 963 καὶ
577 921 726 978 ἐγένετο
747 921 789 964 ἓν
809 925 866 978 τῷ
890 921 1062 964 ἀκοῦσαι
1084 921 1154 964 τὸν
1173 922 1343 975 βασιλέα
1365 917 1558 974 Ἐζεκίαν,
1593 920 1722 976 ἔσχισε
1737 931 1781 966 10

121 1030 154 1064 Ο
180 984 248 1069 181}
270 990 322 1032 τὰ
345 987 487 1043 ἱμάτια
521 991 590 1032 καὶ
614 987 763 1032 σάκκον
799 986 1080 1045 περιεβάλετο,
1118 991 1185 1032 καὶ
1212 989 1337 1044 ἀνέβη
1361 991 1416 1038 εἰς
1438 989 1508 1032 τὸν
1534 989 1632 1032 ναόν
1651 994 1724 1032 τοῦ

270 1058 433 1114 κυρίου·
471 1059 537 1098 καὶ
559 1056 784 1100 ἀπέστειλεν
798 1057 1001 1112 Ἔλιακεὶμ
1023 1057 1095 1100 τὸν
1125 1055 1336 1111 οἴκονόμον
1371 1059 1437 1100 καὶ
1462 1061 1628 1111 Σομνᾶν
1655 1057 1727 1100 τὸν

265 1123 507 1187 γραμματέα
541 1127 608 1167 καὶ
634 1126 731 1175 τοὺς
751 1125 1049 1182 πρεσβυτέρους
1069 1129 1151 1169 τῶν
1171 1125 1330 1182 ἱερέων,
1366 1124 1727 1182 περιβεβλημένους

268 1191 470 1245 σάκκους,
507 1193 609 1249 πρὸς
633 1192 830 1245 Ἡσαΐαν,
859 1192 947 1236 υἱὸν
979 1191 1128 1247 Ἀμώς,
1166 1193 1238 1236 τὸν
1256 1191 1494 1250 προφήτην,
1531 1195 1597 1235 καὶ
1613 1191 1723 1236 εἶπον

268 1261 405 1318 αὐτῷ,
445 1258 556 1303 Τάδε
583 1260 682 1316 λέγει
705 1261 890 1312 Ἐζεκίας.
955 1258 1113 1318 Ἡμέρα
1132 1262 1338 1315 θλίψεως,
1377 1263 1528 1316 δεσμοῦ
1549 1263 1618 1304 καὶ
1638 1263 1722 1305 ἔλε-
1734 1269 1778 1304 15

266 1333 371 1384 γμοῦ
406 1329 473 1370 καὶ
502 1328 623 1384 ὀργῆς
655 1326 681 1383 ἡ
711 1326 886 1384 σήμερον
913 1325 1070 1385 ἡμέρα,
1106 1327 1168 1371 ὅτι
1193 1327 1278 1384 ἥκει
1303 1327 1330 1384 ἦ
1360 1328 1457 1372 ὠδὶν
1485 1333 1536 1386 τῇ
1564 1327 1725 1372 τικτού-

270 1412 345 1453 σῃ,
382 1395 498 1450 ῗσχύν
527 1397 571 1438 δὲ
602 1395 675 1438 οὐκ
703 1395 779 1451 ἔχει
798 1400 870 1438 τοῦ
892 1403 1027 1440 τεκεῖν.
1099 1394 1315 1453 εἶσακούσῃ
1334 1395 1471 1453 κύριος
1492 1394 1629 1447 ὅθεός
1649 1413 1724 1440 σου

269 1464 367 1514 τοὺς
385 1462 528 1519 λόγους
545 1461 753 1519 Ῥαψάκου
762 1496 776 1517 ,
814 1462 885 1524 οὓς
905 1464 1107 1507 ἀπέστειλε
1125 1464 1316 1516 βασιλεὺς
1336 1464 1561 1521 Ἀσσυρίων
1580 1465 1724 1508 ὀνειδί-

270 1533 347 1583 ζειν
376 1531 477 1575 θεὸν
507 1533 637 1584 ζῶντα
669 1534 736 1574 καὶ
765 1531 962 1583 ὀνειδίζειν
995 1531 1128 1588 λόγοις
1162 1531 1223 1582 οἷς
1253 1531 1400 1588 ἤκουσε
1431 1531 1566 1589 κύριος
1584 1531 1605 1576 ὅ
1625 1531 1725 1583 θεός

270 1615 371 1652 σου,
406 1600 473 1642 καὶ
502 1597 687 1657 δεηθήσῃ
716 1599 818 1658 πρὸς
850 1597 988 1656 κύριον
1013 1601 1085 1644 τὸν
1115 1598 1216 1644 θεόν
1249 1615 1324 1643 σου
1342 1602 1431 1658 περὶ
1449 1605 1531 1644 τῶν
1550 1605 1721 1644 καταλε-
1732 1610 1780 1646 20

270 1667 488 1722 λειμμένων
526 1665 696 1711 τούτων.
767 1668 833 1709 καὶ
869 1662 1003 1723 ἦλθον
1038 1669 1077 1711 οἱ
1117 1671 1256 1718 παῖδες
1283 1672 1358 1711 τοῦ
1394 1668 1593 1722 βασιλέως
1622 1668 1724 1726 πρὸς

217 1741 251 1776 Ε
268 1734 443 1778 Ἠσαίαν
457 1749 467 1759 ·
502 1737 570 1778 καὶ
599 1734 702 1779 εἶπεν
734 1735 872 1785 αὐτοῖς
899 1736 1095 1789 Ἡσαΐας,
1137 1735 1280 1786 Οὕτως
1299 1737 1419 1794 ε’ρεΐτε
1442 1735 1542 1794 πρὸς
1560 1736 1632 1780 τὸν
1651 1734 1724 1780 κύ-

360 1844 394 1879 1.
424 1844 722 1890 Σεπφαρωθείμ]
755 1844 1027 1890 Σεπφαουραΐμ
1055 1845 1111 1880 vel
1139 1830 1411 1889 Σεπφαρουαΐμ
1442 1844 1528 1889 Reg.
1551 1843 1612 1880 lv.
1645 1856 1721 1891 cap.

361 1889 417 1923 17.
449 1894 485 1924 et
518 1891 591 1931 18.‚
627 1890 894 1934 Σεπφαρουαΐν
926 1903 1002 1937 cap.
1035 1893 1112 1933 19.,
1143 1888 1282 1931 πόλεως
1307 1888 1570 1934 Ἐπφαοουαΐμ
1597 1890 1723 1925 Esaiae

362 1944 438 1978 cap.
462 1936 518 1970 36.
542 1940 577 1970 et
598 1937 666 1977 37„
691 1935 906 1986 Zsmpgcoet‘p,
923 1949 956 1981 p.
974 1948 1045 1983 seq.
1064 1948 1097 1971 v.
1116 1938 1169 1973 17.
1263 1938 1296 1971 8.
1317 1934 1413 1977 Ἰοοὶς
1433 1936 1501 1970 Ox.
1592 1935 1647 1972 14.
1671 1933 1722 1971 εἶ-

361 1992 429 2014 πεν
439 1977 591 2058 ]Κεῖπαν
614 1980 753 2023 Esaias,
778 1987 883 2018 εἶπον
905 1982 993 2027 Reg.
1086 1984 1141 2018 15.
1173 1981 1332 2027 δεσμοῦ]
1356 1978 1569 2026 ὀνειδισμοιΐ
1589 1981 1722 2022 Esaias,

362 2036 425 2058 om.
483 2037 537 2070 eg.

270 2113 382 2149 thim?
411 2115 573 2161 Nunquid
596 2117 672 2150 erui
693 2117 805 2162 potuit
824 2118 978 2152 Samaria
1001 2118 1044 2152 de
1065 2129 1163 2153 manu
1186 2117 1289 2152 mea?
1321 2116 1406 2158 Quis
1430 2119 1481 2151 est
1504 2127 1547 2152 ex
1570 2116 1719 2151 omnibus

273 2161 347 2197 Diis
367 2160 514 2205 gentium
536 2161 694 2203 istarum,
729 2164 787 2207 qui
811 2165 938 2198 eruerit
960 2170 1086 2198 terram
1109 2175 1201 2198 suam
1223 2163 1266 2197 de
1288 2174 1388 2198 manu
1410 2162 1509 2197 mea?
1551 2162 1644 2204 Quia
1666 2161 1720 2196 di—

272 2205 338 2241 cit:
372 2206 531 2241 liberabit
552 2212 588 2240 te
612 2207 774 2242 Dominus
795 2209 886 2243 Deus
909 2209 1014 2243 Israel
1036 2210 1080 2244 de
1102 2220 1202 2243 manu
1223 2220 1307 2243 mea.

361 2251 412 2286 Et
433 2251 614 2293 siluerunt,
640 2257 676 2286 et
698 2265 794 2288 nemo
817 2254 992 2299 respondit
1014 2255 1066 2289 ei:
1089 2254 1170 2300 quia
1191 2255 1413 2289 mandaverat
1435 2253 1532 2295 Rex,
1557 2251 1719 2287 neminem

272 2295 305 2330 ei
327 2297 542 2342 respondere.
587 2298 637 2332 Et
658 2298 826 2343 ingressus
851 2302 903 2333 est
925 2299 1090 2342 Efiacim,
1126 2300 1213 2334 filius
1237 2299 1419 2341 Chelciae,
1441 2309 1658 2339 oeconomus,
1682 2302 1719 2331 et

271 2342 433 2384 Somnus,
457 2346 493 2376 et
514 2341 613 2384 snas,
647 2343 735 2378 filius
757 2345 890 2389 Asaph,
915 2356 935 2378 a
958 2344 1223 2387 commentariis,
1243 2345 1288 2379 ad
1310 2344 1510 2385 Ezechiam,
1533 2342 1640 2378 scissis
1661 2346 1718 2377 tu-

271 2386 375 2429 nicis,
413 2390 449 2422 et
469 2389 714 2423 nunciaverunt
737 2388 770 2423 ei
791 2390 898 2423 verba
920 2390 1090 2424 Rabsacis.
1149 2390 1199 2424 Et
1221 2390 1348 2424 factum
1371 2392 1441 2430 est,
1474 2400 1548 2423 cum
1570 2387 1718 2423 audisset

272 2443 333 2466 rex
355 2433 541 2475 Ezechias,
576 2434 676 2468 scidit
707 2434 926 2475 vestimenta,
960 2439 995 2468 et
1021 2435 1198 2470 obvolutus
1221 2438 1272 2469 est
1293 2446 1413 2476 sacco,
1447 2438 1482 2468 et
1505 2432 1657 2468 ascendit
1681 2432 1718 2467 in

273 2477 432 2522 templum
455 2478 598 2513 Domini.
644 2480 695 2514 Et
715 2479 805 2514 misit
826 2478 1011 2521 Eliachim,
1036 2491 1268 2521 oeconomum3
1302 2483 1338 2513 et
1358 2479 1532 2520 Somnum,
1556 2477 1719 2521 scribamg

271 2526 307 2555 et
329 2523 475 2558 seniores
497 2524 726 2566 sacerdotum,
750 2524 855 2559 saccis
875 2525 1029 2566 indutos,
1055 2525 1099 2559 ad
1122 2525 1276 2567 Esaiam,
1298 2524 1404 2558 filium
1421 2526 1541 2566 Amos,
1562 2523 1720 2568 Prophe-

271 2570 351 2601 tam.
400 2570 447 2602 Et
470 2569 630 2604 dixerunt
649 2569 699 2604 eia
730 2570 826 2603 Haec
848 2569 932 2604 dicit
953 2570 1134 2604 Ezechias:
1166 2570 1245 2604 Dies
1268 2569 1496 2604 tribulationis
1525 2572 1562 2603 et
1591 2568 1718 2603 vinculi

271 2616 308 2645 et
340 2614 566 2659 correptionis
601 2618 637 2650 et
668 2615 743 2650 irae
779 2614 940 2649 hodierna
977 2614 1069 2649 dies:
1113 2615 1192 2659 quia
1229 2615 1324 2649 venit
1363 2614 1460 2649 dolor
1489 2613 1718 2660 parturienti3

270 2656 430 2692 virtutem
454 2663 565 2694 autem
586 2672 653 2695 non
675 2661 778 2696 habet
805 2659 972 2706 pariendi.
1017 2660 1195 2694 Exaudiat
1215 2660 1376 2695 Dominus
1397 2659 1488 2694 Deus
1510 2664 1588 2694 tuus
1611 2660 1717 2694 verba

271 2700 446 2745 Rabsacis,
469 2716 557 2749 quae
575 2706 662 2741 misit
682 2717 744 2741 rex
761 2704 979 2751 Assyriorum,
1001 2704 1046 2739 ad
1064 2706 1332 2751 exprobrandum
1350 2705 1459 2740 Deum
1476 2705 1657 2745 viventem,
1679 2707 1716 2738 et

272 2745 318 2779 ad
341 2750 606 2792 exprobrandum
628 2751 851 2793 sermonibus,
874 2762 958 2805 quos
975 2750 1107 2785 audivit
1121 2751 1278 2785 Dominus
1293 2751 1384 2786 Deus
1401 2754 1487 2785 tuus.
1534 2750 1585 2785 Et
1601 2749 1714 2785 orabis

273 2789 450 2845 Dominum
463 2795 568 2830 Deum
586 2801 692 2839 tuum,
708 2808 772 2842 pro
790 2796 959 2831 derelictis
973 2795 1036 2832 his.
1057 2796 1106 2830 Et
1124 2800 1287 2831 venerunt
1303 2797 1394 2831 servi
1409 2796 1500 2841 regis
1516 2796 1561 2829 nd
1574 2794 1713 2830 Isaiam=

274 2839 310 2870 et
325 2836 411 2872 dixit
425 2838 473 2873 eis
487 2840 610 2885 Isaias3
632 2841 679 2878 sic
694 2842 814 2878 dicetis
833 2842 877 2878 ad
887 2841 1061 2878 Dominum
1075 2844 1242 2878 vestrum=
1265 2843 1352 2878 haec
1369 2841 1452 2877 dicit
1467 2840 1647 2876 Dominum
1670 2849 1714 2873 ne
