<?xml version="1.0" encoding="UTF-8"?>
<!DOCTYPE html PUBLIC "-//W3C//DTD XHTML 1.0 Transitional//EN"
    "http://www.w3.org/TR/xhtml1/DTD/xhtml1-transitional.dtd">
<html xmlns="http://www.w3.org/1999/xhtml" xml:lang="en" lang="en">
 <head>
  <title>
</title>
<meta http-equiv="Content-Type" content="text/html;charset=utf-8" />
  <meta name='ocr-system' content='tesseract 3.04.00' />
  <meta name='ocr-capabilities' content='ocr_page ocr_carea ocr_par ocr_line ocrx_word'/>
</head>
<body>
  <div class='ocr_page' id='page_1' title='image "./corpusscriptorum28niebuoft_0657.png"; bbox 0 0 1838 3230; ppageno 0'>
   <div class='ocr_carea' id='block_1_1' title="bbox 598 151 1571 204">
    <p class='ocr_par' dir='ltr' id='par_1_1' title="bbox 598 151 1571 204">
     <span class='ocr_line' id='line_1_1' title="bbox 598 151 1571 204; baseline 0 0"><span class='ocrx_word' id='word_1_1' title='bbox 598 151 1066 204; x_wconf 81' lang='lat' dir='ltr'><strong>ANNOTATIONES.</strong></span> <span class='ocrx_word' id='word_1_2' title='bbox 1469 155 1571 204; x_wconf 85' lang='lat'><strong>575</strong></span> 
     </span>
    </p>
   </div>
   <div class='ocr_carea' id='block_1_2' title="bbox 111 268 1571 389">
    <p class='ocr_par' dir='ltr' id='par_1_2' title="bbox 111 268 1571 389">
     <span class='ocr_line' id='line_1_2' title="bbox 111 268 1570 338; baseline -0.012 -14"><span class='ocrx_word' id='word_1_3' title='bbox 111 280 188 338; x_wconf 69' lang='grc' dir='ltr'><strong>γὰρ</strong></span> <span class='ocrx_word' id='word_1_4' title='bbox 206 278 256 323; x_wconf 71' lang='grc' dir='ltr'><strong>τὰ</strong></span> <span class='ocrx_word' id='word_1_5' title='bbox 275 275 417 322; x_wconf 60' lang='lat' dir='ltr'><strong>§nativ</strong></span> <span class='ocrx_word' id='word_1_6' title='bbox 436 278 602 320; x_wconf 80' lang='grc' dir='ltr'><strong><em>καλοῦσι</em></strong></span> <span class='ocrx_word' id='word_1_7' title='bbox 621 275 809 328; x_wconf 83' lang='grc' dir='ltr'><em>Ρωμαῖοι.</em></span> <span class='ocrx_word' id='word_1_8' title='bbox 868 272 918 312; x_wconf 87' lang='lat' dir='ltr'><strong>Et</strong></span> <span class='ocrx_word' id='word_1_9' title='bbox 941 287 963 311; x_wconf 79' lang='lat' dir='ltr'><strong>a</strong></span> <span class='ocrx_word' id='word_1_10' title='bbox 985 269 1141 312; x_wconf 76' lang='lat' dir='ltr'><strong>Centum</strong></span> <span class='ocrx_word' id='word_1_11' title='bbox 1162 269 1345 322; x_wconf 78' lang='lat' dir='ltr'><strong>quidem,</strong></span> <span class='ocrx_word' id='word_1_12' title='bbox 1371 268 1570 309; x_wconf 85' lang='lat' dir='ltr'><strong>vocabulo</strong></span> 
     </span>
     <span class='ocr_line' id='line_1_3' title="bbox 112 327 1571 389; baseline -0.009 -10"><span class='ocrx_word' id='word_1_13' title='bbox 112 341 315 389; x_wconf 81' lang='lat' dir='ltr'><strong>Romano,</strong></span> <span class='ocrx_word' id='word_1_14' title='bbox 346 348 489 374; x_wconf 88' lang='lat' dir='ltr'><strong>nomen</strong></span> <span class='ocrx_word' id='word_1_15' title='bbox 512 332 681 373; x_wconf 80' lang='lat' dir='ltr'><strong>traxisse</strong></span> <span class='ocrx_word' id='word_1_16' title='bbox 706 330 953 369; x_wconf 81' lang='lat' dir='ltr'><strong>manifestum</strong></span> <span class='ocrx_word' id='word_1_17' title='bbox 983 335 1058 368; x_wconf 87' lang='lat' dir='ltr'><strong>est:</strong></span> <span class='ocrx_word' id='word_1_18' title='bbox 1100 335 1255 367; x_wconf 71' lang='lat' dir='ltr'><strong>centum</strong></span> <span class='ocrx_word' id='word_1_19' title='bbox 1283 334 1413 365; x_wconf 84' lang='lat' dir='ltr'><strong>tamen</strong></span> <span class='ocrx_word' id='word_1_20' title='bbox 1433 327 1571 366; x_wconf 83' lang='lat' dir='ltr'><strong>Pondo</strong></span> 
     </span>
    </p>
   </div>
   <div class='ocr_carea' id='block_1_3' title="bbox 106 384 1574 1294">
    <p class='ocr_par' dir='ltr' id='par_1_3' title="bbox 106 384 1574 1294">
     <span class='ocr_line' id='line_1_4' title="bbox 111 384 1568 449; baseline -0.009 -14"><span class='ocrx_word' id='word_1_21' title='bbox 111 394 288 449; x_wconf 83' lang='lat' dir='ltr'><strong>praecise</strong></span> <span class='ocrx_word' id='word_1_22' title='bbox 306 406 386 438; x_wconf 81' lang='lat' dir='ltr'><strong>n9n</strong></span> <span class='ocrx_word' id='word_1_23' title='bbox 402 392 597 440; x_wconf 81' lang='lat' dir='ltr'><strong>valuisse,</strong></span> <span class='ocrx_word' id='word_1_24' title='bbox 627 403 678 427; x_wconf 87' lang='lat' dir='ltr'><strong>ex</strong></span> <span class='ocrx_word' id='word_1_25' title='bbox 695 388 821 439; x_wconf 87' lang='lat' dir='ltr'><strong>Glyca</strong></span> <span class='ocrx_word' id='word_1_26' title='bbox 841 392 1033 439; x_wconf 75' lang='lat' dir='ltr'><strong>apparet,</strong></span> <span class='ocrx_word' id='word_1_27' title='bbox 1058 384 1196 426; x_wconf 81' lang='lat' dir='ltr'><strong>Annal.</strong></span> <span class='ocrx_word' id='word_1_28' title='bbox 1225 399 1263 437; x_wconf 89' lang='lat' dir='ltr'><strong>p.</strong></span> <span class='ocrx_word' id='word_1_29' title='bbox 1285 388 1333 430; x_wconf 70' lang='grc'><strong>42.</strong></span> <span class='ocrx_word' id='word_1_30' title='bbox 1358 397 1448 436; x_wconf 82' lang='lat' dir='ltr'><strong>pag.</strong></span> <span class='ocrx_word' id='word_1_31' title='bbox 1470 384 1568 427; x_wconf 84' lang='lat'><strong>256.</strong></span> 
     </span>
     <span class='ocr_line' id='line_1_5' title="bbox 111 440 1572 500; baseline -0.009 -9"><span class='ocrx_word' id='word_1_32' title='bbox 111 452 188 491; x_wconf 85' lang='lat' dir='ltr'><strong>Ubi</strong></span> <span class='ocrx_word' id='word_1_33' title='bbox 215 451 264 491; x_wconf 85' lang='lat' dir='ltr'><strong>de</strong></span> <span class='ocrx_word' id='word_1_34' title='bbox 294 448 534 500; x_wconf 78' lang='lat' dir='ltr'><strong>Aethiopum</strong></span> <span class='ocrx_word' id='word_1_35' title='bbox 562 446 696 496; x_wconf 84' lang='lat' dir='ltr'><strong>regina</strong></span> <span class='ocrx_word' id='word_1_36' title='bbox 727 443 925 483; x_wconf 78' lang='lat' dir='ltr'>Salomoni</span> <span class='ocrx_word' id='word_1_37' title='bbox 954 455 1115 482; x_wconf 86' lang='lat' dir='ltr'><strong>munera</strong></span> <span class='ocrx_word' id='word_1_38' title='bbox 1144 441 1332 481; x_wconf 84' lang='lat' dir='ltr'><strong>offerente</strong></span> <span class='ocrx_word' id='word_1_39' title='bbox 1357 441 1478 479; x_wconf 78' lang='lat' dir='ltr'><strong>verba</strong></span> <span class='ocrx_word' id='word_1_40' title='bbox 1510 440 1572 479; x_wconf 86' lang='lat' dir='ltr'><strong>sa-</strong></span> 
     </span>
     <span class='ocr_line' id='line_1_6' title="bbox 112 497 1574 556; baseline -0.009 -8"><span class='ocrx_word' id='word_1_41' title='bbox 112 509 244 556; x_wconf 88' lang='lat' dir='ltr'><strong>ciens,</strong></span> <span class='ocrx_word' id='word_1_42' title='bbox 273 505 372 545; x_wconf 84' lang='lat' dir='ltr'><strong>haec</strong></span> <span class='ocrx_word' id='word_1_43' title='bbox 389 504 518 545; x_wconf 83' lang='lat' dir='ltr'><strong>habet.</strong></span> <span class='ocrx_word' id='word_1_44' title='bbox 576 499 708 542; x_wconf 84' lang='lat' dir='ltr'><strong>Simul</strong></span> <span class='ocrx_word' id='word_1_45' title='bbox 735 502 768 539; x_wconf 85' lang='lat' dir='ltr'><strong>ei</strong></span> <span class='ocrx_word' id='word_1_46' title='bbox 793 499 939 552; x_wconf 70' lang='lat' dir='ltr'><strong>largito</strong></span> <span class='ocrx_word' id='word_1_47' title='bbox 972 513 1065 538; x_wconf 85' lang='lat' dir='ltr'><strong>cxx.</strong></span> <span class='ocrx_word' id='word_1_48' title='bbox 1097 497 1351 537; x_wconf 63' lang='lat' dir='ltr'><strong>auritalento</strong></span> <span class='ocrx_word' id='word_1_49' title='bbox 1372 512 1459 536; x_wconf 89' lang='lat' dir='ltr'><strong>cum</strong></span> <span class='ocrx_word' id='word_1_50' title='bbox 1480 512 1574 536; x_wconf 86' lang='lat' dir='ltr'><strong>aro-</strong></span> 
     </span>
     <span class='ocr_line' id='line_1_7' title="bbox 110 553 1574 604; baseline -0.008 0"><span class='ocrx_word' id='word_1_51' title='bbox 110 562 282 604; x_wconf 73' lang='lat' dir='ltr'><strong>matibus</strong></span> <span class='ocrx_word' id='word_1_52' title='bbox 302 572 376 602; x_wconf 76' lang='lat' dir='ltr'><strong>eie.</strong></span> <span class='ocrx_word' id='word_1_53' title='bbox 397 559 452 600; x_wconf 76' lang='lat' dir='ltr'><strong>ad</strong></span> <span class='ocrx_word' id='word_1_54' title='bbox 469 574 559 600; x_wconf 80' lang='lat' dir='ltr'><strong>suos</strong></span> <span class='ocrx_word' id='word_1_55' title='bbox 575 569 629 598; x_wconf 78' lang='lat' dir='ltr'><strong>est</strong></span> <span class='ocrx_word' id='word_1_56' title='bbox 651 572 810 598; x_wconf 80' lang='lat' dir='ltr'><strong>reversa.</strong></span> <span class='ocrx_word' id='word_1_57' title='bbox 857 554 1063 594; x_wconf 74' lang='lat' dir='ltr'><strong><em>Talentum</em></strong></span> <span class='ocrx_word' id='word_1_58' title='bbox 1082 569 1170 594; x_wconf 82' lang='lat' dir='ltr'><strong>vero</strong></span> <span class='ocrx_word' id='word_1_59' title='bbox 1191 553 1314 594; x_wconf 77' lang='lat' dir='ltr'><strong>libras</strong></span> <span class='ocrx_word' id='word_1_60' title='bbox 1335 567 1454 593; x_wconf 83' lang='lat' dir='ltr'><strong>cxxv.</strong></span> <span class='ocrx_word' id='word_1_61' title='bbox 1477 569 1574 593; x_wconf 84' lang='lat' dir='ltr'><strong>con-</strong></span> 
     </span>
     <span class='ocr_line' id='line_1_8' title="bbox 111 609 1574 672; baseline -0.008 -12"><span class='ocrx_word' id='word_1_62' title='bbox 111 623 221 660; x_wconf 64' lang='lat' dir='ltr'><strong>tinet.</strong></span> <span class='ocrx_word' id='word_1_63' title='bbox 276 618 338 658; x_wconf 79' lang='lat' dir='ltr'><strong>De</strong></span> <span class='ocrx_word' id='word_1_64' title='bbox 358 632 434 672; x_wconf 84' lang='lat' dir='ltr'><strong>quo</strong></span> <span class='ocrx_word' id='word_1_65' title='bbox 455 615 594 668; x_wconf 78' lang='lat' dir='ltr'><strong><em>colligi</em></strong></span> <span class='ocrx_word' id='word_1_66' title='bbox 613 625 762 669; x_wconf 72' lang='lat' dir='ltr'><strong>potest,</strong></span> <span class='ocrx_word' id='word_1_67' title='bbox 793 628 875 651; x_wconf 82' lang='lat' dir='ltr'><strong>enm</strong></span> <span class='ocrx_word' id='word_1_68' title='bbox 909 627 934 650; x_wconf 86' lang='lat' dir='ltr'><strong><em>a</em></strong></span> <span class='ocrx_word' id='word_1_69' title='bbox 967 613 1100 664; x_wconf 74' lang='lat' dir='ltr'><strong>regina</strong></span> <span class='ocrx_word' id='word_1_70' title='bbox 1123 609 1369 651; x_wconf 72' lang='lat' dir='ltr'><strong>centenarios</strong></span> <span class='ocrx_word' id='word_1_71' title='bbox 1397 611 1487 649; x_wconf 84' lang='lat' dir='ltr'><strong>auri</strong></span> <span class='ocrx_word' id='word_1_72' title='bbox 1502 625 1574 649; x_wconf 86' lang='lat' dir='ltr'><strong>no-</strong></span> 
     </span>
     <span class='ocr_line' id='line_1_9' title="bbox 111 667 1574 725; baseline -0.008 -9"><span class='ocrx_word' id='word_1_73' title='bbox 111 686 214 716; x_wconf 71' lang='lat' dir='ltr'><strong>stros</strong></span> <span class='ocrx_word' id='word_1_74' title='bbox 230 684 380 716; x_wconf 80' lang='lat' dir='ltr'><strong>centum</strong></span> <span class='ocrx_word' id='word_1_75' title='bbox 403 674 608 725; x_wconf 79' lang='lat' dir='ltr'><strong>accepisse.</strong></span> <span class='ocrx_word' id='word_1_76' title='bbox 665 672 704 709; x_wconf 90' lang='lat' dir='ltr'><strong>Si</strong></span> <span class='ocrx_word' id='word_1_77' title='bbox 725 683 817 721; x_wconf 90' lang='lat' dir='ltr'><strong>ergo</strong></span> <span class='ocrx_word' id='word_1_78' title='bbox 840 683 932 709; x_wconf 82' lang='lat' dir='ltr'><strong>cxx.</strong></span> <span class='ocrx_word' id='word_1_79' title='bbox 955 669 1111 707; x_wconf 76' lang='lat' dir='ltr'><strong>talentis</strong></span> <span class='ocrx_word' id='word_1_80' title='bbox 1132 667 1399 720; x_wconf 84' lang='lat' dir='ltr'>aequipollent</span> <span class='ocrx_word' id='word_1_81' title='bbox 1421 681 1456 706; x_wconf 87' lang='lat' dir='ltr'><strong>c.</strong></span> <span class='ocrx_word' id='word_1_82' title='bbox 1473 667 1574 706; x_wconf 89' lang='lat' dir='ltr'><strong>Cen-</strong></span> 
     </span>
     <span class='ocr_line' id='line_1_10' title="bbox 109 723 1573 781; baseline -0.008 -8"><span class='ocrx_word' id='word_1_83' title='bbox 109 732 277 781; x_wconf 78' lang='lat' dir='ltr'><strong>tenarii3</strong></span> <span class='ocrx_word' id='word_1_84' title='bbox 312 731 504 769; x_wconf 68' lang='lat' dir='ltr'><strong>talentum</strong></span> <span class='ocrx_word' id='word_1_85' title='bbox 538 742 638 768; x_wconf 81' lang='lat' dir='ltr'><strong>vero</strong></span> <span class='ocrx_word' id='word_1_86' title='bbox 668 741 787 766; x_wconf 82' lang='lat' dir='ltr'><strong>cxxv.</strong></span> <span class='ocrx_word' id='word_1_87' title='bbox 815 726 936 764; x_wconf 82' lang='lat' dir='ltr'><strong>libras</strong></span> <span class='ocrx_word' id='word_1_88' title='bbox 971 726 1164 773; x_wconf 81' lang='lat' dir='ltr'><strong>continet;</strong></span> <span class='ocrx_word' id='word_1_89' title='bbox 1214 723 1359 763; x_wconf 75' lang='lat' dir='ltr'><strong>exhinc</strong></span> <span class='ocrx_word' id='word_1_90' title='bbox 1404 731 1573 777; x_wconf 86' lang='lat' dir='ltr'><strong>apparet</strong></span> 
     </span>
     <span class='ocr_line' id='line_1_11' title="bbox 110 781 1571 833; baseline -0.008 -4"><span class='ocrx_word' id='word_1_91' title='bbox 110 787 387 829; x_wconf 77' lang='lat' dir='ltr'><strong>Centenarium</strong></span> <span class='ocrx_word' id='word_1_92' title='bbox 413 787 534 826; x_wconf 88' lang='lat' dir='ltr'><strong>libras</strong></span> <span class='ocrx_word' id='word_1_93' title='bbox 565 800 624 823; x_wconf 67' lang='lat' dir='ltr'><strong>cn.</strong></span> <span class='ocrx_word' id='word_1_94' title='bbox 655 785 880 831; x_wconf 85' lang='lat' dir='ltr'><strong>continere,</strong></span> <span class='ocrx_word' id='word_1_95' title='bbox 921 783 1096 833; x_wconf 79' lang='lat' dir='ltr'>adeoque</span> <span class='ocrx_word' id='word_1_96' title='bbox 1125 783 1396 820; x_wconf 80' lang='lat' dir='ltr'><strong>Centenarium</strong></span> <span class='ocrx_word' id='word_1_97' title='bbox 1425 781 1571 819; x_wconf 89' lang='lat' dir='ltr'><strong>Proco-</strong></span> 
     </span>
     <span class='ocr_line' id='line_1_12' title="bbox 108 835 1573 899; baseline -0.007 -14"><span class='ocrx_word' id='word_1_98' title='bbox 108 846 273 899; x_wconf 84' lang='lat' dir='ltr'><strong>pianum</strong></span> <span class='ocrx_word' id='word_1_99' title='bbox 294 843 451 883; x_wconf 79' lang='lat' dir='ltr'><strong>semisse</strong></span> <span class='ocrx_word' id='word_1_100' title='bbox 471 855 670 894; x_wconf 86' lang='lat' dir='ltr'><strong>superare.</strong></span> <span class='ocrx_word' id='word_1_101' title='bbox 727 842 839 879; x_wconf 86' lang='lat' dir='ltr'><strong>Anne</strong></span> <span class='ocrx_word' id='word_1_102' title='bbox 857 839 980 890; x_wconf 84' lang='lat' dir='ltr'><strong>igitur</strong></span> <span class='ocrx_word' id='word_1_103' title='bbox 1000 838 1255 877; x_wconf 76' lang='lat' dir='ltr'><strong>contenarius</strong></span> <span class='ocrx_word' id='word_1_104' title='bbox 1276 835 1462 890; x_wconf 81' lang='lat' dir='ltr'><strong>duplex?</strong></span> <span class='ocrx_word' id='word_1_105' title='bbox 1495 838 1573 876; x_wconf 87' lang='lat' dir='ltr'><strong>Mi·-</strong></span> 
     </span>
     <span class='ocr_line' id='line_1_13' title="bbox 107 894 1572 953; baseline -0.007 -11"><span class='ocrx_word' id='word_1_106' title='bbox 107 916 209 953; x_wconf 85' lang='lat' dir='ltr'><strong>nor,</strong></span> <span class='ocrx_word' id='word_1_107' title='bbox 240 901 289 940; x_wconf 86' lang='lat' dir='ltr'><strong>de</strong></span> <span class='ocrx_word' id='word_1_108' title='bbox 321 914 400 953; x_wconf 90' lang='lat' dir='ltr'><strong>quo</strong></span> <span class='ocrx_word' id='word_1_109' title='bbox 425 899 668 951; x_wconf 81' lang='lat' dir='ltr'><strong>Procopius,</strong></span> <span class='ocrx_word' id='word_1_110' title='bbox 708 898 777 949; x_wconf 88' lang='lat' dir='ltr'><strong>qui</strong></span> <span class='ocrx_word' id='word_1_111' title='bbox 807 903 963 935; x_wconf 88' lang='lat' dir='ltr'><strong>centum</strong></span> <span class='ocrx_word' id='word_1_112' title='bbox 993 896 1115 934; x_wconf 85' lang='lat' dir='ltr'><strong>libras</strong></span> <span class='ocrx_word' id='word_1_113' title='bbox 1149 896 1342 934; x_wconf 81' lang='lat' dir='ltr'><strong>continet:</strong></span> <span class='ocrx_word' id='word_1_114' title='bbox 1379 900 1418 932; x_wconf 87' lang='lat' dir='ltr'><strong>et</strong></span> <span class='ocrx_word' id='word_1_115' title='bbox 1446 894 1572 945; x_wconf 85' lang='lat' dir='ltr'><strong>Major</strong></span> 
     </span>
     <span class='ocr_line' id='line_1_14' title="bbox 106 951 1570 1010; baseline -0.006 -12"><span class='ocrx_word' id='word_1_116' title='bbox 106 959 198 1010; x_wconf 86' lang='lat' dir='ltr'><strong>ille,</strong></span> <span class='ocrx_word' id='word_1_117' title='bbox 235 973 257 997; x_wconf 81' lang='lat' dir='ltr'><strong>a</strong></span> <span class='ocrx_word' id='word_1_118' title='bbox 278 957 402 1010; x_wconf 85' lang='lat' dir='ltr'><strong>Glyca</strong></span> <span class='ocrx_word' id='word_1_119' title='bbox 422 956 600 1009; x_wconf 85' lang='lat' dir='ltr'><strong>positus,</strong></span> <span class='ocrx_word' id='word_1_120' title='bbox 633 954 700 1006; x_wconf 87' lang='lat' dir='ltr'><strong>qui</strong></span> <span class='ocrx_word' id='word_1_121' title='bbox 722 953 886 992; x_wconf 86' lang='lat' dir='ltr'><strong>Minoris</strong></span> <span class='ocrx_word' id='word_1_122' title='bbox 908 953 1138 1004; x_wconf 82' lang='lat' dir='ltr'><strong>sesquialter</strong></span> <span class='ocrx_word' id='word_1_123' title='bbox 1164 958 1243 1001; x_wconf 88' lang='lat' dir='ltr'><strong>est,</strong></span> <span class='ocrx_word' id='word_1_124' title='bbox 1273 951 1474 1002; x_wconf 69' lang='lat' dir='ltr'><strong>librosque</strong></span> <span class='ocrx_word' id='word_1_125' title='bbox 1500 951 1570 989; x_wconf 74' lang='lat' dir='ltr'><strong>ha-</strong></span> 
     </span>
     <span class='ocr_line' id='line_1_15' title="bbox 106 1008 1569 1064; baseline -0.005 -10"><span class='ocrx_word' id='word_1_126' title='bbox 106 1015 176 1054; x_wconf 87' lang='lat' dir='ltr'><strong>bet</strong></span> <span class='ocrx_word' id='word_1_127' title='bbox 202 1028 272 1064; x_wconf 82' lang='lat' dir='ltr'><strong>c1.,</strong></span> <span class='ocrx_word' id='word_1_128' title='bbox 307 1013 523 1053; x_wconf 86' lang='lat' dir='ltr'><strong>secundum</strong></span> <span class='ocrx_word' id='word_1_129' title='bbox 550 1012 683 1063; x_wconf 87' lang='lat' dir='ltr'><strong>itaque</strong></span> <span class='ocrx_word' id='word_1_130' title='bbox 709 1010 817 1049; x_wconf 88' lang='lat' dir='ltr'><strong>hunc</strong></span> <span class='ocrx_word' id='word_1_131' title='bbox 844 1016 1094 1061; x_wconf 87' lang='lat' dir='ltr'><strong>computum,</strong></span> <span class='ocrx_word' id='word_1_132' title='bbox 1135 1008 1359 1060; x_wconf 84' lang='lat' dir='ltr'><strong>Imperator</strong></span> <span class='ocrx_word' id='word_1_133' title='bbox 1385 1009 1424 1046; x_wconf 89' lang='lat' dir='ltr'><strong>in</strong></span> <span class='ocrx_word' id='word_1_134' title='bbox 1457 1008 1569 1047; x_wconf 86' lang='lat' dir='ltr'><strong>urbis</strong></span> 
     </span>
     <span class='ocr_line' id='line_1_16' title="bbox 107 1066 1568 1124; baseline -0.005 -13"><span class='ocrx_word' id='word_1_135' title='bbox 107 1071 228 1124; x_wconf 85' lang='lat' dir='ltr'><strong>hujus</strong></span> <span class='ocrx_word' id='word_1_136' title='bbox 263 1070 609 1118; x_wconf 76' lang='lat' dir='ltr'><strong>instaurationem,</strong></span> <span class='ocrx_word' id='word_1_137' title='bbox 647 1068 680 1106; x_wconf 92' lang='lat' dir='ltr'><strong>si</strong></span> <span class='ocrx_word' id='word_1_138' title='bbox 718 1067 767 1105; x_wconf 91' lang='lat' dir='ltr'><strong>de</strong></span> <span class='ocrx_word' id='word_1_139' title='bbox 798 1066 951 1105; x_wconf 86' lang='lat' dir='ltr'><strong>Minore</strong></span> <span class='ocrx_word' id='word_1_140' title='bbox 986 1066 1242 1114; x_wconf 80' lang='lat' dir='ltr'><strong>centenario,</strong></span> <span class='ocrx_word' id='word_1_141' title='bbox 1282 1078 1407 1116; x_wconf 90' lang='lat' dir='ltr'><strong>eoque</strong></span> <span class='ocrx_word' id='word_1_142' title='bbox 1436 1077 1568 1115; x_wconf 88' lang='lat' dir='ltr'><strong>aureo,</strong></span> 
     </span>
     <span class='ocr_line' id='line_1_17' title="bbox 110 1122 1570 1182; baseline -0.008 -15"><span class='ocrx_word' id='word_1_143' title='bbox 110 1127 250 1182; x_wconf 85' lang='lat' dir='ltr'><strong>(aliter</strong></span> <span class='ocrx_word' id='word_1_144' title='bbox 267 1127 371 1166; x_wconf 89' lang='lat' dir='ltr'><strong>enim</strong></span> <span class='ocrx_word' id='word_1_145' title='bbox 389 1126 648 1179; x_wconf 82' lang='lat' dir='ltr'><strong>pecuniarum</strong></span> <span class='ocrx_word' id='word_1_146' title='bbox 673 1138 823 1163; x_wconf 86' lang='lat' dir='ltr'><strong>summa</strong></span> <span class='ocrx_word' id='word_1_147' title='bbox 852 1122 1079 1161; x_wconf 87' lang='lat' dir='ltr'><strong>condendae</strong></span> <span class='ocrx_word' id='word_1_148' title='bbox 1106 1122 1196 1160; x_wconf 87' lang='lat' dir='ltr'><strong>urbi</strong></span> <span class='ocrx_word' id='word_1_149' title='bbox 1224 1122 1340 1172; x_wconf 88' lang='lat' dir='ltr'><strong>longe</strong></span> <span class='ocrx_word' id='word_1_150' title='bbox 1361 1122 1489 1172; x_wconf 82' lang='lat' dir='ltr'><strong>impar</strong></span> <span class='ocrx_word' id='word_1_151' title='bbox 1509 1122 1570 1159; x_wconf 85' lang='lat' dir='ltr'><strong>vi-</strong></span> 
     </span>
     <span class='ocr_line' id='line_1_18' title="bbox 108 1177 1570 1236; baseline -0.007 -12"><span class='ocrx_word' id='word_1_152' title='bbox 108 1181 316 1236; x_wconf 63' lang='lat' dir='ltr'><strong>debitum)</strong></span> <span class='ocrx_word' id='word_1_153' title='bbox 347 1183 614 1234; x_wconf 84' lang='lat' dir='ltr'><strong>intelligatur,</strong></span> <span class='ocrx_word' id='word_1_154' title='bbox 644 1182 823 1219; x_wconf 82' lang='lat' dir='ltr'><strong>Monetae</strong></span> <span class='ocrx_word' id='word_1_155' title='bbox 848 1186 1005 1218; x_wconf 84' lang='lat' dir='ltr'><strong>nostrae</strong></span> <span class='ocrx_word' id='word_1_156' title='bbox 1026 1179 1287 1229; x_wconf 83' lang='lat' dir='ltr'><strong>Anglicanae,</strong></span> <span class='ocrx_word' id='word_1_157' title='bbox 1322 1191 1442 1230; x_wconf 86' lang='lat' dir='ltr'><strong>quam</strong></span> <span class='ocrx_word' id='word_1_158' title='bbox 1465 1177 1570 1216; x_wconf 78' lang='lat' dir='ltr'><strong>Ster-</strong></span> 
     </span>
     <span class='ocr_line' id='line_1_19' title="bbox 108 1235 1568 1294; baseline -0.006 -13"><span class='ocrx_word' id='word_1_159' title='bbox 108 1240 196 1294; x_wconf 74' lang='lat' dir='ltr'><strong>ling</strong></span> <span class='ocrx_word' id='word_1_160' title='bbox 213 1241 333 1292; x_wconf 87' lang='lat' dir='ltr'><strong>vulgo</strong></span> <span class='ocrx_word' id='word_1_161' title='bbox 352 1239 532 1288; x_wconf 78' lang='lat' dir='ltr'><strong>dicimus,</strong></span> <span class='ocrx_word' id='word_1_162' title='bbox 551 1241 701 1281; x_wconf 82' lang='lat'><strong>33600.</strong></span> <span class='ocrx_word' id='word_1_163' title='bbox 722 1237 861 1285; x_wconf 81' lang='lat' dir='ltr'><strong>libras3</strong></span> <span class='ocrx_word' id='word_1_164' title='bbox 893 1236 927 1274; x_wconf 88' lang='lat' dir='ltr'><strong>si</strong></span> <span class='ocrx_word' id='word_1_165' title='bbox 944 1236 1162 1274; x_wconf 84' lang='lat' dir='ltr'><strong>secundum</strong></span> <span class='ocrx_word' id='word_1_166' title='bbox 1182 1235 1332 1287; x_wconf 86' lang='lat' dir='ltr'><strong>Glycae</strong></span> <span class='ocrx_word' id='word_1_167' title='bbox 1356 1249 1449 1273; x_wconf 90' lang='lat' dir='ltr'><strong>vero</strong></span> <span class='ocrx_word' id='word_1_168' title='bbox 1470 1236 1568 1273; x_wconf 85' lang='lat' dir='ltr'><strong>Cen-</strong></span> 
     </span>
    </p>
   </div>
   <div class='ocr_carea' id='block_1_4' title="bbox 106 1292 1570 1405">
    <p class='ocr_par' dir='ltr' id='par_1_4' title="bbox 106 1292 1570 1405">
     <span class='ocr_line' id='line_1_20' title="bbox 106 1292 1570 1345; baseline -0.006 -7"><span class='ocrx_word' id='word_1_169' title='bbox 106 1297 302 1340; x_wconf 77' lang='lat' dir='ltr'><strong>tenuium</strong></span> <span class='ocrx_word' id='word_1_170' title='bbox 328 1308 601 1345; x_wconf 79' lang='lat' dir='ltr'><strong>numeremUS,</strong></span> <span class='ocrx_word' id='word_1_171' title='bbox 631 1294 784 1338; x_wconf 85' lang='lat'><strong>50400.</strong></span> <span class='ocrx_word' id='word_1_172' title='bbox 811 1293 955 1343; x_wconf 85' lang='lat' dir='ltr'><strong>libras,</strong></span> <span class='ocrx_word' id='word_1_173' title='bbox 985 1293 1149 1343; x_wconf 83' lang='lat' dir='ltr'><strong>largitus</strong></span> <span class='ocrx_word' id='word_1_174' title='bbox 1180 1298 1259 1330; x_wconf 90' lang='lat' dir='ltr'><strong>est:</strong></span> <span class='ocrx_word' id='word_1_175' title='bbox 1301 1292 1431 1343; x_wconf 88' lang='lat' dir='ltr'><strong>posito</strong></span> <span class='ocrx_word' id='word_1_176' title='bbox 1460 1292 1570 1330; x_wconf 84' lang='lat' dir='ltr'><strong>scili-</strong></span> 
     </span>
     <span class='ocr_line' id='line_1_21' title="bbox 107 1349 1570 1405; baseline -0.004 -11"><span class='ocrx_word' id='word_1_177' title='bbox 107 1361 191 1404; x_wconf 85' lang='lat' dir='ltr'><strong>cet,</strong></span> <span class='ocrx_word' id='word_1_178' title='bbox 222 1354 374 1405; x_wconf 85' lang='lat' dir='ltr'><strong>argenti</strong></span> <span class='ocrx_word' id='word_1_179' title='bbox 391 1352 546 1392; x_wconf 82' lang='lat' dir='ltr'><strong>unciam</strong></span> <span class='ocrx_word' id='word_1_180' title='bbox 566 1364 607 1393; x_wconf 88' lang='lat' dir='ltr'><strong>v.</strong></span> <span class='ocrx_word' id='word_1_181' title='bbox 630 1350 786 1389; x_wconf 89' lang='lat' dir='ltr'><strong>Solidos</strong></span> <span class='ocrx_word' id='word_1_182' title='bbox 811 1350 961 1399; x_wconf 87' lang='lat' dir='ltr'><strong>valere;</strong></span> <span class='ocrx_word' id='word_1_183' title='bbox 996 1363 1136 1388; x_wconf 82' lang='lat' dir='ltr'><strong>aurum</strong></span> <span class='ocrx_word' id='word_1_184' title='bbox 1158 1362 1257 1387; x_wconf 86' lang='lat' dir='ltr'><strong>vero</strong></span> <span class='ocrx_word' id='word_1_185' title='bbox 1286 1349 1340 1387; x_wconf 87' lang='lat' dir='ltr'><strong>ita</strong></span> <span class='ocrx_word' id='word_1_186' title='bbox 1364 1363 1404 1387; x_wconf 91' lang='lat' dir='ltr'><strong>se</strong></span> <span class='ocrx_word' id='word_1_187' title='bbox 1420 1349 1570 1388; x_wconf 85' lang='lat' dir='ltr'><strong>habere</strong></span> 
     </span>
    </p>
   </div>
   <div class='ocr_carea' id='block_1_5' title="bbox 103 1405 1570 2108">
    <p class='ocr_par' dir='ltr' id='par_1_5' title="bbox 105 1405 1570 1630">
     <span class='ocr_line' id='line_1_22' title="bbox 106 1405 1570 1507; baseline -0.002 -58"><span class='ocrx_word' id='word_1_188' title='bbox 106 1411 400 1507; x_wconf 56' lang='lat' dir='ltr'><strong>ailargeutum,</strong></span> <span class='ocrx_word' id='word_1_189' title='bbox 430 1409 533 1449; x_wconf 89' lang='lat' dir='ltr'><strong>sicut</strong></span> <span class='ocrx_word' id='word_1_190' title='bbox 556 1421 594 1448; x_wconf 72' lang='lat'><strong>1..</strong></span> <span class='ocrx_word' id='word_1_191' title='bbox 623 1407 675 1446; x_wconf 87' lang='lat' dir='ltr'><strong>ad</strong></span> <span class='ocrx_word' id='word_1_192' title='bbox 699 1421 786 1448; x_wconf 79' lang='lat' dir='ltr'><strong>xxv.</strong></span> <span class='ocrx_word' id='word_1_193' title='bbox 817 1407 946 1459; x_wconf 87' lang='lat' dir='ltr'><strong>qualis</strong></span> <span class='ocrx_word' id='word_1_194' title='bbox 972 1405 1093 1445; x_wconf 87' lang='lat' dir='ltr'><strong>hodie</strong></span> <span class='ocrx_word' id='word_1_195' title='bbox 1121 1412 1182 1445; x_wconf 88' lang='lat' dir='ltr'><strong>est</strong></span> <span class='ocrx_word' id='word_1_196' title='bbox 1204 1412 1385 1445; x_wconf 89' lang='lat' dir='ltr'><strong>monetae</strong></span> <span class='ocrx_word' id='word_1_197' title='bbox 1409 1413 1570 1446; x_wconf 81' lang='lat' dir='ltr'><strong>nostrae</strong></span> 
     </span>
     <span class='ocr_line' id='line_1_23' title="bbox 105 1481 1570 1576; baseline -0.005 -12"><span class='ocrx_word' id='word_1_198' title='bbox 105 1481 133 1508; x_wconf 64' lang='lat' dir='ltr'><strong>v</strong></span> <span class='ocrx_word' id='word_1_199' title='bbox 173 1481 316 1576; x_wconf 45' lang='grc' dir='ltr'><strong>οι..Ραεη</strong></span> <span class='ocrx_word' id='word_1_200' title='bbox 346 1524 443 1566; x_wconf 88' lang='grc'><strong>268.</strong></span> <span class='ocrx_word' id='word_1_201' title='bbox 471 1525 511 1564; x_wconf 92' lang='grc'><strong>2.</strong></span> <span class='ocrx_word' id='word_1_202' title='bbox 540 1519 606 1562; x_wconf 77' lang='grc' dir='ltr'><strong><em>καὶ</em></strong></span> <span class='ocrx_word' id='word_1_203' title='bbox 633 1515 885 1573; x_wconf 74' lang='grc' dir='ltr'><strong><em>μετεκάλεσεν</em></strong></span> <span class='ocrx_word' id='word_1_204' title='bbox 913 1515 1066 1572; x_wconf 71' lang='grc' dir='ltr'><strong><em>αὐτὴν]</em></strong></span> <span class='ocrx_word' id='word_1_205' title='bbox 1097 1520 1182 1559; x_wconf 91' lang='lat' dir='ltr'><strong>Scr.</strong></span> <span class='ocrx_word' id='word_1_206' title='bbox 1210 1514 1493 1572; x_wconf 73' lang='grc' dir='ltr'><strong><em>μετεκάλεσαν,</em></strong></span> <span class='ocrx_word' id='word_1_207' title='bbox 1523 1524 1570 1558; x_wconf 89' lang='lat' dir='ltr'><strong>ut</strong></span> 
     </span>
     <span class='ocr_line' id='line_1_24' title="bbox 105 1576 1263 1630; baseline -0.003 -10"><span class='ocrx_word' id='word_1_208' title='bbox 105 1580 158 1620; x_wconf 80' lang='lat' dir='ltr'><strong>ed</strong></span> <span class='ocrx_word' id='word_1_209' title='bbox 174 1581 293 1620; x_wconf 85' lang='lat' dir='ltr'><strong>Cives</strong></span> <span class='ocrx_word' id='word_1_210' title='bbox 317 1579 534 1630; x_wconf 81' lang='lat' dir='ltr'><strong>referatur,</strong></span> <span class='ocrx_word' id='word_1_211' title='bbox 563 1583 602 1616; x_wconf 88' lang='lat' dir='ltr'><strong>et</strong></span> <span class='ocrx_word' id='word_1_212' title='bbox 622 1591 710 1616; x_wconf 88' lang='lat' dir='ltr'><strong>cum</strong></span> <span class='ocrx_word' id='word_1_213' title='bbox 728 1576 1035 1630; x_wconf 79' lang='grc' dir='ltr'><strong><em>ἐπιστρέψαντες</em></strong></span> <span class='ocrx_word' id='word_1_214' title='bbox 1059 1583 1263 1627; x_wconf 86' lang='lat' dir='ltr'><strong>congruat.</strong></span> 
     </span>
    </p>

    <p class='ocr_par' dir='ltr' id='par_1_6' title="bbox 104 1640 1569 1871">
     <span class='ocr_line' id='line_1_25' title="bbox 219 1640 1569 1700; baseline -0.005 -12"><span class='ocrx_word' id='word_1_215' title='bbox 219 1651 315 1700; x_wconf 81' lang='lat' dir='ltr'><strong>Pag.</strong></span> <span class='ocrx_word' id='word_1_216' title='bbox 345 1649 440 1690; x_wconf 92' lang='lat'><strong>268.</strong></span> <span class='ocrx_word' id='word_1_217' title='bbox 469 1646 510 1688; x_wconf 84' lang='lat'><strong>4.</strong></span> <span class='ocrx_word' id='word_1_218' title='bbox 539 1640 800 1698; x_wconf 72' lang='grc' dir='ltr'><strong><em>Ανοῖζαρβον]</em></strong></span> <span class='ocrx_word' id='word_1_219' title='bbox 834 1644 1066 1683; x_wconf 86' lang='lat' dir='ltr'><strong>Anazarban</strong></span> <span class='ocrx_word' id='word_1_220' title='bbox 1086 1651 1206 1683; x_wconf 87' lang='lat' dir='ltr'><strong>vocat</strong></span> <span class='ocrx_word' id='word_1_221' title='bbox 1226 1643 1468 1696; x_wconf 81' lang='lat' dir='ltr'><strong>Stephanus,</strong></span> <span class='ocrx_word' id='word_1_222' title='bbox 1498 1644 1569 1695; x_wconf 86' lang='lat' dir='ltr'><strong>qui</strong></span> 
     </span>
     <span class='ocr_line' id='line_1_26' title="bbox 106 1700 1568 1753; baseline -0.002 -10"><span class='ocrx_word' id='word_1_223' title='bbox 106 1703 157 1743; x_wconf 85' lang='lat' dir='ltr'><strong>ab</strong></span> <span class='ocrx_word' id='word_1_224' title='bbox 173 1702 325 1742; x_wconf 83' lang='lat' dir='ltr'><strong>Azarba</strong></span> <span class='ocrx_word' id='word_1_225' title='bbox 350 1702 558 1741; x_wconf 88' lang='lat' dir='ltr'><strong>conditore</strong></span> <span class='ocrx_word' id='word_1_226' title='bbox 586 1715 669 1739; x_wconf 90' lang='lat' dir='ltr'><strong>eam</strong></span> <span class='ocrx_word' id='word_1_227' title='bbox 702 1702 760 1740; x_wconf 86' lang='lat' dir='ltr'><strong>sic</strong></span> <span class='ocrx_word' id='word_1_228' title='bbox 787 1701 934 1739; x_wconf 88' lang='lat' dir='ltr'><strong>dictam</strong></span> <span class='ocrx_word' id='word_1_229' title='bbox 961 1701 1102 1739; x_wconf 89' lang='lat' dir='ltr'><strong>innuit.</strong></span> <span class='ocrx_word' id='word_1_230' title='bbox 1159 1700 1383 1753; x_wconf 85' lang='lat' dir='ltr'><strong>Stephanus</strong></span> <span class='ocrx_word' id='word_1_231' title='bbox 1408 1701 1458 1739; x_wconf 87' lang='lat' dir='ltr'><strong>de</strong></span> <span class='ocrx_word' id='word_1_232' title='bbox 1478 1701 1568 1740; x_wconf 88' lang='lat' dir='ltr'><strong>urb.</strong></span> 
     </span>
     <span class='ocr_line' id='line_1_27' title="bbox 104 1754 1564 1814; baseline -0.002 -12"><span class='ocrx_word' id='word_1_233' title='bbox 104 1757 341 1814; x_wconf 75' lang='grc' dir='ltr'><strong><em>Αναζαρβοέ,</em></strong></span> <span class='ocrx_word' id='word_1_234' title='bbox 370 1755 486 1807; x_wconf 86' lang='grc' dir='ltr'><strong><em>πόλις</em></strong></span> <span class='ocrx_word' id='word_1_235' title='bbox 503 1759 687 1808; x_wconf 82' lang='grc' dir='ltr'><strong><em>Κιλικίας</em></strong></span> <span class='ocrx_word' id='word_1_236' title='bbox 705 1757 888 1811; x_wconf 84' lang='grc' dir='ltr'><strong><em>κέκληται</em></strong></span> <span class='ocrx_word' id='word_1_237' title='bbox 916 1754 997 1799; x_wconf 64' lang='lat' dir='ltr'><strong>cino*</strong></span> <span class='ocrx_word' id='word_1_238' title='bbox 1025 1761 1099 1799; x_wconf 82' lang='grc' dir='ltr'><strong>τοῦ</strong></span> <span class='ocrx_word' id='word_1_239' title='bbox 1117 1757 1403 1812; x_wconf 78' lang='grc' dir='ltr'><strong><em>προκειμένου,</em></strong></span> <span class='ocrx_word' id='word_1_240' title='bbox 1432 1754 1462 1811; x_wconf 76' lang='grc' dir='ltr'><em>ἢ</em></span> <span class='ocrx_word' id='word_1_241' title='bbox 1483 1754 1564 1799; x_wconf 67' lang='lat' dir='ltr'><strong>obn}</strong></span> 
     </span>
     <span class='ocr_line' id='line_1_28' title="bbox 105 1813 586 1871; baseline -0.006 -13"><span class='ocrx_word' id='word_1_242' title='bbox 105 1813 269 1871; x_wconf 77' lang='grc' dir='ltr'><strong><em>Αζοὶρβα</em></strong></span> <span class='ocrx_word' id='word_1_243' title='bbox 282 1817 356 1857; x_wconf 80' lang='grc' dir='ltr'><strong>τοῦ</strong></span> <span class='ocrx_word' id='word_1_244' title='bbox 369 1815 586 1864; x_wconf 81' lang='grc' dir='ltr'><strong>κτίσαντος.</strong></span> 
     </span>
    </p>

    <p class='ocr_par' dir='ltr' id='par_1_7' title="bbox 103 1877 1565 2108">
     <span class='ocr_line' id='line_1_29' title="bbox 219 1877 1565 1937; baseline -0.002 -11"><span class='ocrx_word' id='word_1_245' title='bbox 219 1887 315 1937; x_wconf 76' lang='lat' dir='ltr'><strong>Pag.</strong></span> <span class='ocrx_word' id='word_1_246' title='bbox 346 1887 440 1927; x_wconf 83' lang='lat'><strong>268.</strong></span> <span class='ocrx_word' id='word_1_247' title='bbox 472 1886 535 1925; x_wconf 90' lang='lat'><strong>17.</strong></span> <span class='ocrx_word' id='word_1_248' title='bbox 565 1881 635 1923; x_wconf 75' lang='grc' dir='ltr'><strong><em>καὶ</em></strong></span> <span class='ocrx_word' id='word_1_249' title='bbox 657 1878 939 1934; x_wconf 76' lang='grc' dir='ltr'><strong><em>ἐπενοήθησαν</em></strong></span> <span class='ocrx_word' id='word_1_250' title='bbox 960 1877 1041 1923; x_wconf 68' lang='grc' dir='ltr'><strong><em>ἐντ’</em></strong></span> <span class='ocrx_word' id='word_1_251' title='bbox 1072 1878 1224 1933; x_wconf 71' lang='grc' dir='ltr'><strong><em>αὐτῶν,</em></strong></span> <span class='ocrx_word' id='word_1_252' title='bbox 1253 1884 1336 1923; x_wconf 71' lang='grc' dir='ltr'><strong><em>ταῖν</em></strong></span> <span class='ocrx_word' id='word_1_253' title='bbox 1362 1881 1565 1936; x_wconf 80' lang='grc' dir='ltr'><strong><em>κυνηγίων</em></strong></span> 
     </span>
     <span class='ocr_line' id='line_1_30' title="bbox 103 1938 1564 1994; baseline -0.005 -11"><span class='ocrx_word' id='word_1_254' title='bbox 103 1940 134 1994; x_wconf 67' lang='grc' dir='ltr'><strong>ἠ’</strong></span> <span class='ocrx_word' id='word_1_255' title='bbox 150 1939 269 1994; x_wconf 64' lang='grc' dir='ltr'><strong>θέω]</strong></span> <span class='ocrx_word' id='word_1_256' title='bbox 300 1940 420 1979; x_wconf 72' lang='lat' dir='ltr'><strong>Ludis</strong></span> <span class='ocrx_word' id='word_1_257' title='bbox 445 1939 603 1991; x_wconf 87' lang='lat' dir='ltr'><strong>quidem</strong></span> <span class='ocrx_word' id='word_1_258' title='bbox 626 1939 882 1978; x_wconf 84' lang='lat' dir='ltr'><strong>Gladiatoriis</strong></span> <span class='ocrx_word' id='word_1_259' title='bbox 914 1938 1120 1978; x_wconf 75' lang='lat' dir='ltr'><strong>interdixit</strong></span> <span class='ocrx_word' id='word_1_260' title='bbox 1146 1940 1295 1978; x_wconf 81' lang='lat' dir='ltr'><strong>Nerva:</strong></span> <span class='ocrx_word' id='word_1_261' title='bbox 1327 1939 1564 1991; x_wconf 78' lang='lat' dir='ltr'><strong>cynegetica</strong></span> 
     </span>
     <span class='ocr_line' id='line_1_31' title="bbox 103 1995 1563 2049; baseline -0.001 -12"><span class='ocrx_word' id='word_1_262' title='bbox 103 2005 234 2038; x_wconf 82' lang='lat' dir='ltr'><strong>tamen</strong></span> <span class='ocrx_word' id='word_1_263' title='bbox 264 1997 435 2036; x_wconf 79' lang='lat' dir='ltr'><strong>absurde</strong></span> <span class='ocrx_word' id='word_1_264' title='bbox 453 1997 492 2035; x_wconf 88' lang='lat' dir='ltr'><strong>in</strong></span> <span class='ocrx_word' id='word_1_265' title='bbox 516 2010 652 2035; x_wconf 89' lang='lat' dir='ltr'><strong>eorum</strong></span> <span class='ocrx_word' id='word_1_266' title='bbox 682 1997 814 2034; x_wconf 86' lang='lat' dir='ltr'><strong>locum</strong></span> <span class='ocrx_word' id='word_1_267' title='bbox 839 1995 1088 2035; x_wconf 85' lang='lat' dir='ltr'><strong>substituisse</strong></span> <span class='ocrx_word' id='word_1_268' title='bbox 1116 1996 1266 2036; x_wconf 78' lang='lat' dir='ltr'><strong>dicitur</strong></span> <span class='ocrx_word' id='word_1_269' title='bbox 1286 1997 1438 2048; x_wconf 75' lang='lat' dir='ltr'><strong>Nerva,</strong></span> <span class='ocrx_word' id='word_1_270' title='bbox 1470 2010 1563 2049; x_wconf 88' lang='lat' dir='ltr'><strong>spe-</strong></span> 
     </span>
     <span class='ocr_line' id='line_1_32' title="bbox 105 2052 988 2108; baseline 0 -14"><span class='ocrx_word' id='word_1_271' title='bbox 105 2056 254 2094; x_wconf 87' lang='lat' dir='ltr'><strong>ctacula</strong></span> <span class='ocrx_word' id='word_1_272' title='bbox 275 2055 355 2108; x_wconf 83' lang='lat' dir='ltr'><strong>jam</strong></span> <span class='ocrx_word' id='word_1_273' title='bbox 376 2054 469 2093; x_wconf 85' lang='lat' dir='ltr'><strong>olim</strong></span> <span class='ocrx_word' id='word_1_274' title='bbox 493 2054 646 2106; x_wconf 91' lang='lat' dir='ltr'><strong>populo</strong></span> <span class='ocrx_word' id='word_1_275' title='bbox 668 2052 848 2092; x_wconf 82' lang='lat' dir='ltr'><strong>exhiberi</strong></span> <span class='ocrx_word' id='word_1_276' title='bbox 864 2052 988 2094; x_wconf 77' lang='lat' dir='ltr'><strong>solita.</strong></span> 
     </span>
    </p>
   </div>
   <div class='ocr_carea' id='block_1_6' title="bbox 101 2116 1564 2804">
    <p class='ocr_par' dir='ltr' id='par_1_8' title="bbox 101 2116 1564 2231">
     <span class='ocr_line' id='line_1_33' title="bbox 217 2116 1564 2178; baseline -0.004 -13"><span class='ocrx_word' id='word_1_277' title='bbox 217 2127 313 2178; x_wconf 78' lang='lat' dir='ltr'><strong>Pag.</strong></span> <span class='ocrx_word' id='word_1_278' title='bbox 344 2126 441 2166; x_wconf 82' lang='lat'><strong>269.</strong></span> <span class='ocrx_word' id='word_1_279' title='bbox 475 2125 514 2164; x_wconf 85' lang='lat'><strong>6.</strong></span> <span class='ocrx_word' id='word_1_280' title='bbox 545 2118 689 2173; x_wconf 81' lang='grc' dir='ltr'><strong><em>οἷφανῆ</em></strong></span> <span class='ocrx_word' id='word_1_281' title='bbox 717 2118 861 2161; x_wconf 74' lang='grc' dir='ltr'><strong><em>ἔαυτόν</em></strong></span> <span class='ocrx_word' id='word_1_282' title='bbox 879 2116 1082 2174; x_wconf 81' lang='grc' dir='ltr'><strong><em>ποιήσας]</em></strong></span> <span class='ocrx_word' id='word_1_283' title='bbox 1123 2120 1360 2173; x_wconf 88' lang='lat' dir='ltr'><strong>Opinionem</strong></span> <span class='ocrx_word' id='word_1_284' title='bbox 1389 2121 1490 2160; x_wconf 89' lang='lat' dir='ltr'><strong>hanc</strong></span> <span class='ocrx_word' id='word_1_285' title='bbox 1509 2121 1564 2159; x_wconf 84' lang='lat' dir='ltr'><strong>ir-</strong></span> 
     </span>
     <span class='ocr_line' id='line_1_34' title="bbox 101 2177 1348 2231; baseline -0.003 -11"><span class='ocrx_word' id='word_1_286' title='bbox 101 2181 208 2221; x_wconf 87' lang='lat' dir='ltr'><strong>ridet</strong></span> <span class='ocrx_word' id='word_1_287' title='bbox 227 2180 446 2228; x_wconf 76' lang='lat' dir='ltr'><strong>cedrenus,</strong></span> <span class='ocrx_word' id='word_1_288' title='bbox 474 2192 566 2231; x_wconf 85' lang='lat' dir='ltr'><strong>pag.</strong></span> <span class='ocrx_word' id='word_1_289' title='bbox 589 2178 685 2221; x_wconf 83' lang='lat'><strong>248.</strong></span> <span class='ocrx_word' id='word_1_290' title='bbox 707 2177 881 2218; x_wconf 86' lang='lat' dir='ltr'><strong>Edition.</strong></span> <span class='ocrx_word' id='word_1_291' title='bbox 901 2178 1023 2217; x_wconf 89' lang='lat' dir='ltr'><strong>Paris.</strong></span> <span class='ocrx_word' id='word_1_292' title='bbox 1054 2191 1171 2230; x_wconf 88' lang='lat' dir='ltr'><strong>quem</strong></span> <span class='ocrx_word' id='word_1_293' title='bbox 1189 2178 1348 2217; x_wconf 88' lang='lat' dir='ltr'><strong>videsis.</strong></span> 
     </span>
    </p>

    <p class='ocr_par' dir='ltr' id='par_1_9' title="bbox 101 2242 1564 2804">
     <span class='ocr_line' id='line_1_35' title="bbox 213 2242 1562 2300; baseline -0.004 -9"><span class='ocrx_word' id='word_1_294' title='bbox 213 2250 316 2300; x_wconf 74' lang='lat' dir='ltr'><em>Pag-</em></span> <span class='ocrx_word' id='word_1_295' title='bbox 344 2251 439 2291; x_wconf 86' lang='grc'><strong>270.</strong></span> <span class='ocrx_word' id='word_1_296' title='bbox 470 2250 510 2289; x_wconf 91' lang='lat'><strong>8.</strong></span> <span class='ocrx_word' id='word_1_297' title='bbox 540 2242 766 2299; x_wconf 76' lang='grc' dir='ltr'><strong><em>Αρσᾶκην,</em></strong></span> <span class='ocrx_word' id='word_1_298' title='bbox 801 2242 826 2287; x_wconf 78' lang='grc' dir='ltr'>ὅ</span> <span class='ocrx_word' id='word_1_299' title='bbox 843 2246 924 2288; x_wconf 81' lang='grc' dir='ltr'><strong><em>ἐστι</em></strong></span> <span class='ocrx_word' id='word_1_300' title='bbox 953 2245 1138 2299; x_wconf 81' lang='grc' dir='ltr'><strong><em>βασιλέα]</em></strong></span> <span class='ocrx_word' id='word_1_301' title='bbox 1164 2245 1401 2298; x_wconf 85' lang='lat' dir='ltr'><strong>Hesychius.</strong></span> <span class='ocrx_word' id='word_1_302' title='bbox 1431 2250 1562 2298; x_wconf 85' lang='grc' dir='ltr'><strong><em>Λρσα-</em></strong></span> 
     </span>
     <span class='ocr_line' id='line_1_36' title="bbox 102 2303 1562 2357; baseline -0.004 -11"><span class='ocrx_word' id='word_1_303' title='bbox 102 2319 187 2354; x_wconf 80' lang='grc' dir='ltr'><strong><em>κες,</em></strong></span> <span class='ocrx_word' id='word_1_304' title='bbox 209 2305 251 2346; x_wconf 86' lang='grc' dir='ltr'><strong>οἷ</strong></span> <span class='ocrx_word' id='word_1_305' title='bbox 266 2307 439 2357; x_wconf 79' lang='grc' dir='ltr'><strong><em>βασιλεῖς</em></strong></span> <span class='ocrx_word' id='word_1_306' title='bbox 459 2306 640 2357; x_wconf 76' lang='grc' dir='ltr'><strong><em>Περσῶν.</em></strong></span> <span class='ocrx_word' id='word_1_307' title='bbox 670 2303 766 2341; x_wconf 85' lang='lat' dir='ltr'><strong>Inde</strong></span> <span class='ocrx_word' id='word_1_308' title='bbox 788 2310 848 2342; x_wconf 88' lang='lat' dir='ltr'><strong>est</strong></span> <span class='ocrx_word' id='word_1_309' title='bbox 867 2303 976 2355; x_wconf 89' lang='lat' dir='ltr'><strong>quod</strong></span> <span class='ocrx_word' id='word_1_310' title='bbox 1001 2303 1191 2342; x_wconf 88' lang='lat' dir='ltr'><strong>habemus</strong></span> <span class='ocrx_word' id='word_1_311' title='bbox 1217 2303 1342 2353; x_wconf 78' lang='lat' dir='ltr'><strong>infra,</strong></span> <span class='ocrx_word' id='word_1_312' title='bbox 1371 2303 1413 2340; x_wconf 90' lang='lat' dir='ltr'><strong>in</strong></span> <span class='ocrx_word' id='word_1_313' title='bbox 1439 2303 1562 2341; x_wconf 85' lang='lat' dir='ltr'><strong>Julia-</strong></span> 
     </span>
     <span class='ocr_line' id='line_1_37' title="bbox 103 2356 1564 2414; baseline 0.001 -15"><span class='ocrx_word' id='word_1_314' title='bbox 103 2374 154 2400; x_wconf 90' lang='lat' dir='ltr'><strong>no</strong></span> <span class='ocrx_word' id='word_1_315' title='bbox 174 2361 271 2413; x_wconf 88' lang='lat' dir='ltr'><strong>Imp.</strong></span> <span class='ocrx_word' id='word_1_316' title='bbox 301 2356 693 2413; x_wconf 78' lang='grc' dir='ltr'><strong><em>Σαββουραρσοὶκης,</em></strong></span> <span class='ocrx_word' id='word_1_317' title='bbox 725 2360 835 2412; x_wconf 92' lang='lat' dir='ltr'><strong>quod</strong></span> <span class='ocrx_word' id='word_1_318' title='bbox 863 2360 1090 2414; x_wconf 85' lang='lat' dir='ltr'><strong>disjunctim</strong></span> <span class='ocrx_word' id='word_1_319' title='bbox 1119 2360 1382 2408; x_wconf 87' lang='lat' dir='ltr'><strong>scriberetur,</strong></span> <span class='ocrx_word' id='word_1_320' title='bbox 1415 2356 1564 2412; x_wconf 78' lang='grc' dir='ltr'><strong><em>Σᾶπωρ</em></strong></span> 
     </span>
     <span class='ocr_line' id='line_1_38' title="bbox 102 2409 1561 2470; baseline -0.003 -11"><span class='ocrx_word' id='word_1_321' title='bbox 102 2414 314 2470; x_wconf 77' lang='grc' dir='ltr'><strong><em>Λρσᾶκης,</em></strong></span> <span class='ocrx_word' id='word_1_322' title='bbox 354 2420 479 2469; x_wconf 82' lang='lat' dir='ltr'><strong>Sapor</strong></span> <span class='ocrx_word' id='word_1_323' title='bbox 508 2419 606 2458; x_wconf 86' lang='lat' dir='ltr'><strong>Rex.</strong></span> <span class='ocrx_word' id='word_1_324' title='bbox 665 2418 743 2455; x_wconf 84' lang='lat' dir='ltr'><strong>Pro</strong></span> <span class='ocrx_word' id='word_1_325' title='bbox 770 2409 939 2469; x_wconf 65' lang='grc' dir='ltr'><strong><em>Περσῖὄν</em></strong></span> <span class='ocrx_word' id='word_1_326' title='bbox 974 2424 1128 2467; x_wconf 90' lang='lat' dir='ltr'><strong>tamen,</strong></span> <span class='ocrx_word' id='word_1_327' title='bbox 1172 2416 1280 2468; x_wconf 89' lang='lat' dir='ltr'><strong>apud</strong></span> <span class='ocrx_word' id='word_1_328' title='bbox 1306 2415 1561 2467; x_wconf 84' lang='lat' dir='ltr'><strong>Hesychium,</strong></span> 
     </span>
     <span class='ocr_line' id='line_1_39' title="bbox 103 2470 1564 2527; baseline 0.001 -17"><span class='ocrx_word' id='word_1_329' title='bbox 103 2475 286 2524; x_wconf 82' lang='lat' dir='ltr'><strong>suspicor</strong></span> <span class='ocrx_word' id='word_1_330' title='bbox 313 2474 522 2526; x_wconf 83' lang='lat' dir='ltr'><strong>legendum</strong></span> <span class='ocrx_word' id='word_1_331' title='bbox 557 2470 769 2527; x_wconf 68' lang='grc' dir='ltr'><strong><em>Πάρθωνε</em></strong></span> <span class='ocrx_word' id='word_1_332' title='bbox 810 2474 981 2513; x_wconf 86' lang='lat' dir='ltr'><strong>Parthici</strong></span> <span class='ocrx_word' id='word_1_333' title='bbox 1022 2477 1124 2513; x_wconf 91' lang='lat' dir='ltr'><strong>enim</strong></span> <span class='ocrx_word' id='word_1_334' title='bbox 1165 2487 1294 2523; x_wconf 81' lang='lat' dir='ltr'><strong>regeS,</strong></span> <span class='ocrx_word' id='word_1_335' title='bbox 1337 2470 1564 2511; x_wconf 77' lang='lat' dir='ltr'><strong>Arsacidae</strong></span> 
     </span>
     <span class='ocr_line' id='line_1_40' title="bbox 103 2528 1562 2584; baseline 0.001 -17"><span class='ocrx_word' id='word_1_336' title='bbox 103 2529 202 2568; x_wconf 86' lang='lat' dir='ltr'><strong>dicti</strong></span> <span class='ocrx_word' id='word_1_337' title='bbox 232 2537 335 2571; x_wconf 84' lang='lat' dir='ltr'><strong>sunt.</strong></span> <span class='ocrx_word' id='word_1_338' title='bbox 401 2533 570 2584; x_wconf 86' lang='lat' dir='ltr'><strong>Procop.</strong></span> <span class='ocrx_word' id='word_1_339' title='bbox 605 2531 655 2570; x_wconf 90' lang='lat' dir='ltr'><strong>de</strong></span> <span class='ocrx_word' id='word_1_340' title='bbox 687 2531 766 2571; x_wconf 90' lang='lat' dir='ltr'><strong>bel.</strong></span> <span class='ocrx_word' id='word_1_341' title='bbox 792 2532 900 2573; x_wconf 84' lang='lat' dir='ltr'><strong>Pers.</strong></span> <span class='ocrx_word' id='word_1_342' title='bbox 931 2532 960 2571; x_wconf 91' lang='lat' dir='ltr'><strong>l.</strong></span> <span class='ocrx_word' id='word_1_343' title='bbox 991 2535 1031 2574; x_wconf 92' lang='grc'><strong>2.</strong></span> <span class='ocrx_word' id='word_1_344' title='bbox 1070 2530 1145 2570; x_wconf 78' lang='grc' dir='ltr'><strong>εἰσὶ</strong></span> <span class='ocrx_word' id='word_1_345' title='bbox 1174 2528 1246 2582; x_wconf 83' lang='grc' dir='ltr'><strong>μὲν</strong></span> <span class='ocrx_word' id='word_1_346' title='bbox 1273 2528 1391 2581; x_wconf 78' lang='grc' dir='ltr'><strong><em>ἡμῶν</em></strong></span> <span class='ocrx_word' id='word_1_347' title='bbox 1421 2528 1562 2569; x_wconf 81' lang='grc' dir='ltr'><strong><em>πολλοὶ</em></strong></span> 
     </span>
     <span class='ocr_line' id='line_1_41' title="bbox 102 2582 1562 2641; baseline 0.001 -16"><span class='ocrx_word' id='word_1_348' title='bbox 102 2587 345 2637; x_wconf 78' lang='grc' dir='ltr'><strong><em>Αρσακίδαι,</em></strong></span> <span class='ocrx_word' id='word_1_349' title='bbox 371 2582 405 2628; x_wconf 77' lang='grc' dir='ltr'><em>ὦ</em></span> <span class='ocrx_word' id='word_1_350' title='bbox 427 2587 618 2638; x_wconf 82' lang='grc' dir='ltr'><strong><em>δέσποτα,</em></strong></span> <span class='ocrx_word' id='word_1_351' title='bbox 658 2587 810 2629; x_wconf 76' lang='grc' dir='ltr'><strong><em>ἐκείνου</em></strong></span> <span class='ocrx_word' id='word_1_352' title='bbox 840 2585 1031 2641; x_wconf 77' lang='grc' dir='ltr'><strong><em>Αρσάκου</em></strong></span> <span class='ocrx_word' id='word_1_353' title='bbox 1060 2582 1272 2640; x_wconf 82' lang='grc' dir='ltr'><strong><em>οἷπόγονοι·</em></strong></span> <span class='ocrx_word' id='word_1_354' title='bbox 1303 2583 1351 2634; x_wconf 79' lang='grc' dir='ltr'><strong>ὃς</strong></span> <span class='ocrx_word' id='word_1_355' title='bbox 1387 2583 1437 2638; x_wconf 72' lang='grc' dir='ltr'><strong>δή</strong></span> <span class='ocrx_word' id='word_1_356' title='bbox 1470 2583 1562 2627; x_wconf 70' lang='grc' dir='ltr'><strong><em>οὔτε</em></strong></span> 
     </span>
     <span class='ocr_line' id='line_1_42' title="bbox 101 2638 1559 2699; baseline 0 -17"><span class='ocrx_word' id='word_1_357' title='bbox 101 2645 175 2693; x_wconf 82' lang='grc' dir='ltr'><strong>τῆς</strong></span> <span class='ocrx_word' id='word_1_358' title='bbox 204 2638 382 2695; x_wconf 76' lang='grc' dir='ltr'><strong><em>Πάρθων</em></strong></span> <span class='ocrx_word' id='word_1_359' title='bbox 405 2645 604 2697; x_wconf 81' lang='grc' dir='ltr'><strong><em>βασιλείας</em></strong></span> <span class='ocrx_word' id='word_1_360' title='bbox 625 2640 829 2699; x_wconf 68' lang='grc' dir='ltr'><strong><em>ἀλλότριος</em></strong></span> <span class='ocrx_word' id='word_1_361' title='bbox 858 2641 1070 2698; x_wconf 79' lang='grc' dir='ltr'><strong><em>ἐτύγχανεν</em></strong></span> <span class='ocrx_word' id='word_1_362' title='bbox 1087 2640 1164 2694; x_wconf 67' lang='grc' dir='ltr'><strong>ὧν,</strong></span> <span class='ocrx_word' id='word_1_363' title='bbox 1193 2641 1314 2695; x_wconf 65' lang='grc' dir='ltr'><strong><em>’ἡνίκα</em></strong></span> <span class='ocrx_word' id='word_1_364' title='bbox 1339 2639 1421 2683; x_wconf 73' lang='grc' dir='ltr'><strong>ύπὸ</strong></span> <span class='ocrx_word' id='word_1_365' title='bbox 1448 2638 1559 2695; x_wconf 74' lang='grc' dir='ltr'><strong><em>Πάρ-</em></strong></span> 
     </span>
     <span class='ocr_line' id='line_1_43' title="bbox 101 2697 1557 2755; baseline -0.001 -17"><span class='ocrx_word' id='word_1_366' title='bbox 101 2702 195 2746; x_wconf 83' lang='grc' dir='ltr'><strong><em>θοις</em></strong></span> <span class='ocrx_word' id='word_1_367' title='bbox 212 2697 334 2740; x_wconf 52' lang='lat' dir='ltr'><strong>&amp;nstro</strong></span> <span class='ocrx_word' id='word_1_368' title='bbox 360 2698 408 2740; x_wconf 74' lang='grc' dir='ltr'><strong><em>τᾶ</em></strong></span> <span class='ocrx_word' id='word_1_369' title='bbox 429 2704 597 2754; x_wconf 77' lang='grc' dir='ltr'><strong><em>Περσῶν</em></strong></span> <span class='ocrx_word' id='word_1_370' title='bbox 617 2698 841 2755; x_wconf 70' lang='grc' dir='ltr'><strong><em>πράγματα.</em></strong></span> <span class='ocrx_word' id='word_1_371' title='bbox 899 2701 1025 2740; x_wconf 87' lang='lat' dir='ltr'><strong>Persis</strong></span> <span class='ocrx_word' id='word_1_372' title='bbox 1043 2713 1140 2740; x_wconf 87' lang='lat' dir='ltr'><strong>vero</strong></span> <span class='ocrx_word' id='word_1_373' title='bbox 1169 2700 1268 2750; x_wconf 83' lang='lat' dir='ltr'><strong>Rex,</strong></span> <span class='ocrx_word' id='word_1_374' title='bbox 1303 2698 1465 2754; x_wconf 76' lang='grc' dir='ltr'><strong><em>Τορκὶμ,</em></strong></span> <span class='ocrx_word' id='word_1_375' title='bbox 1496 2712 1557 2738; x_wconf 84' lang='lat' dir='ltr'><strong>so-</strong></span> 
     </span>
     <span class='ocr_line' id='line_1_44' title="bbox 101 2757 708 2804; baseline 0.008 -12"><span class='ocrx_word' id='word_1_376' title='bbox 101 2760 191 2804; x_wconf 82' lang='lat' dir='ltr'><strong>nat3</strong></span> <span class='ocrx_word' id='word_1_377' title='bbox 221 2762 266 2793; x_wconf 87' lang='lat' dir='ltr'><strong>ut</strong></span> <span class='ocrx_word' id='word_1_378' title='bbox 283 2769 333 2794; x_wconf 86' lang='lat' dir='ltr'><strong>ex</strong></span> <span class='ocrx_word' id='word_1_379' title='bbox 355 2763 489 2796; x_wconf 82' lang='lat' dir='ltr'><strong>nostro</strong></span> <span class='ocrx_word' id='word_1_380' title='bbox 509 2757 708 2799; x_wconf 76' lang='lat' dir='ltr'><strong>discimus,</strong></span> 
     </span>
    </p>
   </div>
   <div class='ocr_carea' id='block_1_7' title="bbox 214 2821 1554 2881">
    <p class='ocr_par' dir='ltr' id='par_1_10' title="bbox 214 2821 1554 2881">
     <span class='ocr_line' id='line_1_45' title="bbox 214 2821 1554 2881; baseline -0.004 -13"><span class='ocrx_word' id='word_1_381' title='bbox 214 2821 251 2862; x_wconf 87' lang='grc' dir='ltr'><strong>Ρ</strong></span> <span class='ocrx_word' id='word_1_382' title='bbox 247 2837 310 2877; x_wconf 75' lang='lat' dir='ltr'><strong>ag·</strong></span> <span class='ocrx_word' id='word_1_383' title='bbox 344 2827 438 2868; x_wconf 80' lang='lat'><strong>270.</strong></span> <span class='ocrx_word' id='word_1_384' title='bbox 468 2823 532 2866; x_wconf 85' lang='lat'><strong>14.</strong></span> <span class='ocrx_word' id='word_1_385' title='bbox 579 2823 646 2867; x_wconf 88' lang='grc' dir='ltr'><strong>τὸν</strong></span> <span class='ocrx_word' id='word_1_386' title='bbox 677 2822 1084 2881; x_wconf 79' lang='grc' dir='ltr'><strong><em>Παραθεμασπᾶτην]</em></strong></span> <span class='ocrx_word' id='word_1_387' title='bbox 1125 2824 1197 2863; x_wconf 86' lang='lat' dir='ltr'><strong>Dio</strong></span> <span class='ocrx_word' id='word_1_388' title='bbox 1228 2823 1554 2878; x_wconf 83' lang='grc' dir='ltr'><strong><em>Παρθαμασίρην</em></strong></span> 
     </span>
    </p>
   </div>
  </div>
 </body>
</html>
