1838 3230
306 193 401 243 190
695 193 989 239 IOANNIS
1017 197 1353 243 MALALAE

299 313 381 353 τῶν
397 309 643 366 “Λι’γυπτι’ων
676 311 743 353 καὶ
777 312 971 367 Θηβαίων
1004 313 1028 370 ἢ
1058 313 1199 373 πρώτη
1233 315 1303 373 ἕτη
1337 316 1477 378 ἀυήί.
1544 325 1676 366 ταῦτα
1705 324 1750 366 δὲ

298 381 515 436 Εἰρηναῖος
534 377 554 421 ὅ
577 378 705 435 σοφὸς
730 379 1012 439 χρονογράφος
1030 383 1204 434 ἐξέθετο.

396 456 462 499 Ἔν
491 461 548 515 τῷ
574 456 684 515 αὐτῷ
708 458 752 500 δὲ
776 464 902 519 καιρῷ
933 460 1136 519 ἀρχιερεὺς
1154 459 1203 518 ἦν
1222 467 1304 507 τῶν
1318 463 1526 510 Ἰουδαίων
1540 465 1745 518 Ἰαδδοῦς·

299 524 487 579 κατέσχεν
504 520 575 567 οὖν
594 522 620 578 ἡ
644 523 833 583 Ἑβραϊκὴ
856 528 1128 587 ἀρχιερωσύνη
1153 531 1221 587 ἔτη
1250 531 1371 592 Ιασβῖ

395 601 460 645 Ἔν
482 603 526 645 δὲ
546 609 631 653 τοῖς
654 604 793 655 αὐτοῖς
820 605 979 664 χρόνοις
998 607 1023 664 ἦ
1041 607 1179 661 Ῥόδος
1206 609 1232 666 ἢ
1259 615 1381 665 νῆσος
1412 609 1491 654 ὕπὸ
1522 613 1778 668 θεομηνίας5

298 674 466 723 σεισμοῦ
500 671 730 728 κατηνέχθη
761 678 874 717 πᾶσα
909 676 950 718 ἓν
978 679 1074 732 μηνὶ
1104 678 1311 738 ὄκτωβρίῳ
1344 677 1510 729 νυκτός·
1559 682 1628 732 καὶ
1658 680 1748 724 ἕπε-

298 755 367 781 σεν
384 736 408 793 ἦ
431 736 557 794 στήλη
577 743 650 782 τοῦ
667 744 865 785 κολοσσοῦ
883 745 949 785 καὶ
970 744 1092 789 ἔκειτο
1107 748 1250 801 χαμαί.
1320 745 1412 790 τότε
1432 748 1477 790 δὲ
1495 748 1535 790 οἷ
1555 747 1748 805 ἀρχιερεῖς

296 810 380 848 τῶν
412 805 619 850 Ἰουδαίων
653 811 718 851 καὶ
755 810 802 853 τὸ
839 810 961 861 ἔθνος
995 811 1089 856 ὅλον
1125 812 1278 870 φόρους
1314 815 1473 858 ἐδίδουν
1507 815 1746 873 Ἀσσυρίοις.

246 884 278 920 D
301 871 568 930 ὖπτιιῦθησαν
597 877 641 918 δὲ
665 875 756 921 τότε
778 879 817 921 οἱ
838 877 1042 937 Ἀσσύριοι
1067 884 1134 925 καὶ
1155 880 1176 925 ὃ
1195 878 1341 938 Ὦχος,
1377 883 1566 937 βασιλεὺς
1586 883 1743 927 αὐτῶν·

299 943 367 985 καὶ
398 941 673 999 ἔτυράννησαν
701 950 837 989 πᾶσαν
865 947 938 1002 τὴν
964 953 1061 1004 γῆν,
1103 951 1169 992 καὶ
1198 948 1410 1006 παρεδόθη
1433 949 1460 1006 ἦ
1481 953 1666 1005 βασιλεία
1689 954 1744 1003 εἷς
1757 967 1800 1002 10

294 1017 433 1068 χεῖρας
447 1010 668 1068 Ἀσσυρίων
696 1016 761 1056 καὶ
783 1018 959 1072 Περσῶν
976 1019 1042 1059 καὶ
1064 1016 1226 1073 Μήδων
1246 1020 1312 1061 καὶ
1336 1016 1540 1076 Πάρθων.

403 1094 491 1144 Τῆς
510 1091 555 1132 δὲ
573 1094 834 1143 Μακεδονίας
851 1095 1083 1148 ἐβασίλευσε
1106 1099 1307 1147 Φίλιππος
1327 1096 1395 1153 ἴτη
1420 1095 1470 1141 κ’.
1506 1097 1617 1149 ὅστις
1633 1097 1745 1154 νική-

152 1167 185 1201 Ο
207 1165 276 1204 243
299 1173 376 1207 σας
407 1155 576 1208 ὑπέταξε
603 1159 677 1214 τὴν
711 1164 961 1216 Θεσσαλίαν,
996 1166 1063 1207 καὶ
1089 1167 1206 1217 κτίζει
1235 1163 1352 1208 πόλιν
1383 1167 1438 1215 εἷς
1456 1165 1530 1220 τὴν
1545 1169 1744 1209 Μακεδο-

293 1226 405 1278 νίαν,
452 1224 503 1281 ’ἢν
533 1224 692 1271 ἐκάλεσε
723 1232 1046 1287 Θεσσαλονίκην,
1084 1232 1157 1288 τὴν
1188 1231 1328 1291 πρῴην
1360 1234 1572 1289 λεγομένην
1605 1232 1743 1290 κώμην

297 1294 473 1349 Θέρμας.
542 1293 761 1347 Διονύσιος
787 1299 831 1340 δὲ
863 1300 1022 1349 ἐξέθετο
1059 1298 1120 1343 ὅτι
1151 1302 1206 1344 εἷς
1235 1301 1364 1355 ὄνομα
1386 1303 1627 1358 βασιλίσσης
1644 1307 1742 1357 μιᾶς
1755 1314 1798 1350 15

292 1366 368 1404 τοῦ
398 1361 537 1417 γένους
569 1365 776 1408 Φιλίππου
802 1367 904 1420 μετὰ
931 1372 1062 1410 ταῦτα
1083 1366 1236 1423 ἐκλήθη
1265 1371 1554 1425 Θεσσαλονίκη.
1624 1371 1742 1413 κατέ-

293 1446 387 1484 σχεν
415 1425 486 1472 οὖν
515 1427 540 1484 ἦ
570 1434 779 1486 βασιλεία,
816 1433 906 1489 ἤτοι
939 1437 1160 1491 τοπαρχία,
1199 1435 1453 1480 Μακεδόνων
1486 1436 1553 1492 ἔτη
1576 1436 1646 1493 χβ’
1667 1439 1743 1487 ἕως

292 1502 368 1552 τῆς
385 1499 592 1551 βασιλείας
620 1504 692 1542 τοῦ
715 1501 840 1544 αὐτοῦ
874 1505 1099 1557 Φιλίππου,
1135 1505 1277 1555 καθώς
1297 1502 1318 1547 ὅ
1349 1502 1590 1562 σοφώτατος
1613 1505 1743 1549 Εὐσέ-

292 1570 383 1619 βιος
406 1564 426 1608 ὃ
445 1568 671 1623 Παμφίλου
698 1578 981 1627 χρονογραφεῖ.

240 1655 273 1690 Ε
397 1647 482 1689 Καὶ
499 1646 603 1700 μετὰ
628 1649 827 1692 Φίλιππον
847 1651 1079 1703 ἐβασίλευσε
1097 1654 1171 1706 τῆς
1194 1651 1457 1700 Μακεδονίας
1481 1650 1741 1709 Ἀλέξανδρος
1750 1661 1797 1697 20

384 1779 418 1814 3.
440 1774 604 1817 Ἰαδδοῦς
627 1777 712 1820 Ch.‚
733 1775 871 1821 Ἰούδας
894 1780 960 1814 Ox.
1029 1783 1062 1816 9.
1080 1775 1188 1826 Ὦχος
1209 1781 1294 1823 Ch.‚
1315 1782 1423 1822 Χιὸος
1445 1781 1512 1816 ΟΧ.
1587 1783 1640 1819 17.
1663 1781 1716 1828 χβ’
1726 1783 1741 1827 ]

383 1823 529 1866 „Error
562 1823 617 1858 hic
647 1824 683 1857 in
715 1835 870 1860 numero:
909 1837 930 1860 a
963 1825 1097 1861 Carano
1134 1827 1220 1861 enim
1253 1827 1361 1873 primo
1386 1827 1608 1862 Macedonum
1631 1828 1741 1872 Rege,

384 1880 496 1948 gsqu‘e‘
517 1869 570 1948 gill
596 1869 787 1950 Plxirlhffiuru
818 1872 924 1952 Ιᾶυιέτ,
961 1876 1246 1954 ἓοοοωῃύὅιηωω
1285 1884 1388 1908 annos
1427 1876 1598 1908 enumerat
1629 1874 1741 1908 Euse-

409 1926 468 1948 ωε.
572 1939 582 1950 .
661 1940 670 1949 .
735 1927 778 1950 ai.
802 1928 822 1951 a
905 1929 961 1952 use
986 1943 994 1954 .
1018 1929 1051 1964 p.
1144 1945 1154 1955 .

295 2026 393 2073 gypti
416 2027 601 2071 Dynastia,
641 2039 703 2073 per
727 2038 830 2064 annos
852 2041 1063 2065 mccccxcm.
1110 2031 1207 2065 Haec
1228 2042 1311 2067 vero
1334 2029 1468 2077 sapiens
1489 2030 1667 2073 Irenaeus,
1703 2030 1739 2065 in

295 2073 471 2108 Chronicis
494 2073 559 2107 suis
582 2073 708 2118 scripta
730 2075 881 2120 reliquit.

382 2128 503 2163 Iisdem
533 2130 738 2173 temporibus
762 2131 923 2166 Pontifex
950 2132 1155 2168 ,Iudaeorum
1185 2131 1341 2168 maximus
1369 2131 1434 2166 fuit
1455 2131 1570 2167 Judas.
1615 2132 1740 2167 Sacer-

294 2173 421 2209 dotium
444 2178 555 2208 autem
576 2175 751 2209 Judaicum
775 2176 909 2211 duravit
930 2189 1031 2213 annos
1056 2189 1196 2214 cloccn.

386 2230 486 2265 Circa
510 2230 597 2264 idem
620 2234 772 2274 tempus,
794 2233 932 2267 Rhodus
955 2235 1082 2277 insula,
1105 2247 1215 2269 mense
1237 2233 1399 2276 Octobri,
1422 2237 1584 2268 nocturno
1606 2236 1738 2280 tempo-

292 2288 350 2318 re,
385 2279 461 2310 tota
483 2278 596 2310 terrae
618 2277 760 2310 motibus
784 2285 1004 2323 conquassata
1027 2284 1096 2314 est:
1134 2292 1200 2325 quo
1222 2284 1370 2314 tremore
1393 2279 1547 2314 colossus
1569 2279 1670 2314 etiam
1693 2279 1737 2313 ad

293 2327 419 2356 terram
444 2321 607 2367 collapsus
630 2324 690 2355 est.
738 2322 792 2355 Eo
815 2327 968 2369 tempore
989 2325 1172 2360 Pontifices
1193 2325 1326 2360 maximi
1348 2325 1570 2366 Judaeorum,
1594 2328 1737 2370 totaque

291 2379 373 2412 gens
386 2391 397 2408 ‚
435 2367 565 2401 tributa
587 2365 728 2411 Assyriis
752 2368 952 2412 pendebant.
1000 2371 1126 2415 Assyrii
1148 2374 1279 2412 autem,
1315 2382 1390 2404 cum
1414 2371 1533 2410 Ocho,
1555 2381 1639 2413 rege
1661 2382 1735 2412 suo,

292 2412 450 2447 elatiores
473 2412 576 2454 facti,
608 2412 644 2446 in
665 2416 791 2447 terram
813 2414 998 2449 universam
1031 2416 1209 2462 imperium
1232 2418 1473 2450 exercuerunt:
1514 2415 1736 2460 Regnumque

292 2457 454 2493 traditum
478 2461 530 2492 est
551 2458 585 2491 in
609 2469 722 2492 manus
745 2459 966 2503 Assyriorum,
989 2462 1176 2503 Persarum,
1200 2462 1388 2501 Medorum,
1411 2464 1446 2494 et
1466 2459 1679 2494 Parthorum.

382 2513 606 2548 Macedoniae
627 2525 708 2548 vero
730 2513 909 2560 imperavit
930 2516 1127 2562 Philippus,
1151 2529 1214 2562 per
1237 2529 1337 2552 annos
1358 2527 1423 2550 xx=
1452 2515 1510 2561 qui
1534 2528 1608 2551 cum
1625 2517 1735 2552 Thes-

293 2558 408 2593 saliam
431 2559 529 2593 armis
552 2559 754 2604 subegisset,
777 2560 905 2602 vicum,
929 2562 1094 2597 Thermas
1116 2567 1217 2597 antea
1239 2563 1382 2603 dictum,
1404 2561 1440 2595 in
1462 2562 1576 2596 urbem
1599 2563 1735 2604 factum,

292 2604 563 2638 Thessalonicam
593 2605 787 2639 nominavit.
843 2605 1018 2651 Dionysius
1050 2612 1162 2641 autem
1194 2615 1312 2642 auctor
1343 2610 1413 2648 est,
1452 2607 1735 2649 Thessalonicam,

290 2654 367 2694 post
389 2649 549 2694 temporis
572 2656 722 2685 vocatam
744 2651 864 2693 fuisse,
899 2662 920 2684 a
941 2652 1081 2696 reginae
1104 2653 1292 2696 cujusdam,
1317 2663 1338 2685 a
1362 2651 1516 2698 Philippo
1540 2658 1648 2688 ortum
1671 2653 1736 2686 du-

295 2694 423 2736 centis,
458 2695 601 2730 nomine.
648 2697 800 2740 Regnum
821 2708 922 2739 vero,
953 2697 1023 2731 sive
1045 2697 1212 2741 Dynastia
1234 2697 1477 2738 Macedonum,
1514 2698 1649 2733 duravit
1673 2709 1735 2732 an·-

295 2750 353 2772 nos
376 2750 471 2781 non,
508 2740 552 2774 ad
573 2741 725 2786 Philippi
748 2753 883 2787 regnum
905 2746 1110 2777 numeratos:
1152 2743 1238 2778 sicut
1258 2743 1293 2777 in
1315 2743 1484 2779 Chronico
1508 2755 1567 2778 suo
1589 2742 1733 2779 tradidit

296 2784 548 2829 sapientissimus
570 2787 736 2821 Eusebius
758 2787 935 2833 Pamphili.

383 2841 542 2888 Philippo
564 2843 732 2888 successit,
759 2843 794 2877 in
816 2855 920 2889 regno
943 2842 1176 2889 Macedonico,
1200 2845 1402 2888 Alexander,
1424 2845 1574 2892 Philippi
1596 2844 1638 2880 F,
1662 2844 1732 2880 Ba-
