1838 3230
616 123 1069 204 PRoLEcoMENA.
1502 182 1577 210 m

41 286 46 292 ·
70 288 177 316 ··non
198 274 293 316 raro
312 275 422 317 facit.
448 276 450 279 '
481 273 603 324 Quod
630 274 680 314 ad
710 273 922 315 secundum
950 276 1111 316 attinet:
1141 282 1187 316 ut
1208 274 1472 318 Iustinianum
1493 294 1513 318 a
1534 294 1576 320 se

95 347 340 388 celebratum
371 358 567 398 nusquam
597 350 715 383 vocat
740 342 813 386 τὸν
844 344 968 398 μέγαν
1000 346 1084 385 sive
1110 345 1319 397 seniorem,
1360 347 1418 386 sic
1446 361 1576 400 neque

93 413 292 461 Iustinum
320 414 428 454 illius
457 413 710 453 Decessorem
744 426 791 452 eo
821 412 939 452 titulo
966 427 1133 466 usquam
1160 414 1346 467 donavit,
1391 418 1576 469 quamvis

36 500 43 512 ·
93 491 247 526 certum
283 484 336 524 sit
362 497 452 524 eum
476 497 557 522 non
589 488 680 521 ante
707 481 919 534 imperium
949 480 1099 522 Justim·
1124 481 1302 523 Iunioris
1329 497 1446 523 suum
1473 499 1575 538 opus

91 553 365 594 elucubrasse:
394 560 440 593 ut
459 553 595 605 itaque
614 565 692 590 non
716 550 823 590 valet
843 558 1118 602 argumentum
1147 551 1225 592 hoc
1246 552 1296 591 de
1324 551 1480 594 Iustino
1499 552 1570 593 Ju-

89 622 221 674 m'ore,
250 622 310 661 sic
335 634 463 675 neque
491 627 688 675 repugnat
715 620 812 674 quin
835 621 949 674 Opus
970 634 1085 661 suum
1104 621 1371 661 conscriberet
1386 628 1480 676 post
1497 623 1571 663 im·

0 553 6 582 ξ

0 583 6 607 ᾗ
19 596 21 599 ⁴

0 616 3 628 π

0 650 5 689 ἰ

86 690 244 744 perium
265 689 482 731 Iustiniani
497 691 679 745 junioris.

199 759 371 799 XXXII.
420 759 490 798 -Ad
518 761 672 799 tertium
703 759 993 813 respondemus
1002 788 1016 809 ,
1053 759 1162 812 quod
1182 760 1212 799 si
1240 761 1483 803 concedatur
1503 763 1570 804 Li·-

85 827 204 868 brum
227 829 382 868 tertium
404 843 479 883 pro
508 824 778 881 Imaginibus,
810 828 880 880 qui
912 826 976 867 Jo.
1000 827 1245 868 Damascena·
1271 832 1430 872 nomine
1452 848 1568 887 prae-

32 916 34 918 ·
82 898 284 948 munitur,
315 910 455 937 revera
483 897 531 936 ab
561 911 606 936 eo
639 896 759 936 suisse
789 903 1046 946 contextum,
1088 897 1137 936 (le
1165 898 1276 937 illius
1295 907 1427 941 tamen
1450 917 1569 954 argu-

82 967 207 1006 menti
225 966 363 1006 valore
381 980 462 1005 non
486 966 682 1006 immerito
708 966 834 1019 possit
860 965 1049 1004 dubitari.
1108 965 1262 1005 Etenim
1294 970 1384 1022 quis
1405 971 1503 1010 adeo
1526 973 1566 1012 in

82 1035 272 1089 operibus
292 1036 546 1088 antiquorum
565 1034 734 1087 hospes,
764 1041 811 1074 ut
835 1049 913 1073 non
934 1041 1151 1086 cognoscat
1179 1050 1296 1087 quam
1332 1038 1462 1078 solent
1492 1055 1566 1079 eo-

7 1134 10 1137 *
78 1118 170 1144 rum
198 1105 306 1144 Libri
339 1119 361 1144 a
389 1105 625 1144 Lectoribus
651 1103 919 1156 interpolari?
960 1103 1059 1151 Quis
1092 1104 1223 1144 nescit
1260 1105 1301 1144 in
1330 1121 1439 1147 more
1472 1123 1563 1149 curn

76 1173 289 1214 Lectorum
311 1180 397 1213 tum
417 1173 689 1213 Librariorum
706 1172 850 1224 fuisse,
880 1185 970 1211 cum
1000 1172 1040 1210 in
1060 1172 1190 1212 Libris
1216 1174 1440 1215 testimonia
1462 1178 1563 1216 alio-

75 1255 167 1282 rum
189 1249 375 1294 congesta
396 1243 640 1296 reperirent,
671 1241 721 1280 de
751 1254 847 1291 su0,
879 1242 911 1279 si
934 1241 1031 1293 quid
1055 1243 1296 1293 occurrerit,
1328 1243 1502 1298 adjicere
1524 1253 1564 1285 et

75 1311 281 1351 inserere?
320 1312 461 1351 Nonne
486 1311 632 1351 docent
660 1311 740 1350 hoc
767 1310 926 1363 Scripta
956 1313 1183 1363 priscorum
1211 1311 1388 1364 infinita,
1420 1321 1459 1354 et
1484 1315 1559 1353 ista

73 1379 307 1433 praesertim
329 1381 370 1419 in
388 1380 534 1432 quibus
556 1385 855 1425 coacervantur,
887 1385 933 1417 ut
951 1378 991 1416 in
1011 1379 1130 1418 Libro
1151 1380 1362 1433 praedicto
1385 1380 1433 1421 de
1454 1381 1563 1422 Ima-

69 1447 229 1502 ginibus
261 1451 395 1500 tertio,
436 1449 586 1502 absque
626 1449 706 1488 ulla
735 1448 932 1488 orationis
964 1448 1233 1499 connexione,
1274 1449 1558 1503 Antiquiorutn

70 1516 323 1569 fragmenta?
354 1519 546 1571 Exemplo
570 1517 649 1557 sint
678 1517 799 1570 hujus
826 1516 887 1556 rei
905 1515 1119 1556 Anastasia·
1138 1515 1319 1558 Sinaitae
1349 1519 1559 1574 Theologi—

71 1600 142 1625 cae
165 1584 439 1639 Quaestiones,
482 1587 533 1626 de
562 1584 706 1639 quibus
736 1586 856 1624 modo
888 1585 1084 1634 diximus3
1130 1593 1169 1624 et
1190 1585 1260 1640 (ut
1283 1588 1356 1626 alia
1379 1591 1558 1642 mittam)

71 1664 172 1706 quae
200 1661 375 1695 tractant
404 1656 453 1695 de
478 1656 612 1695 eadem
640 1656 825 1706 materia,
866 1654 915 1693 de
946 1653 1170 1707 Imaginum
1199 1668 1256 1694 sc.
1287 1657 1555 1709 veneratione,

72 1720 243 1763 Concilii
262 1723 434 1763 Nicaeni
459 1722 622 1764 secundi
640 1723 777 1763 Acta:
822 1725 863 1761 in
896 1736 1068 1774 quorum
1091 1722 1266 1762 Actione
1288 1724 1328 1767 4.
1353 1725 1422 1764 ubi
1446 1728 1556 1767 Scri·-

65 1798 230 1845 ptorum
250 1794 451 1831 variorum
481 1806 556 1844 pro
581 1790 826 1845 Imaginibus
847 1797 1119 1843 congeruntur
1139 1792 1252 1842 loca,
1286 1793 1326 1831 in
1352 1795 1555 1847 aliquibus

65 1861 373 1914 Exemplaribus
392 1860 590 1900 habentur
611 1860 856 1899 'testimonia
887 1860 997 1899 varia
1028 1867 1190 1913 praeter
1219 1875 1263 1900 ea
1288 1875 1391 1913 quae
1410 1878 1550 1904 revera

62 1929 106 1967 in
138 1929 301 1981 Synodo
330 1930 405 1969 isla
438 1930 603 1970 recitata
624 1936 728 1969 sunt.
784 1929 850 1967 Sic
871 1928 910 1966 in
931 1928 1076 1969 Codice
1093 1930 1256 1981 antiquo
1278 1930 1549 1973 Bibliothecae

66 1995 292 2038 Vaticanae
326 1999 413 2053 (uti
444 2000 639 2038 monitum
667 1997 835 2050 Notal)
875 1997 1084 2050 marginali
1123 1997 1176 2036 ad
1209 1998 1376 2038 Concilii
1405 2001 1547 2054 Acta)

62 2074 283 2107 occurrunt
311 2069 474 2108 Patrum
500 2069 717 2122 pleraeque
747 2067 977 2117 sententiae,
1018 2080 1120 2119 quae
1145 2080 1271 2119 neque
1288 2070 1546 2121 reperiuntur

57 2139 102 2178 in
131 2136 214 2175 ullo
256 2136 334 2176 alio
359 2137 524 2188 Codice,
565 2151 693 2189 neque
725 2136 857 2175 ordini
891 2135 1250 2174 Interlocutionum
1286 2138 1543 2189 respondent.

58 2203 125 2242 Sic
158 2218 318 2257 quoque
347 2205 389 2244 in
419 2206 572 2258 Synodi
600 2206 713 2244 istius
741 2204 930 2244 Editione
958 2205 1112 2244 Graeca
1139 2205 1340 2257 reperitur
1361 2209 1541 2246 narratio

58 2283 109 2310 ex
150 2269 249 2311 Vita
285 2271 328 2313 S.
360 2272 422 2314 Jo.
453 2273 719 2328 Jejunatoris,
758 2274 866 2314 Patr.
897 2273 970 2313 ΟΡ.
1014 2287 1134 2325 quam
1165 2287 1292 2325 neque
1322 2283 1543 2325 agnoscunt

56 2340 308 2394 Exemplaria
341 2343 493 2383 Graeca
532 2344 632 2393 alia,
671 2355 799 2394 neque
832 2341 954 2381 Vetus
976 2340 1113 2381 Editio
1139 2341 1370 2394 Latinass).
1433 2343 1539 2392 Dixi,

54 2409 92 2448 si
118 2408 359 2450 concedatur
387 2411 554 2452 Librum
582 2412 735 2451 tertium
764 2425 838 2464 pro
862 2409 1108 2464 Imaginibus
1129 2412 1198 2464 qui
1215 2409 1277 2452 Jo.
1296 2411 1540 2452 Damascena·

54 2478 209 2516 nomine
222 2481 496 2532 praemunitur
515 2495 646 2520 revera
667 2479 718 2519 ab
741 2478 813 2519 illo
828 2479 964 2536 fuisse
989 2488 1241 2518 contextum.-
1273 2481 1365 2530 quia
1399 2480 1474 2532 (ut
1493 2480 1540 2518 li.

54 2551 142 2585 ceat
161 2546 259 2586 mihi
281 2550 391 2601 quod
408 2564 471 2590 res
491 2557 550 2591 est
570 2548 733 2602 dicere)
757 2563 837 2588 non
857 2550 1001 2589 desunt
1021 2561 1122 2601 quae
1141 2547 1237 2586 mihi
1257 2548 1537 2601 persuadeant,

94 2775 136 2820 ¹)
163 2779 212 2810 to.
234 2776 268 2811 7.
293 2787 326 2821 p.
349 2776 428 2812 272.

89 2834 134 2878 ²)
160 2845 194 2879 p.
221 2834 300 2870 767.
