1838 3230
259 166 355 215 140
400 231 401 235 Ἰ
596 164 945 210 -‘10ANle
973 166 1311 212 MALALAE

107 288 141 323 0
168 288 236 325 178
363 288 450 327 Τοῦ
471 285 515 328 δὲ
533 283 726 342 Ὀρέστου
746 283 1026 339 ἀναλαβόντος
1043 285 1119 337 τὰς
1135 287 1241 337 ι’ὃιάς
1259 286 1431 344 φρένας,
1464 285 1490 343 ἦ
1507 286 1713 345 Ἰφιγένεια

259 350 361 396 εἶδεν
394 354 435 396 ἒν
468 351 643 410 ὁράματι
672 353 825 410 ἔλαφον
857 354 1050 410 λέγουσαν
1081 355 1207 413 αὐτῇ,
1250 359 1376 412 Φεῦγε
1405 357 1448 398 ἐκ
1477 359 1550 411 τῆς
1573 353 1714 412 χώρας

255 422 417 477 ἐκείνης.
489 423 555 464 καὶ
578 421 790 464 ἀναστᾶσα
811 426 868 481 τῷ
896 425 1001 480 πρωὶ
1035 422 1123 478 ἅμα
1151 427 1209 482 τῷ
1234 423 1406 481 Ὀρέστῃ
1439 426 1507 467 καὶ
1535 423 1599 482 τῷ
1614 428 1712 468 Πυ-

256 487 363 547 λάδῃ
396 489 538 546 ἔφυγεν
569 490 632 531 ἐπὶ
660 490 733 544 τὴν
764 487 949 547 πάραλον
970 495 1042 546 τῆς
1060 493 1364 547 Παλαιστίνης·
1399 492 1712 537 κάκεῖθενᾶπο-

257 555 502 606 πλεύσαντες
519 553 654 612 ἦλθον
673 558 735 600 ἐπὶ
756 557 828 613 τὴν
847 560 1002 616 Συρίαν
1019 559 1124 603 κατὰ
1146 560 1215 603 τὸν
1230 558 1428 617 χρησμόν.
1469 591 1483 606 ,·
1589 569 1595 573 ’
1629 591 1631 597 ,
1721 569 1744 605 5

352 623 400 668 Ὅ
442 626 487 668 δὲ
523 626 713 679 βασιλεὺς
751 630 824 682 τῆς
864 628 1050 678 Σκυθίας
1083 626 1252 682 ὀνόματι
1286 626 1399 678 Θόας
1433 625 1628 680 ἀκούσας’
1649 627 1713 672 ὅτι

255 693 302 735 τὸ
322 691 486 749 ἄγαλμα
504 698 577 748 τῆς
597 693 833 750 Ἀρτέμιδος
860 695 907 738 τὸ
933 694 1153 752 ὁλόχρυσον
1183 696 1325 750 ἔλαβεν
1354 695 1379 751 ἢ
1404 695 1612 753 Ἰφιγένεια
1645 699 1714 740 καὶ

137 773 168 808 v
191 774 236 810 59
260 760 402 818 ἔφυγεν
414 794 428 814 ,
469 761 666 817 ἐξέπεμψε
685 761 855 813 Σκύθας
874 764 1048 814 πολλοὺς
1065 762 1392 815 καταδιώκοντας
1413 763 1541 820 αὐτήν
1549 797 1564 818 ,
1602 766 1714 822 εἴρη-

255 829 336 879 κώς
354 829 493 879 αὐτοῖς
510 829 572 872 ὅτι
592 831 670 885 Μὴ
689 829 974 888 ὑποστρέψητε
994 835 1049 882 εἷς
1065 832 1138 887 τὴν
1157 835 1366 886 Σκυθίαν,
1395 835 1430 876 εἷ
1443 832 1499 888 μὴ
1519 833 1566 875 τὸ
1584 832 1714 888 ἄγαλ-

255 915 315 952 μα
348 898 395 940 τὸ
423 895 647 955 ὁλόχρυσον
677 903 750 954 τῆς
774 899 1007 956 Ἀρτέμιδος
1032 898 1208 956 ἅγοῖγητέ
1223 918 1294 954 μοι
1315 900 1409 954 μεθ’
1434 899 1604 944 ἑαυτῶν.
1673 901 1712 945 οἶ
1723 910 1768 945 10

257 967 302 1008 δὲ
346 965 664 1017 καταδιώκοντες
705 970 772 1010 καὶ
822 966 1130 1023 ἐπιζητήσαντες
1168 973 1353 1026 πανταχῇ
1405 967 1595 1026 ἔφθασαν
1638 969 1713 1024 τὴν

255 1035 538 1090 Παλαιστίνην
566 1034 708 1092 χώραν
744 1037 811 1078 καὶ
844 1036 917 1091 τὴν
953 1035 1093 1095 πρῴην
1123 1036 1336 1092 λεγομένην
1368 1038 1605 1094 Τρικωμίαν
1635 1035 1715 1080 πό-

256 1106 318 1144 λιν
346 1101 533 1147 Νύσσαν.
604 1106 670 1145 καὶ
709 1102 916 1158 μαθόντες
951 1104 1012 1148 ὅτι
1041 1109 1250 1159 κατῆλθον
1279 1105 1318 1148 οἳ
1350 1106 1438 1162 περὶ
1462 1104 1543 1160 ,τὴν
1569 1105 1714 1162 Ἰφιγέ-

256 1188 366 1214 νειαν
400 1173 467 1213 καὶ
499 1171 570 1214 τὸν
591 1171 786 1228 Ὀρέστην
804 1174 868 1215 ἐπὶ
889 1171 1164 1228 τὴνπάραλον
1183 1174 1250 1215 καὶ
1270 1173 1424 1223 εὐθέως
1443 1173 1712 1225 ἀπέπλευσαν,

107 1249 141 1283 0
168 1249 234 1285 179
258 1240 505 1296 τερφθέντες
541 1245 615 1295 τῆς
656 1241 903 1290 τοποθεσίας
937 1243 1004 1283 καὶ
1041 1245 1114 1295 τῆς
1150 1239 1302 1291 πόλεως
1334 1239 1505 1297 Νύσσης
1538 1243 1604 1285 καὶ
1638 1245 1712 1284 τοῦ
1724 1251 1768 1287 15

259 1308 369 1363 ἱεροῦ
400 1312 474 1363 τῆς
497 1308 752 1365 Ἀρτέμιδος,
797 1310 862 1351 καὶ
897 1309 967 1352 τὸν
1007 1309 1178 1362 βασιλέα
1209 1310 1252 1351 δὲ
1284 1309 1419 1352 αὐτῶν
1449 1307 1711 1366 φοβούμενοι,

257 1375 415 1429 ἴμειναν
433 1376 550 1419 αὐτοὶ
577 1378 658 1419 ἐκεῖ
682 1378 906 1430 οἰκοῦντες,
941 1377 1286 1431 μετακαλέσαντες
1305 1377 1380 1432 τὴν
1398 1376 1515 1420 πόλιν
1533 1379 1588 1428 εἷς
1608 1377 1712 1421 ἴδιον

255 1443 387 1499 ὄνομα
408 1449 586 1488 Σκυθῶν
605 1442 733 1488 πόλιν.

203 1527 234 1561 Β
353 1511 403 1555 ‘0
434 1514 478 1555 δὲ
502 1512 696 1570 Ὀρέστης
731 1513 816 1567 ἅμα
844 1519 931 1563 τοῖς
962 1512 1037 1556 σὺν
1068 1511 1180 1572 αὐτῷ
1213 1511 1409 1567 κατέλαβε
1439 1512 1514 1568 τὴν
1533 1513 1711 1570 Συρίαν·

255 1582 324 1622 καὶ
360 1580 546 1624 ἀνελθὼν
573 1582 616 1623 ἐκ
657 1586 728 1624 τοῦ
762 1583 904 1624 πλοίου
939 1578 1127 1637 ἐπηρώτα
1166 1585 1246 1623 ποῦ
1282 1581 1367 1623 ἔστι
1400 1581 1447 1625 τὸ
1479 1579 1768 1625 Μελάντιονέο

257 1647 354 1707 ὅρος
387 1651 454 1692 καὶ
478 1648 526 1692 τὸ
556 1649 663 1707 ἱερὸν
701 1654 774 1705 τῆς
801 1648 986 1705 Ἓστίαςς
1033 1651 1100 1692 καὶ
1124 1646 1326 1707 εὖρηκώς,
1372 1651 1560 1705 εῗσῆλθεν
1587 1651 1629 1693 ἐν
1655 1653 1713 1709 τῷ

346 1793 380 1827 6.
415 1792 603 1833 Σκυθείας
627 1792 716 1834 Ox.,
741 1792 892 1828 correxit
914 1791 977 1826 Ch.
1070 1789 1125 1828 14.
1165 1791 1225 1828 ἐπὶ
1247 1789 1314 1837 τήν
1335 1790 1552 1839 παράλαβον
1573 1787 1714 1832 εὐθέως

349 1836 600 1873 ἀπέπλευσαν·
622 1837 840 1883 τερφθέντες
863 1839 928 1882 τῆς
950 1838 1196 1883 τοποθεσίας]
1228 1839 1390 1881 „Locum
1411 1839 1499 1872 hunc
1522 1837 1712 1871 mendosum

347 1882 398 1916 ita
421 1883 661 1918 restituendum
685 1896 821 1919 censeo:
845 1883 903 1920 ἐπὶ
926 1881 993 1930 τὴν
1015 1883 1192 1931 πάραλον,
1215 1885 1278 1921 καὶ
1299 1882 1441 1926 εὐθέως
1465 1881 1711 1919 ἀπέπλευσαν·

346 1929 566 1973 τερφθέντες
585 1932 650 1976 τῆς
671 1933 841 1967 τοποθ.“
887 1931 952 1965 ch.

352 2053 478 2087 Oreste
511 2064 592 2088 vero
626 2053 661 2087 in
691 2065 805 2088 sanam
835 2057 980 2090 mentem
1012 2066 1172 2097 reverso,
1206 2053 1406 2100 Iphigeniae
1429 2065 1493 2100 per
1515 2052 1713 2091 insomnium

259 2098 506 2133 obversabatur
529 2110 653 2141 cerva,
684 2110 773 2143 quae
797 2100 934 2135 dicebat
956 2101 1007 2135 ei:
1040 2103 1138 2146 Fuge
1161 2112 1200 2134 ex
1220 2102 1359 2146 regione
1381 2101 1462 2135 ista.
1508 2101 1621 2135 Primo
1644 2098 1713 2133 ita-

259 2155 329 2188 que
353 2155 449 2178 mane
471 2155 632 2189 surgens,
667 2155 734 2178 una
757 2157 830 2179 cum
863 2146 994 2191 Pylade
1017 2151 1052 2181 et
1075 2148 1220 2188 Oreste,
1256 2147 1290 2180 in
1311 2146 1477 2180 maritima
1499 2143 1713 2181 Palaestinae

259 2190 376 2233 fugam
399 2190 596 2225 adornavit:
621 2190 744 2224 abinde
766 2202 867 2233 vero,
891 2203 1014 2226 morem
1039 2192 1175 2228 oraculo
1198 2197 1376 2237 gerentes,
1399 2191 1435 2226 in
1456 2192 1593 2238 Syriam
1615 2189 1713 2225 navi-

285 2240 398 2269 arunt.

258 2246 283 2279 g
353 2281 559 2325 Scytharum
580 2284 691 2315 autem
713 2292 774 2316 rex
798 2282 935 2324 Thoas,
970 2284 1029 2317 ubi
1051 2283 1217 2325 audisset,
1257 2282 1468 2328 Iphigeniam
1491 2284 1634 2328 abrepto
1657 2293 1712 2317 se-

261 2337 337 2360 eum
360 2327 490 2361 Dianae
511 2327 708 2362 simulachro
731 2339 835 2361 aureo
860 2329 1051 2372 aufug3sse3
1078 2330 1226 2374 Scythas
1248 2328 1366 2364 multos
1389 2329 1533 2369 emittit,
1556 2328 1615 2373 qui
1638 2339 1712 2362 earn

257 2370 540 2416 insequerentur3
564 2377 743 2418 praeterea
768 2373 1024 2417 interminatur,
1045 2374 1081 2408 in
1097 2374 1294 2420 Scythiam,
1316 2374 1379 2408 nisi
1401 2377 1579 2428 reportato
1601 2385 1712 2408 secum

258 2416 392 2452 Dianae
415 2418 613 2452 simulachro
637 2429 760 2460 aureo,
802 2430 844 2452 ne
867 2419 1019 2453 redirent
1041 2431 1196 2464 unquam.
1242 2420 1382 2464 Egressi
1403 2419 1530 2464 igitur,
1571 2419 1712 2464 Iphige-

257 2462 347 2497 niam
370 2463 495 2508 ubique
511 2463 751 2508 requirebant3
774 2469 810 2499 et
833 2465 1056 2499 Palaestinam
1078 2466 1213 2500 tandem
1237 2466 1388 2510 appulsi,
1412 2465 1457 2498 ad
1479 2465 1594 2499 urbem
1617 2465 1712 2509 Nys-

257 2520 347 2550 sam3
384 2510 590 2544 Tricomiam
613 2514 714 2544 antea
735 2514 907 2551 vocatam,
939 2515 1175 2555 pervenerunt.
1221 2510 1349 2544 Edocti
1369 2521 1469 2551 vero,
1499 2510 1709 2555 Iphigeniam

257 2565 333 2587 cum
356 2555 501 2598 Oreste,
534 2555 571 2589 in
593 2555 758 2591 maritima
779 2555 968 2599 fugientes,
993 2555 1115 2590 abinde
1138 2556 1215 2589 vela
1237 2555 1389 2596 dedisse3
1426 2555 1492 2590 loci
1514 2555 1601 2590 illius
1625 2556 1709 2590 Dia-

255 2610 321 2633 nae
354 2601 471 2645 templi
511 2602 710 2647 Nyssaeque
741 2601 832 2636 urbis
864 2600 1064 2634 amoenitate
1101 2600 1212 2645 capti,
1253 2605 1503 2646 praetereaque
1524 2605 1709 2636 metuentes

257 2644 328 2722 siblii
346 2657 367 2679 a
389 2646 485 2691 Rege
507 2658 584 2689 suo,
615 2648 712 2682 sedes
732 2646 781 2681 ibi
802 2649 1006 2693 posuerunt3
1029 2647 1232 2692 urbemque,
1256 2657 1278 2680 a
1300 2646 1434 2681 nomine
1454 2658 1536 2689 suo,
1558 2647 1708 2691 Scytho-

283 2702 302 2722 ο
330 2701 361 2723 m
383 2697 559 2726 vocarunt.

255 2700 280 2734 p
349 2737 488 2771 Orestes
510 2750 613 2780 vero,
636 2749 703 2772 una
725 2749 799 2773 eum
821 2737 906 2778 suis,
931 2736 1065 2783 Syriam
1087 2736 1245 2782 appulsus
1267 2740 1339 2779 est3
1363 2737 1574 2783 navibusque
1595 2748 1710 2782 egres-

257 2790 330 2822 sus,
355 2781 399 2815 de
422 2782 586 2817 Melantio
609 2787 743 2826 monte,
764 2783 875 2829 deque
896 2783 1022 2817 Vestae
1044 2783 1190 2828 templo,
1211 2784 1339 2819 incolas
1359 2784 1601 2828 interrogabat
1631 2781 1709 2822 Quo

258 2824 417 2870 invento,
452 2829 610 2874 templum
631 2829 799 2874 ingressus
823 2832 896 2872 est3
937 2828 1105 2874 sacrisque
1127 2830 1293 2874 peractis,
1329 2842 1393 2877 per
1414 2834 1546 2875 tempus
1569 2827 1708 2873 aliquod
