1838 3230
297 175 395 223 476
693 171 987 216 IOANNIS
1015 172 1348 216 MALALAE

390 286 664 334 Ἀνελθόντων
697 291 741 332 δὲ
766 290 834 332 διὰ
863 294 936 333 τοῦ
966 292 1225 345 καθίσματος
1258 289 1428 334 ῧπισθεν
1456 288 1657 335 Μούνδου
1669 293 1746 336 καὶ

297 356 638 402 Κωνσταντιόλου
692 359 759 400 καὶ
797 360 1039 415 Βελισαριόυ
1078 360 1145 401 καὶ
1188 358 1322 402 ἄλλων
1361 363 1635 416 συγκλητικῶν
1676 361 1747 405 καὶ

295 428 495 481 βοηθείας
534 424 702 467 ἐνόπλου
711 458 724 478 ,
770 427 981 482 λαθραίως
1010 426 1186 478 ἐξελθών
1213 426 1387 484 Ναρσὴς
1413 424 1753 484 κουβικουλάριοςι

296 496 363 536 καὶ
386 491 619 550 σπαθ·ιι’ριος
635 491 839 548 ὖπὲκλεψέ
856 511 968 545 τινας
1002 495 1097 545 τοὺς
1116 499 1189 538 τοῦ
1213 496 1386 538 Βενέτου
1407 495 1569 552 μέρους,
1605 493 1745 552 ῥογεῦ-

296 578 374 611 σας
400 562 539 611 αὐτοῖς
563 559 769 617 χριῖματα.
840 564 908 604 καὶ
936 561 1228 613 στασιάσαντὲς
1257 580 1360 613 τινες
1387 564 1430 606 ἐκ
1461 567 1535 607 τοῦ
1559 561 1779 618 πλήθουςό

295 629 461 686 ἔκραζον
500 629 785 672 Ἰουστινιανὸν
817 631 987 683 βασιλέα
1005 635 1056 687 τῇ
1074 630 1186 673 πόλει
1200 645 1210 655 ·
1247 633 1490 686 ὃιχονοῆσαν
1512 632 1556 674 δὲ
1573 631 1621 674 τὸ
1641 634 1746 685 πλῆ-

295 703 376 747 θος
395 696 591 753 ὥρμησαν
612 697 695 740 κατ’
720 696 917 752 ἀλλήλων.
986 703 1069 741 τῶν
1091 700 1135 742 δὲ
1159 702 1451 755 στρατηλατῶν
1481 697 1748 742 εἴσελθόντων

243 770 277 804 E
299 766 401 820 μετὰ
417 767 617 821 βοηθείας
646 766 686 808 ἓν
711 770 770 824 τῷ
805 766 1082 824 ἶπποδρομίῳ,
1130 769 1172 816 ἐξ
1199 767 1440 824 ἀμφοτέρων
1466 771 1549 810 τῶν
1580 765 1747 810 dodam

296 833 472 888 ἤρξαντο
493 832 653 876 κόπτειν
671 833 722 876 τὰ
744 832 900 889 πλήθη·
927 836 993 877 καὶ
1014 834 1128 878 ἄλλοι
1147 836 1220 888 μὲν
1240 834 1436 887 ἐτόξευον,
1463 836 1588 888 ἕτεροι
1607 836 1652 877 δὲ
1671 852 1748 877 κα-

296 902 509 958 τέσφαζον.
580 906 716 959 κρυφῇ
762 903 806 945 δὲ
850 902 1027 952 ἐξελθών
1055 901 1293 958 Βελισάριος
1340 903 1411 946 τὸν
1446 904 1519 956 μὲν
1550 901 1746 946 ζΥπιξτιον
1759 910 1804 943 10

295 972 363 1012 καὶ
381 967 601 1025 Πομπήιον
614 971 718 1026 χειρὶ
738 968 994 1025 συνελάβετο,
1025 973 1091 1013 καὶ
1114 969 1318 1026 εΐσήγαγεν
1346 971 1494 1020 αὐτοὺς
1515 975 1573 1029 τῷ
1590 974 1754 1024 βασιλεῖ

147 1047 181 1080 Ο
205 1047 274 1081 218
291 1038 577 1096 Ἶουστινιανῷ.
647 1040 712 1080 καὶ
733 1039 986 1095 προσέπεσαν
1004 1037 1081 1082 ὑπὸ
1111 1039 1208 1088 τοὺς
1229 1037 1360 1089 πόδας
1381 1043 1454 1081 τοῦ
1481 1038 1608 1082 αὐτοῦ
1625 1043 1748 1092 βασι-

297 1106 397 1155 λέως
421 1103 738 1162 ἀπολογούμενοι
767 1108 834 1149 καὶ
861 1107 1054 1162 λέγοντες,
1090 1109 1308 1160 Δέσποτα,
1346 1107 1473 1157 πολὺς
1498 1105 1595 1162 ἧμῖν
1622 1098 1750 1155 ’κόπος

175 1184 207 1217 V
231 1186 276 1220 76
300 1174 449 1230 ἐγένετο
475 1173 576 1217 ὥστε
602 1172 824 1231 συναγάγαι
840 1175 937 1224 τοὺς
966 1176 1143 1231 ἐχθροὺς
1168 1180 1241 1218 τοῦ
1269 1173 1445 1232 κράτους
1475 1173 1591 1229 ὑμῶν
1621 1175 1663 1217 ἓν
1690 1177 1748 1232 τῷ

293 1241 580 1300 Ἱπποδρομίῳ.
636 1245 701 1284 καὶ
722 1243 959 1298 ἀποκριθεὶς
981 1244 1081 1299 πρὸς
1108 1243 1258 1292 αὐτοὺς
1281 1242 1301 1286 ὅ
1322 1243 1514 1298 βασιλεὺς
1536 1241 1632 1295 εἶπε,
1654 1244 1746 1285 Κα-
1760 1245 1803 1280 15

297 1314 379 1360 λῶς
399 1311 472 1364 μὲν
494 1308 755 1365 πεποιήκατε·
792 1313 825 1352 εἲ
846 1312 890 1353 δὲ
913 1312 1123 1354 ἐπείθοντο
1149 1310 1245 1366 ὑμῖν
1274 1315 1574 1368 προστατοῦσι,
1611 1309 1680 1353 διὰ
1709 1310 1754 1352 τί

296 1378 355 1433 μὴ
375 1383 498 1421 τοῦτο
531 1376 744 1432 ἐποιήσατε
789 1377 868 1431 πρὸ
894 1383 967 1420 τοῦ
1000 1384 1207 1433 καυθῆναι
1237 1384 1374 1421 πᾶσαν
1408 1379 1482 1434 τὴν
1503 1377 1645 1432 πόλιν,·
1681 1379 1749 1420 καὶ

298 1446 582 1502 ἐπιτραπέντες
619 1447 655 1488 οἳ
691 1445 918 1500 σπαθύριοι
952 1444 1033 1489 ὑπὸ
1069 1452 1144 1489 τοῦ
1172 1447 1374 1501 βασιλέως
1399 1447 1630 1502 παρέλαβον
1681 1447 1748 1488 καὶ

297 1513 534 1557 ἀπέκλεισαν
556 1512 750 1556 ιΥπάτιον
779 1516 845 1556 καὶ
871 1513 1105 1570 Πομπήιον.
1194 1515 1232 1557 οἶ
1265 1515 1309 1557 δὲ
1337 1516 1378 1557 ἓν
1406 1518 1464 1572 τῷ
1493 1514 1748 1571 ἶπποδρομίῳ

296 1584 515 1638 σφαγέντες
532 1578 637 1637 ἦσαν
653 1580 829 1638 χιλιάδες
850 1581 1066 1638 τριάκοντα
1085 1582 1198 1626 πέντε
1215 1587 1346 1640 μικρῷ
1374 1582 1493 1624 πλέον
1513 1581 1538 1637 ἢ
1559 1581 1744 1624 ἔλασσον.
1757 1587 1805 1621 20

296 1653 363 1692 καὶ
383 1656 432 1708 τῇ
470 1648 661 1706 ἐπαύριον
685 1648 920 1707 ἐσφάγησαν
941 1648 1134 1700 εΥπάτιος
1175 1652 1242 1693 καὶ
1269 1649 1512 1705 Πομπήιος,
1547 1651 1613 1692 καὶ
1641 1649 1750 1706 3643!-

298 1736 435 1774 φησαν
457 1719 508 1761 τὰ
530 1720 704 1773 λείψανα
726 1718 861 1761 αὐτῶν
880 1720 921 1761 ἐν
943 1717 1152 1776 θαλάσσῃ.
1199 1716 1219 1761 0‘
1241 1719 1285 1761 δὲ
1303 1719 1425 1768 αὐτὸς
1446 1717 1636 1771 βασιλεὺς
1655 1715 1750 1771 ἐσή-

298 1805 400 1842 μανε
420 1787 492 1842 τὴν
513 1785 660 1830 ἑαυτοῦ
682 1788 794 1842 νίκην
825 1788 866 1830 ἐν
894 1785 1043 1836 πάσαις
1070 1793 1160 1837 ταῖς
1192 1784 1330 1829 πόλεσι
1357 1788 1423 1829 καὶ
1451 1786 1525 1841 τὴν
1548 1786 1750 1841 ἀναίρεσιν

390 1907 425 1942 4.
456 1906 564 1952 τούς]
599 1907 721 1941 Scribe
743 1907 815 1942 τῶν
846 1918 920 1941 cum
943 1907 1072 1941 chron.
1096 1906 1217 1941 Pasch.
1268 1931 1276 1940 .
1300 1907 1378 1943 339.
1402 1905 1443 1940 C.
1540 1876 1613 1940 v15.
1655 1901 1748 1947 εἶπε]

390 1954 426 1988 εἰ
446 1954 514 1988 Ox,
611 1956 664 1989 16.
691 1951 884 1995 ἐπείθοντο
908 1953 987 1995 Ch.‚
1010 1952 1200 1990 ἐπείθεντο
1226 1918 1295 1986 gx.
1375 1953 1431 1987 17.
1455 1948 1647 1996 ἐποιήσατε
1671 1949 1749 1991 Ch.‚

391 1997 585 2044 ἐποιήκατε
607 1999 676 2034 Ox.

392 2102 574 2136 Caeterum
597 2100 755 2143 Mundus,
792 2100 1039 2136 Constantiolus
1062 2104 1098 2134 et
1119 2099 1314 2142 Belisarius,
1337 2098 1463 2144 quique
1485 2097 1668 2132 Procerum
1691 2095 1749 2130 alii

302 2160 377 2185 cum
399 2151 530 2182 armata
550 2158 648 2180 manu
670 2147 706 2180 in
728 2148 908 2192 procinctu
930 2146 1085 2187 stabant,
1123 2146 1206 2180 clam
1230 2145 1364 2178 Circum
1386 2143 1547 2188 ingressi,
1571 2141 1658 2176 sedis
1681 2142 1749 2175 Im-

301 2194 496 2242 peratoriae
519 2204 540 2226 a
563 2197 662 2236 parte
683 2193 872 2236 posteriore
905 2192 1130 2226 delituerunt:
1167 2202 1239 2224 cum
1261 2190 1395 2224 interim
1417 2189 1542 2223 Narses
1565 2187 1749 2222 Cubicula-

302 2241 372 2276 rius
394 2244 429 2274 et
451 2237 665 2284 Spatbarius,
688 2238 840 2272 'Venetae
859 2237 1032 2272 Factionis
1054 2236 1229 2271 nonnullos
1250 2234 1469 2281 Imperatoris
1491 2234 1526 2267 in
1549 2238 1663 2279 partes
1686 2244 1749 2277 pe-

303 2285 476 2321 cuniarum
497 2284 689 2318 interventu
710 2283 928 2327 perduxerat.
981 2282 1143 2317 Nonnulli
1165 2281 1284 2325 itaque
1307 2279 1538 2315 seditiosorum
1560 2279 1749 2312 exclaman-

300 2338 364 2373 tes,
384 2329 606 2365 Justiuianum
629 2327 706 2362 urbi
728 2328 826 2361 reddi
848 2328 1090 2370 Imperatorem
1113 2327 1351 2370 deposcebant.
1397 2324 1515 2359 Divisa
1536 2324 1652 2370 itaque
1674 2327 1749 2357 tur-

299 2378 346 2411 ba
375 2389 411 2411 se
441 2375 584 2409 invicem
614 2373 808 2418 impetebat.
863 2373 1011 2408 Militum
1034 2385 1114 2407 vero
1137 2371 1295 2416 Magistri
1326 2382 1399 2405 cum
1421 2369 1580 2404 satellitio
1615 2368 1748 2403 interim

299 2434 361 2456 suo
385 2425 514 2456 armato
537 2420 672 2454 Circum
692 2419 880 2460 intrantes,
917 2418 962 2451 ad
983 2422 1157 2463 utrumque
1180 2419 1251 2461 ejus
1271 2416 1454 2460 ingressum
1476 2416 1611 2450 turbam
1634 2414 1750 2449 excin-

299 2468 384 2502 dere
406 2470 614 2511 coeperunt,
637 2466 696 2499 hos
719 2463 861 2509 gladiis,
882 2463 955 2497 illos
978 2463 1114 2509 spiculis
1137 2468 1300 2509 petentes.
1324 2459 1506 2495 Belisarius
1530 2466 1640 2495 autem
1663 2459 1750 2494 clam

299 2524 465 2558 egressus,
487 2511 685 2556 Hypatium,
711 2509 973 2555 Pompeiumque
995 2509 1174 2554 prehensos
1197 2507 1240 2542 ad
1261 2507 1503 2552 Imperatorem
1524 2505 1750 2540 Justinianum

298 2558 481 2605 perduxit:
518 2555 573 2590 cui
596 2556 640 2590 ad
665 2555 765 2601 pedes
789 2555 1019 2601 procidentes,
1042 2555 1194 2599 factique
1216 2552 1463 2587 excusationem
1488 2550 1747 2596 aggredientes:

299 2603 509 2646 „Tandem
531 2601 709 2646 inquiunt,
743 2600 907 2642 Domine,
928 2599 1066 2644 Imperii
1087 2600 1139 2633 tui
1161 2599 1290 2639 hostes,
1322 2609 1385 2631 nec
1407 2596 1498 2631 nullo
1522 2597 1608 2632 adeo
1632 2596 1749 2630 labore

298 2650 334 2683 in
357 2650 546 2683 Theatrum
571 2648 778 2692 coegimus.“
802 2646 933 2687 Quibus
955 2645 1162 2690 Imperator:
1188 2644 1308 2686 „Bene
1331 2637 1616 2687 fecistis,'inquit‚
1637 2641 1698 2675 sed
1719 2639 1747 2674 si

301 2706 359 2728 eos
381 2693 481 2728 dictis
503 2692 626 2736 vestris
649 2692 824 2727 audientes
853 2689 1033 2730 habuistis,
1076 2701 1180 2734 quare
1203 2700 1268 2722 non
1299 2689 1364 2722 hoc
1386 2687 1512 2722 fecistis
1535 2688 1628 2732 prius
1651 2687 1747 2731 quam

300 2740 382 2774 urbs
405 2742 480 2773 tota
503 2739 640 2772 flammis
673 2737 965 2772 absumeretur?“
1010 2736 1101 2770 Tum
1122 2745 1205 2768 vero
1229 2734 1428 2778 Spatharii,
1464 2733 1673 2778 Imperatore
1690 2732 1749 2775 Ju-

301 2786 414 2826 bente,
438 2784 625 2830 Hypatium
649 2788 684 2818 et
701 2783 895 2828 Pompeium
917 2782 953 2816 in
974 2792 1142 2815 carcerem
1167 2781 1352 2824 cogebant:
1376 2778 1434 2812 ubi
1456 2778 1621 2824 postridie
1641 2776 1747 2811 inter-

301 2830 386 2865 fecti
409 2836 504 2873 sunt,
542 2829 779 2875 cadaveraque
802 2840 917 2864 eorum
937 2827 972 2863 in
995 2838 1087 2863 mare
1110 2826 1302 2861 deturbata.
1348 2824 1557 2860 Ceciderunt
1578 2826 1689 2859 autem
1712 2821 1747 2856 in
