1838 3230
278 181 380 229 222
464 240 468 244 ἡ
677 178 965 222 IOANNIS
995 181 1335 227 MALALAE

279 296 353 352 τὴν
380 293 521 348 πόλιν,
558 296 730 347 καλέσας
759 298 814 346 εἷς
845 295 973 353 ὄνομα
1005 298 1140 343 αὐτῶν
1172 303 1239 343 καὶ
1266 301 1340 357 τὴν
1362 303 1557 361 ἐπαρχίαν
1577 307 1736 352 καὶ-τὸν

159 372 191 408 V
214 371 260 409 94
283 364 467 419 ποταμὸν
498 367 538 406 Γ
535 361 669 407 ἄλλον.
740 363 890 418 ὁμοίως
917 367 962 409 δὲ
991 370 1058 410 καὶ
1086 369 1160 423 τὴν
1186 372 1356 412 Λυδίαν
1386 374 1453 415 καὶ
1479 375 1736 431 Παμφυλίαν

278 433 352 482 τὰς
382 433 574 488 ἐπαρχίας
597 432 676 474 ἀπὸ
705 438 779 475 τοῦ
808 434 934 477 αὐτοῦ
953 435 1189 493 Δηιοτάρου
1218 439 1520 494 ἕπαρχουμένας
1556 442 1735 498 παρέλα-

277 506 325 555 βε
345 502 410 543 καὶ
431 501 611 554 ἐποίησεν
631 499 711 543 ὑπὸ
725 499 970 555 Ῥωμαίους,
1000 504 1167 558 πέμψας
1180 508 1398 563 Κουρίωνα
1418 505 1588 562 ὀνόματι
1605 526 1735 567 στρω-

278 569 399 624 τηγὸν
428 568 554 610 αὐτοῦ
581 568 685 622 μετὰ
715 571 916 625 βοηθείας
942 575 1104 627 πολλῆς.
1181 576 1363 631 Φρυγίαν
1397 577 1442 618 δὲ
1467 578 1767 634 Πακατιανὴνό

130 643 163 677 O
186 644 256 679 287
278 635 357 679 ὑπὸ
390 636 462 691 τὴν
490 638 728 692 τετραρχίαν
760 642 833 680 τοῦ
873 638 1000 681 αὐτοῦ
1036 636 1162 684 οὖσαν
1196 641 1275 685 ὑπὸ
1305 642 1528 698 Ῥωμαίους
1555 645 1731 702 ἐποίησε,

276 706 443 759 πέμψας
462 704 564 758 μετὰ
588 708 788 760 βοηθείας
808 707 1072 750 Πακατιανὸν
1100 711 1327 766 στρατηγὸν
1356 712 1496 756 αὐτοῦ.
1567 715 1634 757 καὶ
1659 715 1733 769 τὴν

276 774 519 817 Λυκαονίαν
541 774 586 815 δὲ
602 775 804 829 παρέλαβε
827 777 1158 832 τοπαρχουμένην
1177 776 1257 821 ὖπό
1275 778 1511 832 Λυκάονος,
1545 781 1638 824 υἶοῦ
1650 786 1732 825 Ατοῢ

275 840 457 894 Κάπνος,
479 839 590 891 ὅστις
610 843 830 897 προσέπεσε
847 848 906 902 τῷ
929 843 1039 902 αὐτῷ
1058 845 1302 905 Αὐγούστῳ.
1356 849 1422 890 καὶ
1445 847 1734 906 προτρεψάμε-

275 927 344 959 νος
367 909 491 952 αὗτὸν
514 907 535 952 ὅ
555 908 810 965 Αιῖἷγουστος,
836 909 891 961 ὥς
907 920 1102 966 γενναῖον,
1127 913 1267 966 ἔλαβεν
1290 914 1414 958 αὐτὸν
1431 917 1494 959 ἐπὶ
1515 917 1732 974 τὴνΑἶγυ-
1744 924 1789 959 10

274 995 389 1021 πῖον.
461 979 591 1033 Συρία
622 979 666 1020 δὲ
693 981 758 1021 καὶ
786 981 950 1022 Κιλικία
974 978 1115 1040 πρῴην
1147 982 1208 1024 ἐπὶ
1234 987 1307 1026 τοῦ
1331 985 1544 1042 Καίσαρος
1561 985 1730 1030 Ἰουλίου

275 1047 424 1103 ἐγένετο
445 1043 524 1088 ὑπὸ
538 1043 775 1099 Ῥωμαίους.

222 1123 253 1158 Β
376 1114 640 1166 Καταλαβών
662 1116 705 1158 δὲ
734 1113 754 1157 ὃ
772 1114 1017 1171 Αὔγουστος
1035 1117 1110 1172 τὴν
1133 1119 1285 1174 Συρίαν
1314 1121 1501 1174 εῗσῆλθεν
1520 1120 1563 1164 ἐν
1575 1119 1732 1167 Ἀντιο-

269 1183 362 1240 χείᾳ
404 1186 454 1238 τῇ
493 1179 672 1239 μεγάλῃ,
709 1187 989 1238 θριαμβεῦσαι
1027 1186 1102 1240 τὴν
1135 1187 1239 1229 κατὰ
1264 1187 1480 1230 Ἀντωνίου
1517 1189 1630 1245 νίκην
1664 1191 1732 1232 καὶ

274 1248 544 1306 Κλεοπάτρας
583 1250 686 1304 μετὰ
728 1256 801 1293 τοῦ
835 1254 938 1294 ἰδίου
977 1252 1105 1295 αὐτοῦ
1130 1260 1317 1310 γαμβροῦ
1337 1255 1549 1312 Ἀγρίππα.
1619 1255 1730 1308 ὅστις
1742 1264 1786 1302 15

268 1317 490 1374 Ἀγρίππας
511 1320 704 1374 τερφθεὶς
724 1324 798 1373 τῆς
817 1322 1066 1369 τοποθεσίας
1086 1326 1158 1376 τῆς
1181 1322 1333 1373 πόλεως
1344 1323 1607 1379 Ἀντιοχείας,
1645 1327 1731 1368 κτί-

276 1387 328 1438 ζει
358 1387 440 1428 ἒκεῖ
464 1384 660 1441 δημόσιον
689 1387 859 1443 λουτρὸν
885 1387 962 1438 ἔξω
982 1393 1056 1443 τῆς
1077 1389 1231 1440 πόλεως
1249 1391 1360 1447 παρὰ
1381 1391 1427 1434 τό
1447 1391 1564 1449 ὅρος,
1603 1391 1730 1449 εὗρὼν

272 1455 357 1496 ἐκεῖ
373 1451 522 1509 πηγήν,
556 1453 652 1510 ὅπερ
672 1453 854 1497 ἐκάλεσεν
875 1458 930 1505 εἷς
951 1455 1079 1510 ὄνομα
1097 1457 1199 1500 ἴδιον
1217 1458 1261 1501 τὸ
1277 1458 1572 1515 Ἀγριππιανόν,
1595 1461 1642 1504 τὸ
1658 1479 1730 1504 νυ-

272 1523 310 1565 νὶ
332 1520 544 1578 λεγόμενον
567 1521 804 1576 Ἀμπελινόν
830 1522 1014 1579 λουτρόν.
1085 1527 1201 1577 κτίζει
1225 1527 1351 1568 δὲκαὶ
1375 1529 1534 1570 δίαιταν
1556 1527 1729 1584 οἴκημά-

123 1602 156 1636 o
181 1602 248 1638 288
272 1608 353 1632 των
376 1592 442 1632 καὶ
462 1588 665 1646 βανιάριν,
693 1591 864 1641 καλέσας
888 1592 962 1646 τὴν
981 1594 1151 1646 γειτνίαν
1162 1593 1442 1649 Ἀγριππιτῶν.
1497 1597 1785 1653 προσέθηκε20

274 1660 319 1700 de*
339 1660 478 1708 κτίσας
501 1659 541 1700 ἐν
560 1662 617 1699 τῶ
638 1657 803 1717 θεάτρω
819 1659 1060 1714 Ἀντιοχείας
1080 1661 1206 1716 α’λλην
1224 1661 1350 1718 ζώνην
1371 1661 1507 1707 ἐπάνω
1525 1669 1599 1720 τῆς
1615 1661 1731 1722 nod-

271 1743 345 1783 της
364 1727 431 1768 διὰ
452 1725 521 1769 τὸν
542 1726 670 1768 πολὺν
692 1726 863 1782 δῆμονζ
844 1746 865 1770 ο
882 1728 1112 1784 Ἀγρίππας.

221 1804 252 1838 C
373 1794 549 1838 Ἐκεῖθεν
579 1795 623 1837 δὲ
654 1794 872 1846 ἕξελθων
853 1814 874 1839 ο
903 1795 1147 1852 Αὔγουστος
1175 1796 1371 1851 κατέλαβε
1390 1797 1465 1854 τὴν
1483 1775 1728 1844 Λαοδικέων

364 1914 399 1949 3-
417 1914 645 1969 Δηιοτάρου
669 1915 756 1956 Ch.‚
780 1913 1028 1973 Διηνιοτάρου
1051 1917 1119 1951 Ox.
1209 1917 1266 1951 20.
1297 1915 1490 1996 βανιᾶριν]
1476 1917 1616 1962 ]Ῑιιιιιιο
1637 1913 1726 1964 βαλ-

364 1957 498 2004 vadem.
589 1963 645 1997 21.
668 1960 787 2007 ζώνην
810 1963 896 2005 Ch,
920 1960 1018 2008 ζωήν
1041 1963 1108 1997 ΟΧ.
1155 1962 1253 1998 Conf.
1276 1974 1309 2008 p.
1331 1964 1389 1999 99.

273 2061 425 2103 illorum,
456 2060 700 2096 Provinciam
690 2075 815 2108 ipsam,
859 2064 1106 2109 (Galatiam,)
1141 2063 1346 2109 fluviumque
1368 2063 1503 2098 Gallum
1527 2064 1728 2109 appellavit.

274 2107 416 2152 Lydiam
438 2107 538 2148 item,
569 2108 889 2162 Pamphyliamque,
923 2110 1088 2145 Deiotaro
1111 2111 1298 2154 subjectas,
1335 2109 1486 2143 Curione
1509 2110 1615 2152 duce,
1652 2122 1726 2146 cum

274 2153 429 2187 exercitu
459 2164 579 2196 magno
602 2155 637 2187 in
671 2166 727 2187 eas
751 2155 866 2196 misso,
902 2155 937 2189 in
959 2156 1184 2191 Romanorum
1213 2154 1349 2199 redegit
1372 2159 1586 2208 potestatem.
1634 2155 1726 2197 Quin

274 2203 311 2232 et
334 2198 516 2242 Phrygiam
540 2199 777 2233 Pacatianam.
810 2201 916 2235 eidem
940 2202 1126 2243 subditam,
1149 2200 1326 2235 Pacatiani
1348 2199 1442 2234 ducis
1465 2200 1544 2234 illuc
1566 2212 1641 2236 cum
1664 2214 1726 2236 ex-

275 2245 388 2277 ercitu
411 2243 498 2278 missi
521 2255 605 2288 ope,
639 2244 791 2279 Romano
815 2247 944 2290 adjecit
965 2247 1116 2301 imperio.
1163 2245 1365 2299 Lycaoniam
1390 2246 1510 2288 etiam,
1542 2257 1726 2300 regemque

274 2290 346 2333 ejus
370 2289 581 2334 Lycaonem,
619 2290 745 2334 Capnis
769 2291 892 2333 filium,
926 2292 963 2326 in
985 2292 1157 2327 deditione
1183 2291 1337 2345 accepit:
1387 2291 1497 2332 Quem
1520 2302 1593 2325 cum
1615 2293 1725 2326 virum

271 2341 440 2369 strenuum
471 2347 542 2369 esse
565 2335 774 2389 percepisset
806 2338 993 2379 Augustus,
1033 2349 1106 2372 eum
1129 2337 1191 2372 sibi
1227 2336 1379 2371 comitem
1413 2335 1576 2380 adjunxit.
1621 2336 1725 2380 Syria

272 2392 391 2460 ἔοι-ο
396 2383 433 2414 et
469 2380 590 2415 Cilicia
616 2381 686 2425 jam
711 2380 808 2422 olim,
842 2382 921 2416 Julii
945 2382 1098 2418 Caesaris
1120 2384 1180 2417 sub
1202 2383 1364 2428 imperio,
1395 2381 1569 2416 Romanae
1590 2382 1726 2417 fuerant

297 2425 421 2461 itionis.

363 2470 499 2516 Syriam
527 2482 610 2506 vero
633 2471 806 2516 profectus
838 2472 1024 2516 Augustus,
1061 2472 1270 2509 Antiochiam
1293 2472 1385 2514 adit,
1427 2471 1470 2507 de
1491 2471 1639 2508 victoria
1661 2483 1724 2507 sua

271 2517 431 2552 adversus
464 2518 642 2551 Antonium
675 2520 710 2551 et
743 2516 983 2562 Cleopatram,
1031 2531 1122 2553 cum·
1137 2530 1263 2572 genere
1291 2530 1350 2552 suo
1382 2517 1556 2562 Agrippa,
1598 2517 1723 2552 ibidem

270 2563 545 2607 triumphaturus.
590 2563 745 2608 Agrippa
766 2574 848 2597 vero
872 2563 963 2596 urbis
986 2565 1188 2598 Antiochiae
1211 2563 1276 2598 situ
1299 2568 1418 2608 captus
1432 2589 1443 2605 ‚
1471 2568 1570 2598 extra
1592 2564 1723 2604 urbem,

271 2609 317 2642 ad
341 2613 504 2650 montem,
528 2609 622 2642 fonte
644 2609 694 2642 ibi
716 2613 874 2662 reperto,
897 2608 1059 2643 Balneum
1087 2610 1259 2643 Publicum
1283 2609 1456 2643 extruxit.
1481 2609 1593 2654 quod,
1617 2620 1639 2644 a
1660 2619 1723 2643 no-

270 2653 359 2687 mine
381 2665 462 2695 su0‚
493 2633 767 2699 idgrippianum,
797 2653 869 2698 ipse
891 2655 1121 2699 nuncupavit:
1157 2654 1258 2688 hodie
1282 2666 1388 2697 vero,
1412 2655 1622 2699 Ampelimem
1643 2653 1724 2688 Bal-

272 2709 369 2732 neum
391 2703 546 2733 vocatur.
594 2699 754 2734 Condidit
788 2699 889 2734 etiam
913 2700 1141 2734 aedificiorum
1174 2700 1292 2734 seriem
1327 2705 1362 2734 et
1395 2700 1576 2742 Balneum3
1610 2699 1720 2733 vicum

273 2743 496 2796 Agrippinum
517 2756 652 2779 vocans.
699 2744 769 2779 Sed
792 2749 827 2779 et
861 2745 905 2780 ob
927 2745 1044 2791 populi
1068 2745 1267 2780 Antiocheni
1290 2745 1538 2791 frequentiam,
1574 2743 1720 2779 Theatri

273 2788 381 2833 priori
403 2789 494 2823 circo
518 2791 698 2824 secundum
720 2790 965 2836 superaddidit.

362 2834 446 2869 Inde
467 2847 550 2870 vero
575 2836 747 2871 discedens
770 2837 956 2881 Augustus,
980 2836 1203 2880 Laodiceam,
1227 2836 1351 2882 Syriae
1373 2837 1501 2878 urbem,
1525 2834 1716 2871 contendit.
