1838 3230
139 75 167 98 u

0 0 36 241 Ῑ
625 141 1087 189 PROLEGOMENA.
1547 163 1599 190 nv

0 367 6 374 =
0 294 10 362 rw
0 246 10 291 ,Ἴ
10 206 14 215 1

113 258 167 299 de
196 256 444 313 Imaginibus
476 259 702 313 Scriptores
737 259 982 312 allegantur,
1024 260 1075 300 de
1096 260 1250 301 Autore
1280 266 1419 300 nostro
1437 258 1502 314 ¹),
1532 262 1604 313 qui

111 329 156 367 in
180 327 358 368 medium
384 327 579 380 producit
602 327 796 380 insignem
820 329 1120 381 Nan-ationem,
1151 336 1190 370 et
1213 329 1347 383 ipsum
1386 323 1451 382 (si-
1477 324 1600 381 fides)

111 396 326 436 Faeminae
335 393 686 436 Haemorrhozzsae
702 397 752 436 ad
775 397 973 437 Herodem
993 399 1138 450 Regem
1159 397 1209 438 de
1231 399 1369 437 Statua
1386 393 1540 436 Christo
1560 397 1602 434 in

51 474 53 476 ’
111 463 213 505 urbe
239 460 426 504 Pamde
459 464 644 518 ponenda
676 463 881 504 Libellum
925 466 1172 519 supplicem,
1217 465 1419 506 silentium
1454 463 1603 502 altissi-

111 546 223 574 mum
252 538 416 584 agatur,
444 532 568 585 idque
600 533 782 585 quamvis
810 534 859 574 de
880 537 1019 574 Statua
1048 537 1122 574 ista
1143 532 1371 576 Paneadica
1387 532 1602 585 proferan-

110 608 181 642 tur
211 613 263 640 ex
288 601 565 653 scriptoribus
592 602 681 640 aliis
699 602 1033 642 Narratiunculae
1053 604 1220 643 minoris
1246 604 1366 654 longe
1392 601 1598 641 momenti.

225 668 392 720 XXVH.
454 669 736 724 Conjecturam
776 671 950 724 denique
983 679 1163 712 nostram
1189 671 1239 712 de
1266 676 1396 711 aetate
1415 667 1480 710 Jo.
1500 667 1599 709 Ma·

110 736 234 790 ldae,
271 751 362 778 eum
394 739 530 778 seculo
560 753 665 779 nono
697 739 925 792 scripsisse,
964 741 1029 779 vel
1065 754 1166 781 aevo
1206 740 1345 779 saltem
1385 736 1602 777 Iustiniani

110 807 239 846 multo
265 805 531 847 recentiorem
560 807 704 858 fuisse,
736 809 890 860 egregie
918 809 1154 849 confirmare
1180 808 1341 848 videtur
1367 807 1500 860 ipsum
1519 806 1601 844 Ho-

110 874 228 915 minis
261 874 472 929 Ingenium
505 883 544 915 et
572 876 765 916 conditio.
834 877 934 925 Quis
963 878 1066 917 enim
1096 878 1343 917 Historicum
1372 883 1452 915 tam
1474 889 1600 927 nuga-

110 957 225 995 cem,
249 950 332 984 tam
354 951 559 997 expertem
574 945 728 998 judicio
740 974 754 995 ,
783 944 860 983 sibi
879 945 958 998 ipsi
976 952 1054 984 tam
1073 946 1387 995 inconstantem,
1419 945 1489 997 qui
1506 958 1599 998 par-

109 1012 219 1054 tibus
263 1011 619 1066 chronographiae
660 1027 755 1052 suae
793 1014 997 1066 plerisque
1035 1014 1218 1053 omnibus
1257 1028 1359 1066 quae
1397 1013 1600 1052 Christum

110 1080 382 1135 praecedunt,
413 1087 452 1121 et
478 1082 521 1120 in
552 1082 640 1121 aliis
669 1082 807 1121 multis
842 1095 935 1121 eum
966 1082 1324 1135 subsequentibus,
1355 1081 1459 1121 nihil
1490 1081 1601 1120 aliud

112 1157 173 1190 est
189 1150 303 1200 fere,
327 1163 468 1203 quam,
498 1150 609 1203 quod
627 1151 804 1203 appellat
827 1147 1040 1190 cedrenum
1063 1150 1264 1202 Scaliger,
1293 1148 1600 1205 quisquiliarum

109 1216 333 1259 stabulum.-
362 1218 453 1269 quis
476 1219 610 1265 talem,
637 1219 816 1271 inquam,
848 1225 1010 1271 tamque
1037 1219 1221 1272 ineptum
1249 1216 1598 1273 Chronographum

110 1286 399 1327 eruditioribus
426 1287 507 1326 illis
541 1285 780 1338 Iustiniani,
819 1293 891 1326 aut
918 1284 1067 1326 Iustini
1091 1287 1288 1340 junioris,
1328 1288 1601 1341 temporibus;

108 1354 302 1410 Procopii
343 1354 604 1395 Caesariensis
643 1362 682 1394 et
709 1355 938 1410 Agathiae,
976 1355 1346 1408 probatissimorum
1374 1357 1599 1397 Historico-

107 1437 200 1464 rum
214 1454 227 1475 ‚
255 1424 528 1477 temporibus,
561 1424 805 1476 condignum
826 1424 1014 1464 censeat?
1058 1423 1245 1463 Profecto
1274 1424 1307 1462 si
1329 1425 1447 1465 liceat
1467 1440 1518 1465 ex
1535 1427 1599 1465 in-

108 1492 226 1546 genio
249 1492 430 1533 Hominis
459 1499 500 1533 et
525 1492 748 1532 eruditione
772 1492 1042 1546 conjecturam
1065 1498 1104 1531 et
1125 1491 1326 1545 judicium
1347 1494 1501 1546 facere3
1532 1509 1599 1534 se-

108 1562 201 1601 culo
228 1562 308 1602 isto
339 1576 442 1601 nono
453 1594 472 1614 ,1
507 1562 730 1601 miserrimo
760 1562 937 1601 omnium
969 1568 1009 1602 et
1043 1561 1424 1614 tenebricosissimo,
1462 1563 1598 1616 perdi·

109 1644 211 1683 gnus
230 1629 413 1683 Scriptor
435 1631 512 1669 erit
530 1630 871 1684 pronunciandus,
930 1630 1155 1683 Adjiciatur
1178 1631 1344 1683 insuper
1365 1632 1483 1670 istius
1510 1630 1600 1684 Sty-

108 1697 172 1738 lus
201 1704 241 1738 et
269 1698 402 1751 ipsum
427 1698 622 1751 loquendi
657 1713 803 1751 genus,
834 1698 945 1751 quod
976 1699 1024 1737 ab
1050 1698 1156 1737 omni
1176 1713 1269 1738 sane
1289 1700 1483 1751 elegantia
1502 1713 1600 1739 nus-

111 1780 234 1819 quam
251 1780 332 1805 non
354 1765 565 1818 abhorret3
597 1768 788 1820 quodque
807 1767 908 1805 locis
924 1766 1232 1819 quamplurimis
1250 1767 1368 1820 plane
1385 1766 1598 1806 barbarum

110 1849 194 1875 esse
223 1835 287 1874 illi
315 1834 548 1874 fatebuntur
575 1836 643 1887 qui
675 1849 765 1875 eum
793 1834 1058 1887 perlegerint3
1099 1835 1307 1887 indignum
1329 1834 1598 1888 proculdubio

110 1910 239 1944 aetate
257 1903 452 1956 Ypolitiore
483 1902 720 1954 Iustiniani,
759 1903 968 1956 praedicto
1001 1918 1104 1943 nono
1140 1905 1275 1944 seculo
1308 1903 1598 1956 dignissimum.

108 1973 248 2026 Neque
262 1971 344 2011 hoc
359 1972 590 2012 mehercule
608 1973 784 2022 affirmo,
815 1978 974 2024 meopte
993 1973 1079 2011 solo
1108 1973 1263 2027 judicio
1285 1972 1461 2012 innixus.
1521 1971 1599 2010 Sed

109 2041 270 2082 accedit
301 2041 534 2093 suffragium
544 2040 641 2092 {Viri
671 2041 789 2092 louge
815 2040 1072 2081 eruditissimi
1102 2041 1156 2082 D.
1177 2039 1360 2082 Eduardi
1378 2038 1598 2079 Bernardi:

110 2125 230 2163 quem
248 2110 411 2150 memini
432 2107 533 2148 mihi
553 2109 702 2149 dixisse
731 2111 824 2163 plus
852 2109 998 2149 abhinc
1014 2108 1224 2160 decennio,
1257 2123 1379 2162 quum
1403 2123 1454 2148 ex
1477 2123 1599 2148 occa-

111 2180 224 2219 sione
241 2179 292 2219 de
312 2176 471 2219 Malela
490 2185 629 2218 nostro
643 2211 654 2229 ,
684 2185 782 2218 tunc
803 2179 901 2219 mihi
923 2192 1093 2232 prorsus
1114 2179 1283 2231 ignoto,
1306 2177 1478 2231 injectus
1497 2183 1601 2216 esset

109 2249 218 2288 inter
244 2246 583 2287 confabulandum
610 2262 763 2299 sermo,
793 2248 910 2303 (nam
929 2248 980 2287 ad
1001 2245 1276 2286 balbutientem
1298 2253 1478 2285 nostram
1499 2247 1600 2285 Eru-

110 2316 307 2356 ditionem
336 2329 379 2355 se
409 2315 623 2357 demittere
653 2325 752 2358 tunc
779 2317 975 2371 temporis
1001 2330 1082 2355 non
1114 2316 1316 2355 recusavit
1354 2315 1424 2355 Vir
1455 2315 1599 2353 summi

111 2385 307 2424 Candoris
335 2391 375 2425 et
405 2383 690 2436 Humanitatis,
719 2385 810 2437 sed,
842 2384 1021 2425 Socratis
1046 2385 1233 2439 sapientis
1261 2382 1312 2421 ad
1330 2384 1475 2433 instar,
1508 2397 1599 2422 cum

110 2452 237 2493 Puero
262 2467 549 2507 nonnunquam
571 2457 712 2496 ludere
736 2455 896 2507 gavisus
918 2452 1005 2509 est)
1044 2454 1186 2492 mirari
1211 2465 1250 2490 se
1278 2451 1311 2490 si
1333 2449 1504 2491 seculum
1527 2450 1600 2489 Ju-

111 2522 276 2560 stiniani
296 2528 405 2561 tanta
426 2523 586 2576 linguae
605 2525 792 2564 barbarie
812 2524 860 2563 ab
889 2522 1061 2575 antiquis
1087 2520 1350 2574 degenerarit.

163 2692 204 2737 ¹)
226 2691 281 2727 De
305 2693 407 2729 Orat.
431 2694 464 2729 3.
514 2693 583 2728 Pro
606 2694 818 2740 Imaginibus
844 2693 897 2728 Jo.
922 2694 1136 2726 Damascena
1161 2690 1222 2735 qui
1245 2687 1347 2735 paulo
1371 2691 1452 2723 ante
1476 2688 1602 2723 Conci-

205 2748 284 2783 lium
307 2749 402 2785 istud
423 2751 511 2786 obiit
533 2752 706 2798 ascripta,
731 2752 766 2786 in
791 2763 861 2797 qua.
883 2751 1011 2786 citatur
1035 2749 1167 2784 Noster
1192 2747 1235 2782 de
1259 2750 1376 2781 statua
1393 2745 1601 2786 Paneadica‚

209 2807 300 2842 Vide
324 2807 371 2842 sis
396 2820 487 2854 quae
512 2809 606 2844 infra
630 2810 802 2845 dicuntur.
