1838 3230
260 170 354 219 138
656 164 936 210 IOANNIS
964 165 1310 212 MALALAE

141 297 173 332 v
194 298 240 335 53
262 288 315 328 Et
337 285 380 328 ἐκ
398 282 602 342 Μυκήνης
619 285 858 343 παρεγένου,
897 282 1012 337 οἶδας
1028 287 1095 329 καὶ
1113 287 1174 337 τίς
1190 287 1231 329 ἓν
1249 285 1353 344 αὐτῇ
1371 284 1574 341 βασιλεύς.
1637 286 1719 333 δ’δὲ

259 352 389 407 εἶπεν,
418 354 675 410 Ἀγαμέμνων
706 349 756 408 ἦν
783 351 938 413 πρῴην.
1007 352 1033 410 ἧ
1057 356 1101 398 δὲ
1120 353 1242 399 πάλιν
1264 355 1367 413 πρὸς
1387 354 1537 409 αὐτόν,
1568 357 1627 399 Ἐἴ
1645 356 1719 402 τὸν

253 422 534 479 Ἀγαμέμνονα
563 422 787 478 ἧκρίβωσαι
797 454 811 475 ,
848 423 910 472 τίς
936 421 963 479 ἡ
986 421 1133 467 τούτου
1156 421 1280 480 γυνή,
1315 425 1382 466 καὶ
1401 426 1515 474 τίνας
1530 426 1574 475 ἐξ
1590 424 1719 482 αὗτῆς

259 493 410 541 παῖδας
427 490 563 546 ἕσχενς
600 488 621 532 ὁ
641 491 685 533 δὲ
705 488 824 544 εἶπεν,
848 490 989 546 Ἔσχεν
1008 492 1051 534 ἐκ
1061 490 1429 549 Κλυταιμνήστρας
1442 492 1636 550 Ὀρέστην
1649 495 1718 536 καὶ

257 558 479 616 Ἠλέκτραν
509 560 575 601 καὶ
600 558 856 615 Ἰφιγένειαν,
893 558 1003 614 ἥτις,
1041 558 1096 610 ὥς
1118 560 1299 617 λέγουσι,
1335 562 1466 603 θυσία
1496 560 1750 618 προσήχθη5

253 627 479 684 Ἀρτέμιδι,
511 628 579 669 καὶ
607 625 632 681 ἦ
665 627 765 677 θεὸς
795 625 992 685 ἕρῥύσατο
1026 626 1176 685 αὐτήν·
1219 630 1286 671 καὶ
1317 628 1391 672 οὐκ
1422 627 1609 686 ἐγνώσθη
1637 634 1718 673 ποῦ

259 694 442 752 ὑπάρχει.
513 694 602 750 ἴσχε
642 696 686 738 δὲ
724 697 792 738 καὶ
818 694 1090 753 Χρυσόθεμιν
1123 698 1191 740 καὶ
1218 698 1437 754 Λαοδίκην
1469 698 1715 755 θυγατέρας.

259 762 285 819 ἦ
317 765 362 806 δὲ
397 761 611 806 ἀκούσασα
649 768 782 806 ταῦτα
817 764 1016 808 ἐκέλευσεν
1047 764 1172 808 αὐτὸν
1208 769 1387 820 λυθῆναι
1415 770 1500 809 τῶν
1535 767 1716 821 δεσμῶν·

112 842 146 877 0
171 842 238 879 176
262 834 328 875 καὶ
350 830 550 889 γράψασα
572 833 628 882 εἷς
649 834 841 887 δίπτυχον
862 833 1055 876 ἐπέδωκεν
1083 833 1216 892 αὐτῷ,
1249 836 1432 887 εἵποῦσα,
1449 833 1556 877 Ἰδοὺ
1577 834 1624 877 τὸ
1649 836 1719 890 ζῆν

259 899 405 956 ἧθεός
423 917 489 943 σοι
522 900 695 957 παρέσχε
716 900 770 942 δι’
796 902 907 956 ἐμοῦ.
977 899 1175 956 ἐπόμοσαι
1204 901 1289 944 κατ’
1324 902 1452 957 αὐτῆς
1483 900 1545 945 ὅτι
1575 902 1623 945 τὸ
1652 903 1716 945 dl-
1729 916 1774 952 ιο

260 986 414 1024 πτυχον
443 973 565 1012 τοῦτο
595 968 783 1019 ἐπιδίδως
812 973 871 1028 τῷ
896 969 1066 1027 Ὀρέστῃ
1100 971 1167 1012 καὶ
1196 971 1366 1025 κομίζεις
1384 988 1455 1025 μοι
1472 969 1567 1027 παρ’
1592 969 1719 1014 αὐτοῦ

210 1056 240 1091 Β
261 1035 498 1094 γράμματα.
570 1034 591 1079 ὃ
625 1038 670 1080 δὲ
696 1035 936 1092 ἐπωμόσατο
959 1037 1063 1095 αὐτῇ
1085 1037 1147 1081 ὅτι
1165 1040 1238 1089 Εἷς
1258 1038 1334 1088 τὰς
1347 1045 1485 1095 χεῖρας
1507 1037 1634 1081 αὐτοῦ
1655 1039 1720 1081 δι’-

261 1108 367 1160 δωμι
398 1104 498 1148 αὐτὸ
533 1106 601 1147 καὶ
632 1105 734 1161 πρὸς
760 1107 805 1149 σὲ
834 1105 958 1148 αὐτὸν
988 1107 1112 1162 φέρω.
1183 1108 1249 1149 καὶ
1279 1107 1418 1160 λαβὼν
1446 1106 1494 1150 τὸ
1525 1108 1717 1161 δίπτυχον

261 1175 408 1228 ἐξῆλθε
431 1172 509 1229 πρὸ
531 1177 603 1215 τοῦ
625 1174 732 1230 ἱεροῦ
744 1206 757 1226 ,
796 1172 899 1216 ὅπου
930 1173 1176 1231 ἐφυλάττετο
1202 1173 1223 1218 ὅ
1244 1175 1462 1232 Ὀρέστης,
1499 1176 1566 1217 καὶ
1595 1174 1720 1232 ᾔτησε

261 1242 360 1292 τοὺς
386 1240 559 1292 Σκύθας
592 1246 767 1297 λαλῆσαι
805 1242 929 1300 αὐτῷ.
1000 1245 1066 1285 καὶ
1098 1244 1335 1286 ἐπιδέδωκεν
1362 1243 1474 1302 αὐτῷ
1500 1243 1548 1286 τὸ
1575 1244 1718 1285 δίπτυ-
1729 1255 1773 1291 15

257 1327 357 1365 χον,
393 1310 514 1353 εἰπών
533 1310 644 1368 αὐτῷ
655 1343 668 1363 ,
699 1310 823 1353 'Ea-9⁸¹
842 1310 943 1367 πρὸς
963 1310 1037 1366 τὴν
1056 1310 1130 1365 σὴν
1151 1310 1344 1367 ἀδελφήν.
1414 1313 1481 1354 καὶ
1502 1310 1660 1365 ἔμειναν
1681 1311 1721 1353 οἱ

261 1377 426 1422 Σκύθαι
447 1377 730 1433 θαυμάζοντες
755 1378 801 1421 τὸ
832 1377 1015 1432 συμβάν·
1052 1381 1118 1421 καὶ
1147 1378 1359 1435 εἰσήγαγον
1388 1379 1513 1422 αὐτὸν
1548 1378 1634 1433 ἅμα
1660 1382 1721 1436 τῷ

260 1445 439 1504 Πυλάδῃ
471 1447 572 1504 πρὸς
600 1447 674 1502 τὴν
699 1447 939 1503 Ἰφιγένειαν.
1011 1449 1078 1489 καὶ
1100 1447 1199 1503 λέγει
1221 1447 1324 1504 αὐτῇ
1346 1445 1366 1490 ὅ
1385 1445 1608 1501 Πυλάδης,
1641 1445 1719 1488 Ἰδὲ

260 1513 282 1557 ὃ
318 1516 536 1572 Ὀρέστης·
581 1517 648 1558 καὶ
683 1515 756 1559 οὐκ
795 1513 1003 1572 ἐγνώρισεν
1032 1514 1170 1559 αὐτόν.
1238 1517 1441 1570 νομίσασα
1473 1515 1519 1557 δὲ
1552 1513 1615 1557 ὅτι
1645 1513 1719 1556 οὖκ

260 1583 368 1626 ἔστιν
396 1581 545 1636 αὐτός,
587 1584 711 1637 λέγει,
744 1582 792 1626 Ὁ
817 1583 912 1637 ε’μός
938 1583 1113 1640 ἀδελφὸς
1140 1588 1214 1626 τοῦ
1232 1585 1457 1627 Πελοπείου
1485 1582 1625 1638 γένους
1642 1580 1765 1637 ‹rvi-20

258 1669 442 1709 μαντρον
462 1651 538 1707 ἔχει
563 1651 702 1695 ἐλαίαν
721 1653 762 1695 ἔν
781 1657 839 1712 τῷ
871 1651 983 1711 ὤμῳ.
1049 1659 1348 1708 προσεσχηκυῖα
1370 1652 1414 1695 δὲ
1431 1652 1494 1693 ἐπὶ
1514 1650 1586 1694 τὸν
1605 1650 1718 1706 ὠμο-

351 1773 386 1807 1.
427 1770 648 1816 παρεγένους
680 1772 748 1806 Ox.
883 1774 917 1810 3.
960 1770 1182 1819 ἦκρίβωσαι]
1217 1769 1421 1818 ἦκρίβωσας
1449 1771 1515 1806 ch.
1533 1814 1543 1826 ¹
1561 1768 1718 1816 η’κριβοᾶ-

353 1829 452 1876 coeto„
467 1823 517 1852 est
540 1830 571 1863 p.
585 1820 642 1855 97.
662 1818 703 1853 C.
786 1820 828 1874 ἑ).
851 1818 1026 1875 γρρψασα
1049 1819 1223 1854 cedrenus
1246 1830 1291 1876 μ’
1307 1816 1386 1854 134.
1409 1817 1451 1860 G,
1476 1824 1621 1872 γραψας
1644 1817 1715 1851 Ox.

353 1865 408 1899 16.
431 1866 518 1899 swa
541 1864 609 1898 Ox.
704 1864 758 1899 19.
783 1866 864 1910 οτι]
886 1878 948 1902 ote
972 1866 1041 1901 Ox.
1129 1866 1188 1902 21.
1212 1863 1360 1910 ἐλαιαν]
1384 1864 1427 1898 V.
1450 1863 1595 1898 Bentlel.
1611 1875 1646 1910 p.
1658 1862 1716 1899 42.

260 1965 357 2011 gavit
378 1977 502 2011 porroz
525 1966 600 2008 „Si
622 1964 720 2000 modo
745 1966 912 2013 (dicens)
937 1968 1158 2013 Mycenarum
1182 1978 1224 2001 ex
1246 1967 1331 2000 urbe
1350 1965 1416 2000 huc
1439 1964 1622 2008 advenisti,
1646 1965 1716 1999 uti-

262 2023 332 2055 que
362 2022 430 2045 non
453 2017 489 2045 te
521 2012 607 2046 latet
629 2011 734 2055 Regis
767 2024 897 2047 nomen.
943 2014 1013 2048 Imo
1037 2013 1199 2058 (inquit)
1223 2013 1449 2057 Agamemnon
1478 2012 1507 2045 is
1530 2016 1604 2046 erat
1626 2011 1717 2046 olim.

263 2057 354 2091 Tum
370 2057 446 2091 illa:
470 2058 747 2101 Agamemnonem
764 2058 793 2092 si
812 2059 899 2093 bene
920 2059 1063 2102 noveris,
1083 2059 1138 2092 dic
1154 2058 1301 2103 (inquit)
1319 2057 1431 2092 uxoris
1447 2068 1588 2098 nomen3
1612 2067 1716 2101 quos-

263 2114 331 2147 que
348 2115 391 2136 ex
411 2115 450 2137 ea
468 2103 592 2137 liberos
609 2103 766 2147 suscepit.
795 2104 985 2149 Respondit
998 2105 1074 2139 ille:
1099 2114 1236 2138 uxorem
1252 2103 1371 2138 habuit
1391 2103 1717 2147 Clytaemnestram3

264 2160 309 2182 ex
340 2160 407 2193 qua
429 2149 584 2183 Orestem
612 2148 781 2193 suscepit,
811 2150 1001 2191 Electram,
1034 2154 1068 2184 et
1091 2149 1321 2194 Iphigeniam3
1366 2160 1455 2193 quae
1477 2148 1609 2182 Dianae
1640 2147 1718 2191 (uti

264 2195 402 2238 fertur)
432 2194 467 2228 in
490 2193 659 2228 victimam
681 2193 868 2237 destinata,
901 2206 923 2228 a
944 2195 1019 2229 Dea
1041 2195 1187 2229 liberata
1210 2198 1281 2236 est3
1323 2205 1405 2236 nec,
1441 2193 1500 2227 ubi
1519 2204 1607 2227 nunc
1629 2192 1716 2237 agit,

264 2239 423 2283 cuiquam
446 2244 559 2274 notum
582 2244 642 2273 est.
688 2239 819 2274 Habuit
843 2239 942 2274 etiam
965 2242 1190 2284 Agamemnon
1212 2239 1300 2274 filias
1325 2239 1420 2281 alias,
1455 2237 1716 2284 Chrysothemin

265 2289 303 2319 et
337 2285 549 2319 Laodicen.“
593 2285 687 2318 Haec
710 2285 768 2318 ubi
799 2286 944 2319 audisset
977 2286 1174 2330 Iphigenia,
1216 2285 1317 2329 jussit
1340 2296 1415 2319 eum
1436 2284 1582 2319 vinculis
1605 2283 1714 2317 solvi:

264 2330 441 2375 literisque
463 2330 595 2365 interim
615 2329 751 2374 scriptis
774 2330 861 2364 dixit
884 2331 934 2364 ei:
970 2331 1083 2365 Vitam
1107 2343 1186 2365 ecce
1207 2330 1288 2373 tibi,
1322 2341 1386 2376 per
1408 2341 1481 2371 me,
1505 2329 1581 2363 Dea
1601 2328 1716 2361 indul-

263 2376 327 2410 sit:
353 2387 417 2421 per
439 2376 577 2411 eandem
598 2375 713 2420 itaque
733 2376 882 2419 jurabis,
906 2380 941 2410 te
963 2376 1069 2410 literis
1091 2377 1184 2411 hisce
1202 2376 1322 2411 Oresti
1343 2375 1497 2414 traditis,
1519 2384 1716 2419 responsum

263 2422 307 2455 ab
332 2434 372 2456 eo
396 2422 477 2456 mihi
499 2424 759 2468 reportaturum.
804 2423 865 2455 Ille
888 2433 969 2455 vero
983 2446 993 2462 ,
1015 2422 1205 2465 juramento
1228 2421 1452 2466 interposito,
1477 2419 1612 2453 Literas
1634 2418 1716 2462 (in-

263 2467 364 2512 quit)
389 2468 447 2502 has
472 2467 589 2502 Oresti
619 2467 776 2512 proprias
798 2467 833 2500 in
863 2478 976 2500 manus
998 2467 1148 2501 tradam
1189 2467 1362 2511 ipsumque
1383 2465 1428 2499 ad
1457 2469 1493 2499 te
1515 2465 1583 2498 huc
1605 2463 1715 2498 addu-

263 2516 373 2546 cam.“
418 2513 592 2558 Simulque
623 2513 728 2547 literis
761 2512 928 2557 acceptis,
969 2512 1146 2555 egreditur
1179 2512 1222 2545 ad
1245 2512 1377 2552 locum,
1419 2510 1478 2544 ubi
1501 2522 1563 2555 pro
1587 2509 1714 2554 templo

262 2558 400 2592 seorsim
430 2559 664 2593 asservabatur
686 2558 844 2600 Orestes;
883 2562 921 2591 et
942 2556 1123 2601 impetrata
1156 2567 1177 2590 a
1200 2555 1339 2600 Scythis
1361 2555 1579 2600 colloquendi
1600 2555 1715 2596 venia,

263 2603 439 2648 literisque
473 2603 505 2637 ei
536 2603 693 2645 traditis,
734 2603 827 2644 Quin
850 2603 950 2638 etiam
973 2602 1134 2647 (inquit)
1159 2602 1203 2635 ad
1226 2612 1375 2635 sororem
1406 2605 1497 2635 tuam
1519 2601 1714 2645 ingredere.

264 2648 415 2692 Scythae
447 2653 558 2684 autem
579 2661 681 2695 super
711 2648 761 2683 his
792 2647 949 2690 attoniti,
982 2648 1138 2682 Orestem
1167 2658 1235 2681 una
1257 2657 1330 2680 cum
1356 2646 1487 2692 Pylade
1514 2645 1713 2681 introduxe-

262 2697 353 2727 runt.
401 2694 490 2728 Tum
513 2707 594 2730 vero
618 2695 764 2740 Pylades
785 2694 1005 2750 Iphigeniae,
1037 2693 1130 2727 Ecce
1152 2692 1235 2733 tibi,
1267 2691 1401 2736 inquit,
1437 2694 1606 2727 Orestem.
1651 2690 1716 2725 Illa

263 2749 345 2772 vero
369 2739 511 2774 fratrem
534 2752 600 2774 non
623 2741 782 2785 agnovit;
805 2751 980 2786 ipsumque
1003 2750 1068 2772 non
1091 2750 1162 2772 esse
1185 2737 1377 2783 suspicata3
1412 2738 1568 2780 ,‚Meus‚
1590 2735 1714 2780 inquit,

264 2783 372 2817 frater
389 2784 511 2820 olivam
530 2786 673 2820 humeris
691 2786 870 2830 signatam,
892 2784 1030 2830 Pelopei
1050 2784 1185 2828 generis
1207 2783 1350 2828 insigne,
1374 2784 1427 2817 uti
1445 2785 1588 2823 habeat,
1612 2792 1714 2826 opor-

262 2831 353 2863 tet.“
399 2830 555 2866 Humeris
589 2832 706 2878 itaque
727 2832 906 2879 inspectis,
945 2835 982 2867 et
1002 2831 1038 2865 in
1061 2831 1182 2866 dextra
1211 2829 1349 2876 scapula
1371 2829 1610 2876 Pelopidarum
1632 2828 1714 2862 cha-
