<?xml version="1.0" encoding="UTF-8"?>
<!DOCTYPE html PUBLIC "-//W3C//DTD XHTML 1.0 Transitional//EN"
    "http://www.w3.org/TR/xhtml1/DTD/xhtml1-transitional.dtd">
<html xmlns="http://www.w3.org/1999/xhtml" xml:lang="en" lang="en">
 <head>
  <title>
</title>
<meta http-equiv="Content-Type" content="text/html;charset=utf-8" />
  <meta name='ocr-system' content='tesseract 3.04.00' />
  <meta name='ocr-capabilities' content='ocr_page ocr_carea ocr_par ocr_line ocrx_word'/>
</head>
<body>
  <div class='ocr_page' id='page_1' title='image "./corpusscriptorum28niebuoft_0756.png"; bbox 0 0 1838 3230; ppageno 0'>
   <div class='ocr_carea' id='block_1_1' title="bbox 324 162 1186 223">
    <p class='ocr_par' dir='ltr' id='par_1_1' title="bbox 324 162 1186 223">
     <span class='ocr_line' id='line_1_1' title="bbox 324 162 1186 223; baseline -0.021 0"><span class='ocrx_word' id='word_1_1' title='bbox 324 174 422 223; x_wconf 83' lang='lat'><strong><em>674</em></strong></span> <span class='ocrx_word' id='word_1_2' title='bbox 891 162 1186 208; x_wconf 88' lang='lat' dir='ltr'><strong>APPENDIX.</strong></span> 
     </span>
    </p>
   </div>
   <div class='ocr_carea' id='block_1_2' title="bbox 321 269 1770 2836">
    <p class='ocr_par' dir='ltr' id='par_1_2' title="bbox 322 269 1767 507">
     <span class='ocr_line' id='line_1_2' title="bbox 323 269 1765 334; baseline -0.008 -10"><span class='ocrx_word' id='word_1_3' title='bbox 323 285 519 325; x_wconf 79' lang='lat' dir='ltr'><strong>scribatur</strong></span> <span class='ocrx_word' id='word_1_4' title='bbox 542 289 587 322; x_wconf 88' lang='lat' dir='ltr'><strong><em>ut</em></strong></span> <span class='ocrx_word' id='word_1_5' title='bbox 615 289 653 322; x_wconf 83' lang='lat' dir='ltr'><strong><em>et</em></strong></span> <span class='ocrx_word' id='word_1_6' title='bbox 680 279 795 321; x_wconf 82' lang='lat' dir='ltr'><strong>infra.</strong></span> <span class='ocrx_word' id='word_1_7' title='bbox 868 279 964 318; x_wconf 83' lang='lat' dir='ltr'><strong>Cod.</strong></span> <span class='ocrx_word' id='word_1_8' title='bbox 992 279 1077 320; x_wconf 84' lang='lat' dir='ltr'><strong>Vat.</strong></span> <span class='ocrx_word' id='word_1_9' title='bbox 1105 272 1380 334; x_wconf 79' lang='grc' dir='ltr'><strong><em>Δωρεχῶριον·</em></strong></span> <span class='ocrx_word' id='word_1_10' title='bbox 1427 274 1568 328; x_wconf 74' lang='lat' dir='ltr'><strong>Scalig.</strong></span> <span class='ocrx_word' id='word_1_11' title='bbox 1590 269 1765 328; x_wconf 62' lang='grc' dir='ltr'><strong><em>Δωραχώ</em></strong></span> 
     </span>
     <span class='ocr_line' id='line_1_3' title="bbox 322 357 1731 383; baseline -0.015 0"><span class='ocrx_word' id='word_1_12' title='bbox 322 357 429 383; x_wconf 88' lang='grc' dir='ltr'><strong><em>οντα.</em></strong></span> <span class='ocrx_word' id='word_1_13' title='bbox 1583 371 1586 373; x_wconf 40' lang='grc'><em>,</em></span> <span class='ocrx_word' id='word_1_14' title='bbox 1729 359 1731 362; x_wconf 81' lang='grc'>,</span> 
     </span>
     <span class='ocr_line' id='line_1_4' title="bbox 438 382 1767 448; baseline -0.01 -11"><span class='ocrx_word' id='word_1_15' title='bbox 438 400 535 448; x_wconf 77' lang='lat' dir='ltr'><strong>Pag.</strong></span> <span class='ocrx_word' id='word_1_16' title='bbox 565 393 659 437; x_wconf 85' lang='lat'><strong>407.</strong></span> <span class='ocrx_word' id='word_1_17' title='bbox 697 396 761 436; x_wconf 86' lang='lat'><strong>19.</strong></span> <span class='ocrx_word' id='word_1_18' title='bbox 808 393 1029 443; x_wconf 84' lang='grc' dir='ltr'><strong><em>Ιουλιανῆς.</em></strong></span> <span class='ocrx_word' id='word_1_19' title='bbox 1074 404 1163 430; x_wconf 87' lang='lat' dir='ltr'><strong><em>cum</em></strong></span> <span class='ocrx_word' id='word_1_20' title='bbox 1190 390 1267 429; x_wconf 76' lang='lat' dir='ltr'><strong><em>hac</em></strong></span> <span class='ocrx_word' id='word_1_21' title='bbox 1288 402 1388 429; x_wconf 80' lang='lat' dir='ltr'><strong><em>voce</em></strong></span> <span class='ocrx_word' id='word_1_22' title='bbox 1413 387 1555 440; x_wconf 86' lang='lat' dir='ltr'><strong>incipit</strong></span> <span class='ocrx_word' id='word_1_23' title='bbox 1579 382 1767 427; x_wconf 76' lang='lat' dir='ltr'><strong>Narratio</strong></span> 
     </span>
     <span class='ocr_line' id='line_1_5' title="bbox 325 447 1568 507; baseline -0.009 -14"><span class='ocrx_word' id='word_1_24' title='bbox 325 452 431 507; x_wconf 83' lang='lat' dir='ltr'>apud</span> <span class='ocrx_word' id='word_1_25' title='bbox 453 454 491 489; x_wconf 92' lang='lat' dir='ltr'><strong>C.</strong></span> <span class='ocrx_word' id='word_1_26' title='bbox 513 466 551 504; x_wconf 86' lang='lat' dir='ltr'><strong><em>p.</em></strong></span> <span class='ocrx_word' id='word_1_27' title='bbox 570 454 664 494; x_wconf 86' lang='lat'><strong>330.</strong></span> <span class='ocrx_word' id='word_1_28' title='bbox 681 451 720 489; x_wconf 88' lang='lat' dir='ltr'><strong><em>in</em></strong></span> <span class='ocrx_word' id='word_1_29' title='bbox 739 448 905 501; x_wconf 84' lang='lat' dir='ltr'>princip.</span> <span class='ocrx_word' id='word_1_30' title='bbox 923 447 1071 487; x_wconf 84' lang='lat' dir='ltr'><strong><em>mutila.</em></strong></span> <span class='ocrx_word' id='word_1_31' title='bbox 1563 476 1568 485; x_wconf 83' lang='lat'><em>,</em></span> 
     </span>
    </p>

    <p class='ocr_par' dir='ltr' id='par_1_3' title="bbox 324 494 1769 727">
     <span class='ocr_line' id='line_1_6' title="bbox 437 494 1768 559; baseline -0.01 -10"><span class='ocrx_word' id='word_1_32' title='bbox 437 512 535 559; x_wconf 83' lang='lat' dir='ltr'><strong>Pag.</strong></span> <span class='ocrx_word' id='word_1_33' title='bbox 564 505 657 548; x_wconf 90' lang='lat'><strong>410.</strong></span> <span class='ocrx_word' id='word_1_34' title='bbox 684 511 722 548; x_wconf 77' lang='lat'><strong>2.</strong></span> <span class='ocrx_word' id='word_1_35' title='bbox 760 500 839 544; x_wconf 76' lang='grc' dir='ltr'><strong><em>ἇπό</em></strong></span> <span class='ocrx_word' id='word_1_36' title='bbox 862 499 1123 556; x_wconf 75' lang='grc' dir='ltr'><strong><em>Βενδεριᾶνας</em></strong></span> <span class='ocrx_word' id='word_1_37' title='bbox 1150 501 1174 543; x_wconf 80' lang='grc' dir='ltr'>ὁ</span> <span class='ocrx_word' id='word_1_38' title='bbox 1205 497 1325 553; x_wconf 61' lang='lat' dir='ltr'><strong>(9ng.</strong></span> <span class='ocrx_word' id='word_1_39' title='bbox 1374 499 1415 537; x_wconf 91' lang='lat' dir='ltr'><strong>C.</strong></span> <span class='ocrx_word' id='word_1_40' title='bbox 1439 497 1465 540; x_wconf 77' lang='grc' dir='ltr'><em>ὅ</em></span> <span class='ocrx_word' id='word_1_41' title='bbox 1483 496 1720 548; x_wconf 79' lang='grc' dir='ltr'><strong><em>Βενδαρίτης</em></strong></span> <span class='ocrx_word' id='word_1_42' title='bbox 1746 494 1768 536; x_wconf 84' lang='grc' dir='ltr'><em>ὅ</em></span> 
     </span>
     <span class='ocr_line' id='line_1_7' title="bbox 326 552 1769 619; baseline -0.009 -17"><span class='ocrx_word' id='word_1_43' title='bbox 326 560 447 619; x_wconf 75' lang='grc' dir='ltr'><strong>Θροῖξ.</strong></span> <span class='ocrx_word' id='word_1_44' title='bbox 511 563 606 601; x_wconf 82' lang='lat' dir='ltr'><strong>Erat</strong></span> <span class='ocrx_word' id='word_1_45' title='bbox 632 561 725 600; x_wconf 87' lang='lat' dir='ltr'><strong>urbs</strong></span> <span class='ocrx_word' id='word_1_46' title='bbox 751 558 945 597; x_wconf 78' lang='lat' dir='ltr'><strong><em>Bederina</em></strong></span> <span class='ocrx_word' id='word_1_47' title='bbox 970 572 1040 597; x_wconf 76' lang='lat' dir='ltr'><strong><em>seu</em></strong></span> <span class='ocrx_word' id='word_1_48' title='bbox 1068 556 1287 596; x_wconf 78' lang='lat' dir='ltr'><strong><em>Bederiana</em></strong></span> <span class='ocrx_word' id='word_1_49' title='bbox 1311 557 1353 594; x_wconf 86' lang='lat' dir='ltr'><strong><em>in</em></strong></span> <span class='ocrx_word' id='word_1_50' title='bbox 1376 553 1583 596; x_wconf 64' lang='lat' dir='ltr'><strong><em>limitaneis</em></strong></span> <span class='ocrx_word' id='word_1_51' title='bbox 1611 552 1769 604; x_wconf 83' lang='lat' dir='ltr'>Illyriae</span> 
     </span>
     <span class='ocr_line' id='line_1_8' title="bbox 325 607 1766 668; baseline -0.008 -11"><span class='ocrx_word' id='word_1_52' title='bbox 325 619 590 668; x_wconf 79' lang='lat' dir='ltr'><strong><em>Thraciaeque</em></strong></span> <span class='ocrx_word' id='word_1_53' title='bbox 618 619 718 667; x_wconf 79' lang='lat' dir='ltr'><strong><em>agris</em></strong></span> <span class='ocrx_word' id='word_1_54' title='bbox 745 616 838 664; x_wconf 83' lang='lat' dir='ltr'><strong><em>sita,</em></strong></span> <span class='ocrx_word' id='word_1_55' title='bbox 866 614 959 653; x_wconf 89' lang='lat' dir='ltr'><strong><em>hinc</em></strong></span> <span class='ocrx_word' id='word_1_56' title='bbox 982 614 1126 652; x_wconf 86' lang='lat' dir='ltr'><strong><em>dicitur</em></strong></span> <span class='ocrx_word' id='word_1_57' title='bbox 1145 612 1319 651; x_wconf 77' lang='lat' dir='ltr'><strong><em>Iustinus</em></strong></span> <span class='ocrx_word' id='word_1_58' title='bbox 1349 611 1395 650; x_wconf 88' lang='lat' dir='ltr'><strong><em>ab</em></strong></span> <span class='ocrx_word' id='word_1_59' title='bbox 1418 610 1504 649; x_wconf 77' lang='lat' dir='ltr'><strong><em>aliis</em></strong></span> <span class='ocrx_word' id='word_1_60' title='bbox 1533 607 1695 659; x_wconf 74' lang='lat' dir='ltr'><strong><em>Thraoe5</em></strong></span> <span class='ocrx_word' id='word_1_61' title='bbox 1717 607 1766 646; x_wconf 76' lang='lat' dir='ltr'><strong><em>ab</em></strong></span> 
     </span>
     <span class='ocr_line' id='line_1_9' title="bbox 324 663 1595 727; baseline -0.008 -13"><span class='ocrx_word' id='word_1_62' title='bbox 324 675 410 714; x_wconf 77' lang='lat' dir='ltr'>aliis</span> <span class='ocrx_word' id='word_1_63' title='bbox 431 688 481 713; x_wconf 81' lang='lat' dir='ltr'><strong><em>ex</em></strong></span> <span class='ocrx_word' id='word_1_64' title='bbox 501 671 640 727; x_wconf 83' lang='lat' dir='ltr'><strong><em>Illyria</em></strong></span> <span class='ocrx_word' id='word_1_65' title='bbox 660 673 792 711; x_wconf 85' lang='lat' dir='ltr'><strong>fuisse.</strong></span> <span class='ocrx_word' id='word_1_66' title='bbox 1594 663 1595 668; x_wconf 40' lang='lat'>¹</span> 
     </span>
    </p>

    <p class='ocr_par' dir='ltr' id='par_1_4' title="bbox 321 717 1768 1118">
     <span class='ocr_line' id='line_1_10' title="bbox 437 717 1767 781; baseline -0.011 -12"><span class='ocrx_word' id='word_1_67' title='bbox 437 728 534 781; x_wconf 68' lang='lat' dir='ltr'><strong>qu.</strong></span> <span class='ocrx_word' id='word_1_68' title='bbox 563 727 657 771; x_wconf 85' lang='lat'><strong>410.</strong></span> <span class='ocrx_word' id='word_1_69' title='bbox 691 732 752 770; x_wconf 88' lang='lat'><strong><em>10.</em></strong></span> <span class='ocrx_word' id='word_1_70' title='bbox 785 722 991 780; x_wconf 81' lang='grc' dir='ltr'><strong><em>Θεόκριτον</em></strong></span> <span class='ocrx_word' id='word_1_71' title='bbox 1010 731 1083 766; x_wconf 85' lang='lat' dir='ltr'><strong><em>etc.</em></strong></span> <span class='ocrx_word' id='word_1_72' title='bbox 1123 723 1244 775; x_wconf 86' lang='lat' dir='ltr'><strong>Apud</strong></span> <span class='ocrx_word' id='word_1_73' title='bbox 1263 723 1304 761; x_wconf 89' lang='lat' dir='ltr'><strong>C.</strong></span> <span class='ocrx_word' id='word_1_74' title='bbox 1323 721 1498 761; x_wconf 82' lang='lat' dir='ltr'><strong><em>mutilate</em></strong></span> <span class='ocrx_word' id='word_1_75' title='bbox 1514 719 1682 761; x_wconf 77' lang='lat' dir='ltr'><strong><em>habetur</em></strong></span> <span class='ocrx_word' id='word_1_76' title='bbox 1701 717 1767 756; x_wconf 79' lang='lat' dir='ltr'><strong><em>hic</em></strong></span> 
     </span>
     <span class='ocr_line' id='line_1_11' title="bbox 321 771 1768 835; baseline -0.008 -11"><span class='ocrx_word' id='word_1_77' title='bbox 321 788 454 824; x_wconf 84' lang='lat' dir='ltr'><strong>locus:</strong></span> <span class='ocrx_word' id='word_1_78' title='bbox 493 782 646 824; x_wconf 71' lang='grc' dir='ltr'><strong><em>ἀνεῖλεν</em></strong></span> <span class='ocrx_word' id='word_1_79' title='bbox 663 780 867 835; x_wconf 77' lang='grc' dir='ltr'><strong><em>Αμάντιον</em></strong></span> <span class='ocrx_word' id='word_1_80' title='bbox 886 779 957 822; x_wconf 80' lang='grc' dir='ltr'><strong><em>τόν</em></strong></span> <span class='ocrx_word' id='word_1_81' title='bbox 986 777 1252 834; x_wconf 81' lang='grc' dir='ltr'><strong><em>Πραιπὸσιτον</em></strong></span> <span class='ocrx_word' id='word_1_82' title='bbox 1270 775 1395 818; x_wconf 70' lang='grc' dir='ltr'><strong><em>αὐτοῦ</em></strong></span> <span class='ocrx_word' id='word_1_83' title='bbox 1413 775 1482 817; x_wconf 80' lang='grc' dir='ltr'><strong><em>καὶ</em></strong></span> <span class='ocrx_word' id='word_1_84' title='bbox 1497 774 1678 826; x_wconf 81' lang='grc' dir='ltr'><strong><em>Ανδρέαν</em></strong></span> <span class='ocrx_word' id='word_1_85' title='bbox 1696 771 1768 819; x_wconf 77' lang='grc' dir='ltr'><strong><em>τὸν</em></strong></span> 
     </span>
     <span class='ocr_line' id='line_1_12' title="bbox 323 826 1767 893; baseline -0.008 -12"><span class='ocrx_word' id='word_1_86' title='bbox 323 835 679 893; x_wconf 78' lang='grc' dir='ltr'><strong><em>Κουβικουλάριον,</em></strong></span> <span class='ocrx_word' id='word_1_87' title='bbox 698 836 765 880; x_wconf 89' lang='grc' dir='ltr'><strong><em>τὸν</em></strong></span> <span class='ocrx_word' id='word_1_88' title='bbox 783 841 856 878; x_wconf 84' lang='grc' dir='ltr'><strong><em>τοῦ</em></strong></span> <span class='ocrx_word' id='word_1_89' title='bbox 874 836 1067 889; x_wconf 76' lang='grc' dir='ltr'><strong><em>ῥηθέντος</em></strong></span> <span class='ocrx_word' id='word_1_90' title='bbox 1077 835 1280 887; x_wconf 85' lang='grc' dir='ltr'><strong><em>Αμαντίου</em></strong></span> <span class='ocrx_word' id='word_1_91' title='bbox 1299 829 1549 886; x_wconf 82' lang='grc' dir='ltr'><strong><em>δομεστικόν”</em></strong></span> <span class='ocrx_word' id='word_1_92' title='bbox 1578 829 1628 872; x_wconf 74' lang='grc' dir='ltr'><strong><em>ὃν</em></strong></span> <span class='ocrx_word' id='word_1_93' title='bbox 1643 826 1767 882; x_wconf 72' lang='grc' dir='ltr'>ἥβδύ-</span> 
     </span>
     <span class='ocr_line' id='line_1_13' title="bbox 325 883 1765 946; baseline -0.008 -11"><span class='ocrx_word' id='word_1_94' title='bbox 325 901 434 938; x_wconf 83' lang='grc' dir='ltr'><strong><em>λετον</em></strong></span> <span class='ocrx_word' id='word_1_95' title='bbox 475 895 593 946; x_wconf 81' lang='lat' dir='ltr'><strong>(cod.</strong></span> <span class='ocrx_word' id='word_1_96' title='bbox 623 895 709 935; x_wconf 80' lang='lat' dir='ltr'><strong><em>Vat.</em></strong></span> <span class='ocrx_word' id='word_1_97' title='bbox 742 889 951 945; x_wconf 76' lang='grc' dir='ltr'><strong><em>ἐβούλετο)</em></strong></span> <span class='ocrx_word' id='word_1_98' title='bbox 988 895 1153 944; x_wconf 84' lang='grc' dir='ltr'><strong><em>ποιῆσαι</em></strong></span> <span class='ocrx_word' id='word_1_99' title='bbox 1175 889 1336 942; x_wconf 81' lang='grc' dir='ltr'><strong><em>βασιλέα</em></strong></span> <span class='ocrx_word' id='word_1_100' title='bbox 1372 884 1534 935; x_wconf 76' lang='grc' dir='ltr'><strong><em>ὅαῦτός</em></strong></span> <span class='ocrx_word' id='word_1_101' title='bbox 1553 883 1765 938; x_wconf 79' lang='grc' dir='ltr'><strong><em>Αμάντιος.</em></strong></span> 
     </span>
     <span class='ocr_line' id='line_1_14' title="bbox 323 940 1766 1003; baseline -0.008 -13"><span class='ocrx_word' id='word_1_102' title='bbox 323 953 398 990; x_wconf 90' lang='lat' dir='ltr'><strong><em>Ubi</em></strong></span> <span class='ocrx_word' id='word_1_103' title='bbox 416 966 494 990; x_wconf 91' lang='lat' dir='ltr'><strong><em>non</em></strong></span> <span class='ocrx_word' id='word_1_104' title='bbox 512 964 586 1003; x_wconf 87' lang='lat' dir='ltr'><strong><em>pro</em></strong></span> <span class='ocrx_word' id='word_1_105' title='bbox 606 948 650 991; x_wconf 84' lang='grc' dir='ltr'><strong><em>ὃν</em></strong></span> <span class='ocrx_word' id='word_1_106' title='bbox 667 948 981 988; x_wconf 82' lang='lat' dir='ltr'><strong><em>substituendum</em></strong></span> <span class='ocrx_word' id='word_1_107' title='bbox 1005 945 1076 996; x_wconf 81' lang='grc' dir='ltr'><strong><em>ὅτι,</em></strong></span> <span class='ocrx_word' id='word_1_108' title='bbox 1107 946 1214 998; x_wconf 84' lang='lat' dir='ltr'><strong><em>quod</em></strong></span> <span class='ocrx_word' id='word_1_109' title='bbox 1231 945 1442 1000; x_wconf 65' lang='lat' dir='ltr'><strong><em>Dffresnio</em></strong></span> <span class='ocrx_word' id='word_1_110' title='bbox 1465 942 1667 995; x_wconf 85' lang='lat' dir='ltr'><strong><em>placitum,</em></strong></span> <span class='ocrx_word' id='word_1_111' title='bbox 1695 940 1766 979; x_wconf 81' lang='lat' dir='ltr'><strong><em>sed</em></strong></span> 
     </span>
     <span class='ocr_line' id='line_1_15' title="bbox 324 991 1768 1060; baseline -0.006 -14"><span class='ocrx_word' id='word_1_112' title='bbox 324 1014 416 1060; x_wconf 84' lang='lat' dir='ltr'><strong><em>post</em></strong></span> <span class='ocrx_word' id='word_1_113' title='bbox 433 1020 571 1046; x_wconf 86' lang='lat' dir='ltr'><strong><em>vocem</em></strong></span> <span class='ocrx_word' id='word_1_114' title='bbox 586 1001 914 1058; x_wconf 72' lang='grc' dir='ltr'><strong><em>κουβικουλοὶριον</em></strong></span> <span class='ocrx_word' id='word_1_115' title='bbox 925 1033 936 1054; x_wconf 88' lang='lat'>‚</span> <span class='ocrx_word' id='word_1_116' title='bbox 964 1002 1173 1043; x_wconf 80' lang='lat' dir='ltr'><strong><em>inserenda</em></strong></span> <span class='ocrx_word' id='word_1_117' title='bbox 1189 1007 1281 1039; x_wconf 79' lang='lat' dir='ltr'><strong><em>sunt</em></strong></span> <span class='ocrx_word' id='word_1_118' title='bbox 1298 1000 1396 1040; x_wconf 81' lang='lat' dir='ltr'><strong><em>haec</em></strong></span> <span class='ocrx_word' id='word_1_119' title='bbox 1413 999 1556 1050; x_wconf 76' lang='lat' dir='ltr'><strong><em>verba,</em></strong></span> <span class='ocrx_word' id='word_1_120' title='bbox 1583 996 1652 1039; x_wconf 74' lang='grc' dir='ltr'><strong><em>καὶ</em></strong></span> <span class='ocrx_word' id='word_1_121' title='bbox 1672 991 1768 1038; x_wconf 77' lang='grc' dir='ltr'>Θεό-</span> 
     </span>
     <span class='ocr_line' id='line_1_16' title="bbox 323 1059 723 1118; baseline -0.008 -14"><span class='ocrx_word' id='word_1_122' title='bbox 323 1079 457 1118; x_wconf 75' lang='grc' dir='ltr'><strong><em>κριτον</em></strong></span> <span class='ocrx_word' id='word_1_123' title='bbox 474 1060 542 1103; x_wconf 81' lang='grc' dir='ltr'><strong><em>τὸν</em></strong></span> <span class='ocrx_word' id='word_1_124' title='bbox 560 1059 723 1114; x_wconf 81' lang='grc' dir='ltr'><strong><em>κόμητα.</em></strong></span> 
     </span>
    </p>

    <p class='ocr_par' dir='ltr' id='par_1_5' title="bbox 437 1114 1225 1168">
     <span class='ocr_line' id='line_1_17' title="bbox 437 1114 1225 1168; baseline -0.009 -9"><span class='ocrx_word' id='word_1_125' title='bbox 437 1122 534 1168; x_wconf 77' lang='lat' dir='ltr'><strong>Pag.</strong></span> <span class='ocrx_word' id='word_1_126' title='bbox 564 1118 657 1159; x_wconf 88' lang='grc'><strong>411.</strong></span> <span class='ocrx_word' id='word_1_127' title='bbox 688 1121 727 1159; x_wconf 91' lang='grc'><strong><em>6.</em></strong></span> <span class='ocrx_word' id='word_1_128' title='bbox 756 1116 956 1156; x_wconf 83' lang='grc' dir='ltr'><strong><em>Αππίονα.</em></strong></span> <span class='ocrx_word' id='word_1_129' title='bbox 989 1114 1225 1154; x_wconf 80' lang='grc' dir='ltr'><strong>Ο.Απι’ωνα.</strong></span> 
     </span>
    </p>

    <p class='ocr_par' dir='ltr' id='par_1_6' title="bbox 323 1161 1770 2002">
     <span class='ocr_line' id='line_1_18' title="bbox 439 1161 1769 1224; baseline -0.011 -10"><span class='ocrx_word' id='word_1_130' title='bbox 439 1178 538 1224; x_wconf 78' lang='lat' dir='ltr'><strong>Pag.</strong></span> <span class='ocrx_word' id='word_1_131' title='bbox 570 1173 664 1214; x_wconf 84' lang='lat'><strong>411.</strong></span> <span class='ocrx_word' id='word_1_132' title='bbox 692 1176 731 1214; x_wconf 88' lang='grc'><strong><em>7.</em></strong></span> <span class='ocrx_word' id='word_1_133' title='bbox 770 1169 1024 1223; x_wconf 77' lang='grc' dir='ltr'><strong><em>Διογενιανὸν</em></strong></span> <span class='ocrx_word' id='word_1_134' title='bbox 1045 1163 1310 1222; x_wconf 78' lang='grc' dir='ltr'><em>στρατηλάτην</em></span> <span class='ocrx_word' id='word_1_135' title='bbox 1327 1163 1530 1217; x_wconf 70' lang='grc' dir='ltr'><strong><em>ἀνατολῆς.</em></strong></span> <span class='ocrx_word' id='word_1_136' title='bbox 1585 1163 1644 1202; x_wconf 83' lang='lat' dir='ltr'><strong><em>Ita</em></strong></span> <span class='ocrx_word' id='word_1_137' title='bbox 1663 1161 1769 1214; x_wconf 78' lang='lat' dir='ltr'>apud</span> 
     </span>
     <span class='ocr_line' id='line_1_19' title="bbox 326 1213 1769 1281; baseline -0.008 -13"><span class='ocrx_word' id='word_1_138' title='bbox 326 1228 624 1281; x_wconf 85' lang='lat' dir='ltr'>Theophanem:</span> <span class='ocrx_word' id='word_1_139' title='bbox 656 1233 694 1265; x_wconf 84' lang='lat' dir='ltr'><strong><em>et</em></strong></span> <span class='ocrx_word' id='word_1_140' title='bbox 713 1228 770 1266; x_wconf 86' lang='lat' dir='ltr'><strong><em>sic</em></strong></span> <span class='ocrx_word' id='word_1_141' title='bbox 789 1227 995 1278; x_wconf 84' lang='lat' dir='ltr'><strong><em>legendum</em></strong></span> <span class='ocrx_word' id='word_1_142' title='bbox 1020 1225 1125 1277; x_wconf 75' lang='lat' dir='ltr'>apud</span> <span class='ocrx_word' id='word_1_143' title='bbox 1146 1226 1185 1262; x_wconf 90' lang='lat' dir='ltr'><strong>C.</strong></span> <span class='ocrx_word' id='word_1_144' title='bbox 1202 1237 1274 1276; x_wconf 85' lang='lat' dir='ltr'><strong><em>pro</em></strong></span> <span class='ocrx_word' id='word_1_145' title='bbox 1293 1236 1338 1261; x_wconf 86' lang='lat' dir='ltr'><strong><em>eo</em></strong></span> <span class='ocrx_word' id='word_1_146' title='bbox 1361 1222 1469 1273; x_wconf 82' lang='lat' dir='ltr'><strong><em>quod</em></strong></span> <span class='ocrx_word' id='word_1_147' title='bbox 1485 1219 1582 1259; x_wconf 86' lang='lat' dir='ltr'><strong><em>inibi</em></strong></span> <span class='ocrx_word' id='word_1_148' title='bbox 1602 1213 1769 1257; x_wconf 65' lang='lat' dir='ltr'><strong><em>h‘abetixr</em></strong></span> 
     </span>
     <span class='ocr_line' id='line_1_20' title="bbox 325 1274 1766 1337; baseline -0.009 -12"><span class='ocrx_word' id='word_1_149' title='bbox 325 1281 402 1326; x_wconf 66' lang='grc' dir='ltr'><strong><em>ἐπὸ</em></strong></span> <span class='ocrx_word' id='word_1_150' title='bbox 428 1284 698 1337; x_wconf 76' lang='grc' dir='ltr'><strong><em>στρατηλατῶν</em></strong></span> <span class='ocrx_word' id='word_1_151' title='bbox 719 1281 935 1334; x_wconf 72' lang='grc' dir='ltr'><strong><em>ἀνατολῆς·</em></strong></span> <span class='ocrx_word' id='word_1_152' title='bbox 965 1283 1028 1320; x_wconf 82' lang='lat' dir='ltr'><strong><em>vel</em></strong></span> <span class='ocrx_word' id='word_1_153' title='bbox 1048 1283 1156 1319; x_wconf 84' lang='lat' dir='ltr'><strong>locus</strong></span> <span class='ocrx_word' id='word_1_154' title='bbox 1177 1281 1312 1318; x_wconf 80' lang='lat' dir='ltr'><strong><em>saltem</em></strong></span> <span class='ocrx_word' id='word_1_155' title='bbox 1335 1279 1391 1317; x_wconf 90' lang='lat' dir='ltr'><strong><em>sic</em></strong></span> <span class='ocrx_word' id='word_1_156' title='bbox 1413 1274 1766 1328; x_wconf 82' lang='lat' dir='ltr'><strong><em>interpungendus:</em></strong></span> 
     </span>
     <span class='ocr_line' id='line_1_21' title="bbox 323 1328 1767 1390; baseline -0.007 -10"><span class='ocrx_word' id='word_1_157' title='bbox 323 1339 391 1380; x_wconf 76' lang='grc' dir='ltr'><strong><em>καὶ</em></strong></span> <span class='ocrx_word' id='word_1_158' title='bbox 420 1340 604 1390; x_wconf 77' lang='grc' dir='ltr'><strong><em>ἐποίησεν</em></strong></span> <span class='ocrx_word' id='word_1_159' title='bbox 631 1339 800 1378; x_wconf 81' lang='grc' dir='ltr'><strong><em>Απίωνα</em></strong></span> <span class='ocrx_word' id='word_1_160' title='bbox 828 1336 899 1389; x_wconf 79' lang='grc' dir='ltr'><strong><em>μὲν</em></strong></span> <span class='ocrx_word' id='word_1_161' title='bbox 927 1337 1094 1389; x_wconf 73' lang='grc' dir='ltr'><strong><em>ἔπαρχον</em></strong></span> <span class='ocrx_word' id='word_1_162' title='bbox 1123 1336 1390 1388; x_wconf 80' lang='grc' dir='ltr'><strong><em>πραιτωρίων,</em></strong></span> <span class='ocrx_word' id='word_1_163' title='bbox 1442 1329 1696 1386; x_wconf 83' lang='grc' dir='ltr'><strong><em>Διογενιανὸν</em></strong></span> <span class='ocrx_word' id='word_1_164' title='bbox 1722 1328 1767 1370; x_wconf 79' lang='grc' dir='ltr'><strong><em>δὲ</em></strong></span> 
     </span>
     <span class='ocr_line' id='line_1_22' title="bbox 328 1386 1766 1447; baseline -0.008 -11"><span class='ocrx_word' id='word_1_165' title='bbox 328 1393 409 1436; x_wconf 63' lang='lat' dir='ltr'><strong><em>vino*</em></strong></span> <span class='ocrx_word' id='word_1_166' title='bbox 438 1396 720 1447; x_wconf 80' lang='grc' dir='ltr'><strong><em>Στρατηλατῶν</em></strong></span> <span class='ocrx_word' id='word_1_167' title='bbox 749 1390 962 1445; x_wconf 80' lang='grc' dir='ltr'><strong><em>α’νατολῆς·</em></strong></span> <span class='ocrx_word' id='word_1_168' title='bbox 1004 1399 1122 1442; x_wconf 84' lang='lat' dir='ltr'><strong>atque</strong></span> <span class='ocrx_word' id='word_1_169' title='bbox 1143 1392 1198 1428; x_wconf 86' lang='lat' dir='ltr'><strong><em>ita</em></strong></span> <span class='ocrx_word' id='word_1_170' title='bbox 1218 1390 1463 1428; x_wconf 83' lang='lat' dir='ltr'><strong><em>reddendus:</em></strong></span> <span class='ocrx_word' id='word_1_171' title='bbox 1501 1397 1537 1426; x_wconf 82' lang='lat' dir='ltr'><strong><em>et</em></strong></span> <span class='ocrx_word' id='word_1_172' title='bbox 1552 1386 1661 1442; x_wconf 82' lang='lat' dir='ltr'><strong><em>fecit</em></strong></span> <span class='ocrx_word' id='word_1_173' title='bbox 1682 1387 1766 1439; x_wconf 86' lang='lat' dir='ltr'><strong><em>qui-</em></strong></span> 
     </span>
     <span class='ocr_line' id='line_1_23' title="bbox 326 1440 1767 1504; baseline -0.006 -16"><span class='ocrx_word' id='word_1_174' title='bbox 326 1449 412 1489; x_wconf 75' lang='lat' dir='ltr'><strong><em>dem</em></strong></span> <span class='ocrx_word' id='word_1_175' title='bbox 433 1449 628 1503; x_wconf 86' lang='lat' dir='ltr'><strong><em>Apionem</em></strong></span> <span class='ocrx_word' id='word_1_176' title='bbox 654 1448 891 1504; x_wconf 70' lang='lat' dir='ltr'><strong><em>Praefectum</em></strong></span> <span class='ocrx_word' id='word_1_177' title='bbox 914 1448 1132 1495; x_wconf 83' lang='lat' dir='ltr'><strong><em>Praetorio,-</em></strong></span> <span class='ocrx_word' id='word_1_178' title='bbox 1159 1446 1444 1497; x_wconf 80' lang='lat' dir='ltr'><strong><em>Diogenianum</em></strong></span> <span class='ocrx_word' id='word_1_179' title='bbox 1464 1457 1551 1482; x_wconf 85' lang='lat' dir='ltr'><strong><em>vero</em></strong></span> <span class='ocrx_word' id='word_1_180' title='bbox 1575 1440 1767 1480; x_wconf 71' lang='lat' dir='ltr'><em>Eae-Ma-</em></span> 
     </span>
     <span class='ocr_line' id='line_1_24' title="bbox 324 1495 1767 1558; baseline -0.007 -14"><span class='ocrx_word' id='word_1_181' title='bbox 324 1507 493 1558; x_wconf 75' lang='lat' dir='ltr'><strong><em>gistrum</em></strong></span> <span class='ocrx_word' id='word_1_182' title='bbox 508 1503 687 1553; x_wconf 79' lang='lat' dir='ltr'><strong><em>miliium,</em></strong></span> <span class='ocrx_word' id='word_1_183' title='bbox 717 1503 822 1558; x_wconf 84' lang='lat' dir='ltr'><strong><em>(sive</em></strong></span> <span class='ocrx_word' id='word_1_184' title='bbox 844 1505 911 1556; x_wconf 86' lang='lat' dir='ltr'><strong><em>qui</em></strong></span> <span class='ocrx_word' id='word_1_185' title='bbox 931 1503 1066 1557; x_wconf 78' lang='lat' dir='ltr'><strong><em>fuerat</em></strong></span> <span class='ocrx_word' id='word_1_186' title='bbox 1085 1501 1282 1552; x_wconf 79' lang='lat' dir='ltr'><em>Magister</em></span> <span class='ocrx_word' id='word_1_187' title='bbox 1299 1497 1492 1551; x_wconf 86' lang='lat' dir='ltr'><strong><em>militum)</em></strong></span> <span class='ocrx_word' id='word_1_188' title='bbox 1525 1495 1767 1552; x_wconf 66' lang='lat' dir='ltr'><strong><em>Prafictum</em></strong></span> 
     </span>
     <span class='ocr_line' id='line_1_25' title="bbox 333 1553 1769 1609; baseline -0.005 -10"><span class='ocrx_word' id='word_1_189' title='bbox 333 1561 522 1609; x_wconf 78' lang='lat' dir='ltr'><strong><em>Orientis,</em></strong></span> <span class='ocrx_word' id='word_1_190' title='bbox 550 1573 630 1598; x_wconf 90' lang='lat' dir='ltr'><strong><em>non</em></strong></span> <span class='ocrx_word' id='word_1_191' title='bbox 651 1566 696 1598; x_wconf 89' lang='lat' dir='ltr'><strong><em>ut</em></strong></span> <span class='ocrx_word' id='word_1_192' title='bbox 714 1561 833 1598; x_wconf 84' lang='lat' dir='ltr'><strong><em>vertit</em></strong></span> <span class='ocrx_word' id='word_1_193' title='bbox 855 1559 1104 1596; x_wconf 81' lang='lat' dir='ltr'><strong><em>Dufresnius:</em></strong></span> <span class='ocrx_word' id='word_1_194' title='bbox 1132 1557 1418 1607; x_wconf 83' lang='lat' dir='ltr'><strong><em>Diogenianum</em></strong></span> <span class='ocrx_word' id='word_1_195' title='bbox 1442 1553 1769 1604; x_wconf 72' lang='lat' dir='ltr'><strong><em>Eae-magistrum</em></strong></span> 
     </span>
     <span class='ocr_line' id='line_1_26' title="bbox 330 1608 1768 1668; baseline -0.007 -13"><span class='ocrx_word' id='word_1_196' title='bbox 330 1614 497 1656; x_wconf 82' lang='lat' dir='ltr'><strong><em>militum</em></strong></span> <span class='ocrx_word' id='word_1_197' title='bbox 517 1631 586 1668; x_wconf 85' lang='lat' dir='ltr'><strong><em>per</em></strong></span> <span class='ocrx_word' id='word_1_198' title='bbox 606 1617 783 1654; x_wconf 81' lang='lat' dir='ltr'><strong><em>orientem</em></strong></span> <span class='ocrx_word' id='word_1_199' title='bbox 803 1614 922 1652; x_wconf 76' lang='lat' dir='ltr'><strong><em>dixit.</em></strong></span> <span class='ocrx_word' id='word_1_200' title='bbox 981 1615 1069 1652; x_wconf 89' lang='lat' dir='ltr'><strong><em>Non</em></strong></span> <span class='ocrx_word' id='word_1_201' title='bbox 1086 1613 1186 1651; x_wconf 81' lang='lat' dir='ltr'><strong><em>enim</em></strong></span> <span class='ocrx_word' id='word_1_202' title='bbox 1208 1613 1255 1650; x_wconf 86' lang='lat' dir='ltr'><strong><em>ab</em></strong></span> <span class='ocrx_word' id='word_1_203' title='bbox 1273 1613 1512 1662; x_wconf 84' lang='lat' dir='ltr'><strong><em>Imperatore</em></strong></span> <span class='ocrx_word' id='word_1_204' title='bbox 1531 1608 1679 1647; x_wconf 84' lang='lat' dir='ltr'><strong><em>dicitur</em></strong></span> <span class='ocrx_word' id='word_1_205' title='bbox 1696 1613 1768 1646; x_wconf 72' lang='lat' dir='ltr'><strong>seu.</strong></span> 
     </span>
     <span class='ocr_line' id='line_1_27' title="bbox 329 1664 1767 1721; baseline -0.007 -10"><span class='ocrx_word' id='word_1_206' title='bbox 329 1678 484 1710; x_wconf 81' lang='lat' dir='ltr'><strong><em>creatur</em></strong></span> <span class='ocrx_word' id='word_1_207' title='bbox 513 1671 652 1721; x_wconf 84' lang='lat' dir='ltr'><strong><em>aliquis</em></strong></span> <span class='ocrx_word' id='word_1_208' title='bbox 676 1669 972 1721; x_wconf 69' lang='lat' dir='ltr'><strong><em>Eae-Magister</em></strong></span> <span class='ocrx_word' id='word_1_209' title='bbox 998 1668 1185 1717; x_wconf 84' lang='lat' dir='ltr'><strong><em>militum,</em></strong></span> <span class='ocrx_word' id='word_1_210' title='bbox 1214 1667 1281 1705; x_wconf 83' lang='lat' dir='ltr'><strong><em>sed</em></strong></span> <span class='ocrx_word' id='word_1_211' title='bbox 1310 1667 1365 1705; x_wconf 84' lang='lat' dir='ltr'><strong><em>ita</em></strong></span> <span class='ocrx_word' id='word_1_212' title='bbox 1390 1669 1424 1705; x_wconf 79' lang='lat' dir='ltr'><strong><em>is</em></strong></span> <span class='ocrx_word' id='word_1_213' title='bbox 1452 1665 1676 1717; x_wconf 82' lang='lat' dir='ltr'><strong><em>appellatur</em></strong></span> <span class='ocrx_word' id='word_1_214' title='bbox 1697 1664 1767 1714; x_wconf 88' lang='lat' dir='ltr'><strong><em>qui</em></strong></span> 
     </span>
     <span class='ocr_line' id='line_1_28' title="bbox 327 1719 1766 1778; baseline -0.006 -12"><span class='ocrx_word' id='word_1_215' title='bbox 327 1728 525 1778; x_wconf 78' lang='lat' dir='ltr'><strong><em>Magister</em></strong></span> <span class='ocrx_word' id='word_1_216' title='bbox 557 1725 733 1764; x_wconf 81' lang='lat' dir='ltr'><strong><em>Militum</em></strong></span> <span class='ocrx_word' id='word_1_217' title='bbox 760 1723 977 1778; x_wconf 74' lang='lat' dir='ltr'><strong><em>aliquando</em></strong></span> <span class='ocrx_word' id='word_1_218' title='bbox 1000 1724 1144 1778; x_wconf 75' lang='lat' dir='ltr'><strong><em>fuerat.</em></strong></span> <span class='ocrx_word' id='word_1_219' title='bbox 1216 1724 1280 1762; x_wconf 88' lang='lat' dir='ltr'><strong><em>Sic</em></strong></span> <span class='ocrx_word' id='word_1_220' title='bbox 1309 1729 1418 1761; x_wconf 75' lang='lat' dir='ltr'><strong>antea</strong></span> <span class='ocrx_word' id='word_1_221' title='bbox 1445 1734 1536 1760; x_wconf 81' lang='lat' dir='ltr'><strong><em>sane</em></strong></span> <span class='ocrx_word' id='word_1_222' title='bbox 1569 1720 1619 1759; x_wconf 81' lang='lat' dir='ltr'><strong><em>de</em></strong></span> <span class='ocrx_word' id='word_1_223' title='bbox 1651 1733 1696 1758; x_wconf 87' lang='lat' dir='ltr'><strong><em>eo</em></strong></span> <span class='ocrx_word' id='word_1_224' title='bbox 1723 1719 1766 1757; x_wconf 73' lang='lat' dir='ltr'><strong><em>‘in</em></strong></span> 
     </span>
     <span class='ocr_line' id='line_1_29' title="bbox 329 1776 1767 1831; baseline -0.005 -10"><span class='ocrx_word' id='word_1_225' title='bbox 329 1783 490 1822; x_wconf 83' lang='lat' dir='ltr'><strong><em>exilium</em></strong></span> <span class='ocrx_word' id='word_1_226' title='bbox 517 1782 653 1831; x_wconf 83' lang='lat' dir='ltr'><strong><em>misso,</em></strong></span> <span class='ocrx_word' id='word_1_227' title='bbox 695 1788 733 1819; x_wconf 78' lang='lat' dir='ltr'><strong><em>et</em></strong></span> <span class='ocrx_word' id='word_1_228' title='bbox 761 1796 780 1819; x_wconf 84' lang='lat' dir='ltr'>a</span> <span class='ocrx_word' id='word_1_229' title='bbox 807 1782 956 1819; x_wconf 88' lang='lat' dir='ltr'><strong><em>Justino</em></strong></span> <span class='ocrx_word' id='word_1_230' title='bbox 980 1781 1187 1831; x_wconf 73' lang='lat' dir='ltr'><strong><em>revocato,</em></strong></span> <span class='ocrx_word' id='word_1_231' title='bbox 1228 1781 1412 1830; x_wconf 88' lang='lat' dir='ltr'><strong><em>loquens,</em></strong></span> <span class='ocrx_word' id='word_1_232' title='bbox 1441 1776 1767 1828; x_wconf 71' lang='lat' dir='ltr'><strong><em>Eae-magistrum</em></strong></span> 
     </span>
     <span class='ocr_line' id='line_1_30' title="bbox 330 1830 1770 1888; baseline -0.006 -10"><span class='ocrx_word' id='word_1_233' title='bbox 330 1837 510 1878; x_wconf 81' lang='lat' dir='ltr'><strong><em>Militum</em></strong></span> <span class='ocrx_word' id='word_1_234' title='bbox 532 1851 618 1876; x_wconf 89' lang='lat' dir='ltr'><strong><em>eum</em></strong></span> <span class='ocrx_word' id='word_1_235' title='bbox 639 1837 821 1888; x_wconf 83' lang='lat' dir='ltr'><strong><em>appellat.</em></strong></span> <span class='ocrx_word' id='word_1_236' title='bbox 876 1836 1143 1877; x_wconf 82' lang='grc' dir='ltr'><strong><em>Ανεκαλέσατο</em></strong></span> <span class='ocrx_word' id='word_1_237' title='bbox 1160 1832 1231 1876; x_wconf 73' lang='grc' dir='ltr'><strong><em>τόν</em></strong></span> <span class='ocrx_word' id='word_1_238' title='bbox 1250 1836 1466 1888; x_wconf 77' lang='grc' dir='ltr'><strong><em>Πατρίκιον</em></strong></span> <span class='ocrx_word' id='word_1_239' title='bbox 1483 1833 1672 1881; x_wconf 79' lang='grc' dir='ltr'><strong><em>Λπίωνα,</em></strong></span> <span class='ocrx_word' id='word_1_240' title='bbox 1700 1830 1770 1870; x_wconf 81' lang='grc' dir='ltr'><strong><em>καὶ</em></strong></span> 
     </span>
     <span class='ocr_line' id='line_1_31' title="bbox 330 1885 1769 1947; baseline -0.003 -14"><span class='ocrx_word' id='word_1_241' title='bbox 330 1891 589 1946; x_wconf 74' lang='grc' dir='ltr'><strong><em>Διογενιανὸν</em></strong></span> <span class='ocrx_word' id='word_1_242' title='bbox 626 1889 703 1934; x_wconf 70' lang='lat' dir='ltr'><strong><em>vino*</em></strong></span> <span class='ocrx_word' id='word_1_243' title='bbox 734 1894 1035 1947; x_wconf 79' lang='grc' dir='ltr'><strong><em>Στρατηλατῶν,</em></strong></span> <span class='ocrx_word' id='word_1_244' title='bbox 1075 1891 1142 1931; x_wconf 84' lang='grc' dir='ltr'><strong><em>καὶ</em></strong></span> <span class='ocrx_word' id='word_1_245' title='bbox 1173 1888 1400 1942; x_wconf 82' lang='grc' dir='ltr'><strong><em>φιλόξενον,</em></strong></span> <span class='ocrx_word' id='word_1_246' title='bbox 1438 1890 1507 1932; x_wconf 81' lang='grc' dir='ltr'><strong><em>καὶ</em></strong></span> <span class='ocrx_word' id='word_1_247' title='bbox 1535 1886 1655 1931; x_wconf 71' lang='grc' dir='ltr'><strong><em>αὐτόν</em></strong></span> <span class='ocrx_word' id='word_1_248' title='bbox 1686 1885 1769 1928; x_wconf 64' lang='lat' dir='ltr'><strong><em>dno*</em></strong></span> 
     </span>
     <span class='ocr_line' id='line_1_32' title="bbox 334 1951 1693 2002; baseline -0.008 -13"><span class='ocrx_word' id='word_1_249' title='bbox 334 1951 625 2002; x_wconf 76' lang='grc' dir='ltr'><strong><em>Στρατηλατῶν.</em></strong></span> <span class='ocrx_word' id='word_1_250' title='bbox 1688 1990 1693 1995; x_wconf 20' lang='grc' dir='ltr'><strong><em>Γ</em></strong></span> 
     </span>
    </p>

    <p class='ocr_par' dir='ltr' id='par_1_7' title="bbox 334 1999 1768 2112">
     <span class='ocr_line' id='line_1_33' title="bbox 444 1999 1768 2055; baseline 0 -12"><span class='ocrx_word' id='word_1_251' title='bbox 444 2007 541 2054; x_wconf 77' lang='lat' dir='ltr'><strong>Pag.</strong></span> <span class='ocrx_word' id='word_1_252' title='bbox 570 2004 662 2046; x_wconf 84' lang='lat'><strong>413.</strong></span> <span class='ocrx_word' id='word_1_253' title='bbox 693 2007 730 2046; x_wconf 80' lang='lat'><strong>3.</strong></span> <span class='ocrx_word' id='word_1_254' title='bbox 752 1999 938 2043; x_wconf 78' lang='grc' dir='ltr'><strong>Κωᾶδου.</strong></span> <span class='ocrx_word' id='word_1_255' title='bbox 960 2003 1016 2040; x_wconf 85' lang='lat' dir='ltr'><strong><em>sic</em></strong></span> <span class='ocrx_word' id='word_1_256' title='bbox 1037 2002 1077 2041; x_wconf 87' lang='lat' dir='ltr'><strong>C.</strong></span> <span class='ocrx_word' id='word_1_257' title='bbox 1101 2017 1139 2054; x_wconf 91' lang='lat' dir='ltr'><strong><em>p.</em></strong></span> <span class='ocrx_word' id='word_1_258' title='bbox 1152 2004 1245 2044; x_wconf 85' lang='lat'><strong>333.</strong></span> <span class='ocrx_word' id='word_1_259' title='bbox 1266 2002 1444 2054; x_wconf 82' lang='lat' dir='ltr'><strong><em>quamvis</em></strong></span> <span class='ocrx_word' id='word_1_260' title='bbox 1466 2016 1508 2055; x_wconf 86' lang='lat' dir='ltr'><strong><em>p.</em></strong></span> <span class='ocrx_word' id='word_1_261' title='bbox 1525 2004 1617 2044; x_wconf 83' lang='lat'><strong>332.</strong></span> <span class='ocrx_word' id='word_1_262' title='bbox 1631 2000 1768 2043; x_wconf 76' lang='grc' dir='ltr'><strong><em>Κανά--</em></strong></span> 
     </span>
     <span class='ocr_line' id='line_1_34' title="bbox 334 2054 1369 2112; baseline -0.001 -14"><span class='ocrx_word' id='word_1_263' title='bbox 334 2061 416 2112; x_wconf 79' lang='grc' dir='ltr'><strong>δης.</strong></span> <span class='ocrx_word' id='word_1_264' title='bbox 480 2060 678 2111; x_wconf 80' lang='grc' dir='ltr'><strong><em>Ρνοοορὶο,</em></strong></span> <span class='ocrx_word' id='word_1_265' title='bbox 718 2058 958 2112; x_wconf 73' lang='lat' dir='ltr'><strong><em>Theophani,</em></strong></span> <span class='ocrx_word' id='word_1_266' title='bbox 989 2058 1086 2107; x_wconf 82' lang='lat' dir='ltr'>aliis,</span> <span class='ocrx_word' id='word_1_267' title='bbox 1118 2054 1320 2110; x_wconf 78' lang='grc' dir='ltr'><strong><em>Καβάδης.</em></strong></span> <span class='ocrx_word' id='word_1_268' title='bbox 1365 2087 1369 2097; x_wconf 82' lang='lat'><strong>.</strong></span> 
     </span>
    </p>

    <p class='ocr_par' dir='ltr' id='par_1_8' title="bbox 333 2111 1762 2218">
     <span class='ocr_line' id='line_1_35' title="bbox 442 2111 1762 2218; baseline 0.001 -66"><span class='ocrx_word' id='word_1_269' title='bbox 442 2117 542 2218; x_wconf 50' lang='lat' dir='ltr'><strong><em>⁴ljcgg.</em></strong></span> <span class='ocrx_word' id='word_1_270' title='bbox 570 2114 664 2156; x_wconf 81' lang='lat'><strong>413.</strong></span> <span class='ocrx_word' id='word_1_271' title='bbox 702 2114 741 2156; x_wconf 88' lang='lat'><strong>5.</strong></span> <span class='ocrx_word' id='word_1_272' title='bbox 779 2111 1001 2167; x_wconf 79' lang='grc' dir='ltr'><strong><em>Δαμνᾶζης.</em></strong></span> <span class='ocrx_word' id='word_1_273' title='bbox 1055 2111 1124 2152; x_wconf 67' lang='lat'><strong>(1⁶¹.</strong></span> <span class='ocrx_word' id='word_1_274' title='bbox 1156 2113 1253 2153; x_wconf 84' lang='lat' dir='ltr'><strong>Cod.</strong></span> <span class='ocrx_word' id='word_1_275' title='bbox 1283 2114 1369 2154; x_wconf 85' lang='lat' dir='ltr'><strong>Vat.</strong></span> <span class='ocrx_word' id='word_1_276' title='bbox 1397 2120 1436 2153; x_wconf 85' lang='lat' dir='ltr'><strong><em>et</em></strong></span> <span class='ocrx_word' id='word_1_277' title='bbox 1463 2111 1593 2153; x_wconf 83' lang='lat' dir='ltr'><strong><em>Editio</em></strong></span> <span class='ocrx_word' id='word_1_278' title='bbox 1621 2113 1762 2165; x_wconf 78' lang='lat' dir='ltr'><strong>Scalig.</strong></span> 
     </span>
     <span class='ocr_line' id='line_1_36' title="bbox 333 2175 557 2217; baseline -0.022 -5"><span class='ocrx_word' id='word_1_279' title='bbox 333 2175 393 2212; x_wconf 92' lang='grc' dir='ltr'><strong><em>Ζα</em></strong></span> <span class='ocrx_word' id='word_1_280' title='bbox 422 2186 472 2210; x_wconf 88' lang='grc' dir='ltr'><strong><em>να</em></strong></span> <span class='ocrx_word' id='word_1_281' title='bbox 526 2185 557 2217; x_wconf 81' lang='grc' dir='ltr'><strong>ς.</strong></span> 
     </span>
    </p>

    <p class='ocr_par' dir='ltr' id='par_1_9' title="bbox 332 2186 1764 2390">
     <span class='ocr_line' id='line_1_37' title="bbox 395 2186 1762 2277; baseline -0.002 -12"><span class='ocrx_word' id='word_1_282' title='bbox 395 2187 420 2224; x_wconf 78' lang='grc' dir='ltr'>μ</span> <span class='ocrx_word' id='word_1_283' title='bbox 447 2186 545 2277; x_wconf 50' lang='lat' dir='ltr'><strong><em>Pa}</em></strong></span> <span class='ocrx_word' id='word_1_284' title='bbox 575 2224 670 2267; x_wconf 80' lang='lat'><strong>413.</strong></span> <span class='ocrx_word' id='word_1_285' title='bbox 700 2226 740 2264; x_wconf 89' lang='grc'><strong>9.</strong></span> <span class='ocrx_word' id='word_1_286' title='bbox 782 2220 935 2276; x_wconf 81' lang='grc' dir='ltr'><strong>Νόμου.</strong></span> <span class='ocrx_word' id='word_1_287' title='bbox 985 2222 1154 2277; x_wconf 85' lang='lat' dir='ltr'><strong><em>Theoph.</em></strong></span> <span class='ocrx_word' id='word_1_288' title='bbox 1188 2225 1319 2276; x_wconf 84' lang='grc' dir='ltr'><strong><em>Ομοῦ·</em></strong></span> <span class='ocrx_word' id='word_1_289' title='bbox 1363 2222 1430 2262; x_wconf 72' lang='lat' dir='ltr'><strong>G⁰¹.</strong></span> <span class='ocrx_word' id='word_1_290' title='bbox 1461 2222 1590 2262; x_wconf 83' lang='lat' dir='ltr'><strong><em>Editio</em></strong></span> <span class='ocrx_word' id='word_1_291' title='bbox 1615 2221 1762 2266; x_wconf 77' lang='lat' dir='ltr'><strong><em>Rader.</em></strong></span> 
     </span>
     <span class='ocr_line' id='line_1_38' title="bbox 332 2277 1764 2348; baseline -0.002 -26"><span class='ocrx_word' id='word_1_292' title='bbox 332 2282 491 2348; x_wconf 61' lang='lat' dir='ltr'><strong><em>vavov,</em></strong></span> <span class='ocrx_word' id='word_1_293' title='bbox 517 2279 613 2319; x_wconf 84' lang='lat' dir='ltr'><strong>Cod.</strong></span> <span class='ocrx_word' id='word_1_294' title='bbox 630 2279 720 2320; x_wconf 83' lang='lat' dir='ltr'><strong>vat.</strong></span> <span class='ocrx_word' id='word_1_295' title='bbox 741 2281 895 2331; x_wconf 79' lang='grc' dir='ltr'><strong>Νομοῦ.</strong></span> <span class='ocrx_word' id='word_1_296' title='bbox 932 2281 1102 2331; x_wconf 82' lang='lat' dir='ltr'><strong><em>Symeon</em></strong></span> <span class='ocrx_word' id='word_1_297' title='bbox 1119 2279 1350 2332; x_wconf 79' lang='lat' dir='ltr'><strong><em>Logotheta,</em></strong></span> <span class='ocrx_word' id='word_1_298' title='bbox 1380 2279 1519 2317; x_wconf 84' lang='lat' dir='ltr'><strong><em>citante</em></strong></span> <span class='ocrx_word' id='word_1_299' title='bbox 1538 2277 1764 2335; x_wconf 64' lang='lat' dir='ltr'><strong><em>quresnio,</em></strong></span> 
     </span>
     <span class='ocr_line' id='line_1_39' title="bbox 336 2341 488 2390; baseline -0.02 -13"><span class='ocrx_word' id='word_1_300' title='bbox 336 2341 488 2390; x_wconf 85' lang='grc' dir='ltr'><strong>Ρωμου.</strong></span> 
     </span>
    </p>

    <p class='ocr_par' dir='ltr' id='par_1_10' title="bbox 334 2386 1763 2499">
     <span class='ocr_line' id='line_1_40' title="bbox 447 2386 1763 2443; baseline -0.001 -12"><span class='ocrx_word' id='word_1_301' title='bbox 447 2395 542 2443; x_wconf 80' lang='lat' dir='ltr'><strong>Pag.</strong></span> <span class='ocrx_word' id='word_1_302' title='bbox 573 2390 666 2433; x_wconf 82' lang='lat'><strong>413.</strong></span> <span class='ocrx_word' id='word_1_303' title='bbox 698 2393 761 2431; x_wconf 78' lang='lat'><strong>12.</strong></span> <span class='ocrx_word' id='word_1_304' title='bbox 794 2386 981 2440; x_wconf 80' lang='grc' dir='ltr'><strong><em>χλαμύδα.</em></strong></span> <span class='ocrx_word' id='word_1_305' title='bbox 1026 2391 1067 2430; x_wconf 91' lang='lat' dir='ltr'><strong>C.</strong></span> <span class='ocrx_word' id='word_1_306' title='bbox 1088 2386 1289 2443; x_wconf 73' lang='grc' dir='ltr'><strong><em>χλαμύδην</em></strong></span> <span class='ocrx_word' id='word_1_307' title='bbox 1308 2388 1372 2429; x_wconf 81' lang='lat' dir='ltr'><strong><em>vel</em></strong></span> <span class='ocrx_word' id='word_1_308' title='bbox 1391 2386 1602 2441; x_wconf 74' lang='grc' dir='ltr'><strong><em>χλαμύδιν·</em></strong></span> <span class='ocrx_word' id='word_1_309' title='bbox 1631 2389 1763 2430; x_wconf 84' lang='lat' dir='ltr'><strong><em>Editio</em></strong></span> 
     </span>
     <span class='ocr_line' id='line_1_41' title="bbox 334 2442 1118 2499; baseline 0 -13"><span class='ocrx_word' id='word_1_310' title='bbox 334 2449 434 2486; x_wconf 85' lang='lat' dir='ltr'><strong>Scal.</strong></span> <span class='ocrx_word' id='word_1_311' title='bbox 451 2447 644 2499; x_wconf 80' lang='grc' dir='ltr'><strong><em>χλανίδιν·</em></strong></span> <span class='ocrx_word' id='word_1_312' title='bbox 684 2444 906 2498; x_wconf 77' lang='lat' dir='ltr'><strong><em>Theophani</em></strong></span> <span class='ocrx_word' id='word_1_313' title='bbox 922 2442 1118 2497; x_wconf 78' lang='grc' dir='ltr'><strong><em>χλανύδιν.</em></strong></span> 
     </span>
    </p>

    <p class='ocr_par' dir='ltr' id='par_1_11' title="bbox 447 2500 1280 2554">
     <span class='ocr_line' id='line_1_42' title="bbox 447 2500 1280 2554; baseline -0.004 -12"><span class='ocrx_word' id='word_1_314' title='bbox 447 2506 544 2554; x_wconf 79' lang='lat' dir='ltr'><strong>Pag.</strong></span> <span class='ocrx_word' id='word_1_315' title='bbox 573 2502 666 2544; x_wconf 79' lang='lat'><strong>413.</strong></span> <span class='ocrx_word' id='word_1_316' title='bbox 698 2502 760 2542; x_wconf 90' lang='grc'><strong><em>16.</em></strong></span> <span class='ocrx_word' id='word_1_317' title='bbox 794 2500 975 2552; x_wconf 86' lang='grc' dir='ltr'><strong><em>πλουμία.</em></strong></span> <span class='ocrx_word' id='word_1_318' title='bbox 1011 2500 1280 2552; x_wconf 78' lang='grc' dir='ltr'><strong>Ο.πλουμμία.</strong></span> 
     </span>
    </p>

    <p class='ocr_par' dir='ltr' id='par_1_12' title="bbox 333 2553 1762 2723">
     <span class='ocr_line' id='line_1_43' title="bbox 449 2553 1762 2610; baseline -0.005 -12"><span class='ocrx_word' id='word_1_319' title='bbox 449 2561 543 2610; x_wconf 76' lang='lat' dir='ltr'><strong>Pag.</strong></span> <span class='ocrx_word' id='word_1_320' title='bbox 575 2556 672 2599; x_wconf 90' lang='lat'><strong>414.</strong></span> <span class='ocrx_word' id='word_1_321' title='bbox 704 2559 767 2597; x_wconf 89' lang='lat'><strong><em>18.</em></strong></span> <span class='ocrx_word' id='word_1_322' title='bbox 797 2556 963 2610; x_wconf 78' lang='grc' dir='ltr'><strong><em>Ζιλγιβὶ.</em></strong></span> <span class='ocrx_word' id='word_1_323' title='bbox 1004 2558 1045 2594; x_wconf 89' lang='lat' dir='ltr'><strong>C.</strong></span> <span class='ocrx_word' id='word_1_324' title='bbox 1067 2558 1212 2607; x_wconf 84' lang='grc' dir='ltr'><strong>Ζίλγβι.</strong></span> <span class='ocrx_word' id='word_1_325' title='bbox 1249 2553 1352 2593; x_wconf 86' lang='lat' dir='ltr'><strong>Edit.</strong></span> <span class='ocrx_word' id='word_1_326' title='bbox 1372 2555 1472 2593; x_wconf 84' lang='lat' dir='ltr'><strong>Scal.</strong></span> <span class='ocrx_word' id='word_1_327' title='bbox 1493 2556 1640 2609; x_wconf 80' lang='grc' dir='ltr'><strong>Ζιλγβί.</strong></span> <span class='ocrx_word' id='word_1_328' title='bbox 1697 2556 1762 2594; x_wconf 83' lang='lat' dir='ltr'><strong><em>In.</em></strong></span> 
     </span>
     <span class='ocr_line' id='line_1_44' title="bbox 336 2608 1762 2666; baseline -0.001 -14"><span class='ocrx_word' id='word_1_329' title='bbox 336 2615 394 2653; x_wconf 82' lang='lat' dir='ltr'><strong><em>fra</em></strong></span> <span class='ocrx_word' id='word_1_330' title='bbox 416 2614 523 2665; x_wconf 81' lang='lat' dir='ltr'>apud</span> <span class='ocrx_word' id='word_1_331' title='bbox 541 2613 581 2650; x_wconf 88' lang='lat' dir='ltr'><strong>C.</strong></span> <span class='ocrx_word' id='word_1_332' title='bbox 602 2608 826 2666; x_wconf 79' lang='grc' dir='ltr'><strong><em>Ζιᾶγβιρος.</em></strong></span> <span class='ocrx_word' id='word_1_333' title='bbox 856 2612 924 2650; x_wconf 91' lang='lat' dir='ltr'><strong><em>ubi</em></strong></span> <span class='ocrx_word' id='word_1_334' title='bbox 943 2612 1075 2663; x_wconf 65' lang='lat' dir='ltr'><strong><em>eadem</em></strong></span> <span class='ocrx_word' id='word_1_335' title='bbox 1094 2612 1224 2650; x_wconf 86' lang='lat' dir='ltr'><strong><em>Editio</em></strong></span> <span class='ocrx_word' id='word_1_336' title='bbox 1244 2610 1347 2649; x_wconf 86' lang='lat' dir='ltr'><strong>Scal.</strong></span> <span class='ocrx_word' id='word_1_337' title='bbox 1373 2608 1608 2665; x_wconf 78' lang='grc' dir='ltr'><strong><em>Τζιάγβιρος.</em></strong></span> <span class='ocrx_word' id='word_1_338' title='bbox 1639 2610 1762 2650; x_wconf 75' lang='lat' dir='ltr'><strong><em>Theo-</em></strong></span> 
     </span>
     <span class='ocr_line' id='line_1_45' title="bbox 333 2668 807 2723; baseline 0 -16"><span class='ocrx_word' id='word_1_339' title='bbox 333 2669 451 2723; x_wconf 83' lang='lat' dir='ltr'><strong><em>phan.</em></strong></span> <span class='ocrx_word' id='word_1_340' title='bbox 471 2675 509 2707; x_wconf 86' lang='lat' dir='ltr'><strong><em>et</em></strong></span> <span class='ocrx_word' id='word_1_341' title='bbox 527 2668 592 2706; x_wconf 78' lang='lat' dir='ltr'><strong><em>alii</em></strong></span> <span class='ocrx_word' id='word_1_342' title='bbox 614 2668 807 2719; x_wconf 79' lang='grc' dir='ltr'><strong><em>Ζιλίγδης.</em></strong></span> 
     </span>
    </p>

    <p class='ocr_par' dir='ltr' id='par_1_13' title="bbox 332 2721 1757 2836">
     <span class='ocr_line' id='line_1_46' title="bbox 449 2721 1753 2776; baseline -0.004 -12"><span class='ocrx_word' id='word_1_343' title='bbox 449 2728 540 2776; x_wconf 80' lang='lat' dir='ltr'><strong>Pag.</strong></span> <span class='ocrx_word' id='word_1_344' title='bbox 570 2722 663 2765; x_wconf 87' lang='lat'><strong>415.</strong></span> <span class='ocrx_word' id='word_1_345' title='bbox 694 2725 731 2763; x_wconf 92' lang='grc'><strong><em>9.</em></strong></span> <span class='ocrx_word' id='word_1_346' title='bbox 762 2725 908 2763; x_wconf 73' lang='grc' dir='ltr'><strong><em>κυνῶν.</em></strong></span> <span class='ocrx_word' id='word_1_347' title='bbox 944 2722 999 2760; x_wconf 85' lang='lat' dir='ltr'><strong><em>sic</em></strong></span> <span class='ocrx_word' id='word_1_348' title='bbox 1021 2721 1187 2774; x_wconf 84' lang='lat' dir='ltr'><strong><em>Theoph.</em></strong></span> <span class='ocrx_word' id='word_1_349' title='bbox 1210 2727 1250 2760; x_wconf 83' lang='lat' dir='ltr'><strong><em>at</em></strong></span> <span class='ocrx_word' id='word_1_350' title='bbox 1277 2721 1317 2758; x_wconf 92' lang='lat' dir='ltr'><strong>C.</strong></span> <span class='ocrx_word' id='word_1_351' title='bbox 1339 2723 1506 2762; x_wconf 73' lang='grc' dir='ltr'><strong><em>κοινῶν·</em></strong></span> <span class='ocrx_word' id='word_1_352' title='bbox 1543 2721 1649 2773; x_wconf 80' lang='lat' dir='ltr'><strong><em>quod</em></strong></span> <span class='ocrx_word' id='word_1_353' title='bbox 1667 2735 1753 2760; x_wconf 89' lang='lat' dir='ltr'><strong><em>cor-</em></strong></span> 
     </span>
     <span class='ocr_line' id='line_1_47' title="bbox 332 2774 1757 2836; baseline -0.003 -18"><span class='ocrx_word' id='word_1_354' title='bbox 332 2779 436 2819; x_wconf 84' lang='lat' dir='ltr'><strong><em>rexit</em></strong></span> <span class='ocrx_word' id='word_1_355' title='bbox 453 2793 502 2819; x_wconf 80' lang='lat' dir='ltr'><strong><em>ex</em></strong></span> <span class='ocrx_word' id='word_1_356' title='bbox 519 2778 755 2832; x_wconf 81' lang='lat' dir='ltr'><strong><em>Theophane</em></strong></span> <span class='ocrx_word' id='word_1_357' title='bbox 769 2777 1010 2836; x_wconf 67' lang='lat' dir='ltr'><strong><em>Dzffresnius.</em></strong></span> <span class='ocrx_word' id='word_1_358' title='bbox 1052 2776 1278 2817; x_wconf 80' lang='lat' dir='ltr'><strong><em>Holstenius</em></strong></span> <span class='ocrx_word' id='word_1_359' title='bbox 1302 2774 1467 2818; x_wconf 80' lang='grc' dir='ltr'><strong><em>Οὕννων</em></strong></span> <span class='ocrx_word' id='word_1_360' title='bbox 1487 2777 1668 2818; x_wconf 83' lang='lat' dir='ltr'><strong><em>substitui</em></strong></span> <span class='ocrx_word' id='word_1_361' title='bbox 1686 2790 1757 2816; x_wconf 88' lang='lat' dir='ltr'><strong><em>vo-</em></strong></span> 
     </span>
    </p>
   </div>
  </div>
 </body>
</html>
