1838 3230
604 139 1070 186 ANNOTATmNES.
1471 146 1571 195 535

234 255 456 310 Pae-151
483 259 524 300 8-
553 257 708 312 πρῶτος
736 253 958 311 ὃΑρδεύς]
988 257 1172 312 Αρδυσος
1212 255 1280 295 hic
1304 257 1475 297 Eusebio
1511 258 1567 298 (Η-

121 317 210 352 ctus
237 318 309 352 est.

231 367 334 422 Pog-
367 367 457 411 151
488 371 555 412 12.
598 363 844 439 ἀστράγαλον
867 367 1013 438 χειρὸς
1023 365 1268 439 α’νθρωπου]
1298 369 1352 408 ita
1380 369 1496 409 etiam
1519 384 1569 410 ex

118 430 296 494 septuag.
316 424 520 475 versione,
535 424 715 464 Cedren.
749 423 816 466 δια
837 429 954 466 τοῦτο
987 421 1184 493 άπεστάλη
1215 422 1471 494 ἀστράγαλος
1483 441 1568 478 χει-

117 477 184 534 ρός
208 486 284 521 etc.
323 479 468 520 Chron.
487 456 597 522 A'lex.
629 480 698 522 καὶ
724 479 750 522 o‘
775 479 961 534 βασιλεὺς
986 479 1149 538 ἐθεώρει
1178 498 1273 531 τους
1296 477 1568 538 ἀστραγάλους

115 539 188 590 τῆς
201 532 342 591 χειρός.
399 537 599 577 Constant.
622 537 765 576 Manas.

330 589 587 648 Αστράγαλον
608 589 759 662 ἕωρακε
776 590 982 661 γράφοντα
1002 592 1097 648 πρὸς
1120 598 1176 651 τῷ
1196 595 1325 648 τοίχῳ.

115 647 225 701 apud.
243 661 342 700 quos
359 662 492 688 omnes
519 671 577 679 —
603 671 660 679 —·
688 638 1162 703 άστράγαλοςίωρνοριὶε
1182 652 1361 700 sumitur,
1390 664 1464 703 pro
1481 665 1565 689 ma-

115 717 190 744 nus
218 703 366 756 digito,
396 718 465 745 seu
490 706 677 745 articulo.
714 706 820 757 apud
847 707 1099 746 Anatomicos
1126 708 1227 747 enim
1255 708 1399 760 Spinae
1428 714 1565 747 verte—

114 761 248 812 bram,
277 762 359 802 sive
376 762 618 814 spondylum
636 762 845 813 significat:
896 775 970 813 pro
991 763 1086 801 Talo
1105 764 1219 802 etiam
1238 763 1473 816 quandoque
1492 777 1565 816 po-

113 817 237 867 nitur,
265 823 366 858 teste
381 818 604 871 Hesychio·
634 814 907 872 Λστράγαλον,
936 815 1008 859 τόν
1038 815 1278 870 σφόνδυλον,
1307 819 1376 860 καὶ
1393 818 1438 860 w*
1457 817 1564 861 ὕπο-

115 870 221 915 κάτω
245 876 319 915 τοῦ
345 874 517 923 σκέλους.
572 875 650 915 Jul.
671 875 838 924 Pollux,
871 874 938 914 lib.
963 879 1003 917 2.
1023 889 1056 913 c
1081 875 1119 917 4.
1149 872 1418 945 ἀστραγάλους
1446 876 1562 914 Talos

114 929 321 970 interiores
343 944 425 971 esse
442 937 625 971 testatur:
656 931 698 973 οἱ
712 930 757 972 δὲ
778 927 1024 984 ἀστράγαλοι,
1056 946 1104 972 ου
1127 929 1175 972 τὰ
1197 931 1434 986 προῦχοντα,
1465 928 1562 972 αλλα

114 1001 161 1027 τα
180 985 350 1028 ἔνδοθεν
375 985 625 1042 κρυπτόμενα
641 985 722 1029 υπὸ
741 990 820 1028 τῶν
840 989 1016 1040 σφυρῶν.

219 1041 317 1096 Pug.
351 1044 511 1087 1521.
545 1043 613 1085 καὶ
640 1041 738 1097 μεθ’
754 1042 905 1097 ἡμέρας
923 1047 1092 1095 Δαρεῖος
1110 1042 1207 1094 etc-J
1236 1043 1318 1082 Imo
1338 1042 1471 1081 eadem
1490 1056 1560 1081 no-

114 1105 176 1138 cte
198 1102 371 1139 occisum
391 1100 510 1140 fuisse
530 1102 790 1150 Baltazarem‚
818 1099 1070 1151 Assyriorum
1089 1112 1233 1150 regem,
1263 1105 1429 1138 testatur
1449 1113 1561 1137 sacra

111 1156 255 1206 Pagina
283 1157 382 1198 Dan.
404 1171 491 1210 cap.
514 1159 552 1200 5.
612 1157 691 1196 Sed
721 1171 793 1195 nec
818 1156 913 1194 alias
940 1169 1032 1194 cum
1061 1169 1175 1194 sacro
1205 1161 1317 1194 textu
1344 1155 1561 1194 concordat

110 1213 262 1252 Auctor
291 1219 447 1260 noster,
487 1213 528 1252 in
557 1213 636 1252 hac
660 1213 874 1252 Baltazaris
895 1211 1079 1252 historia:
1117 1211 1220 1250 inter
1249 1212 1324 1251 alia
1354 1225 1450 1250 vero
1470 1225 1559 1250 cum

109 1268 262 1319 Darius,
292 1269 400 1322 apud
421 1270 633 1319 Danielem,
661 1283 908 1309 th1.annos
926 1275 1056 1317 natuS,
1076 1281 1240 1320 regnum
1263 1267 1478 1307 obtinuisse
1499 1267 1559 1306 di-

110 1330 257 1422 caturP
265 1332 400 1365 noster
415 1326 711 1378 sexagenarium
730 1333 882 1365 tantum
909 1338 998 1364 eum
1021 1325 1129 1364 facit.

305 1383 437 1424 ..152
474 1385 537 1426 13.
568 1379 830 1436 προειπόντος
851 1383 985 1422 Θαλου
1002 1385 1077 1422 τοῦ
1099 1378 1325 1434 φιλοσόφου
1345 1396 1420 1433 την
1440 1380 1557 1421 ἔκλει-

105 1436 206 1490 ψιν]
237 1437 293 1476 De
305 1411 472 1478 Thalete
490 1439 676 1492 Eclipsim
692 1438 795 1478 hanc
813 1438 1084 1491 praedicente,
1114 1438 1204 1477 vide
1224 1437 1470 1476 Herodotum
1488 1437 1557 1477 lib.

108 1498 147 1536 1.
195 1493 397 1534 cedrenus
423 1496 564 1535 asserit
581 1496 783 1535 Thaletem
814 1495 993 1534 Defectus
1017 1468 1131 1545 solis,
1161 1496 1390 1546 Lunaeque,
1422 1500 1460 1532 et
1481 1493 1556 1560 Ae-

105 1550 305 1602 quinoctia
323 1552 491 1604 primum
510 1552 785 1604 deprendisset
812 1551 879 1592 καὶ
900 1554 1056 1605 πρῶτος
1076 1549 1150 1604 τήν
1170 1548 1307 1604 ψυχὴν
1327 1547 1436 1591 εἶπεν
1457 1546 1557 1590 α’θα-
1625 1576 1631 1583 -

103 1622 238 1656 νατον,
267 1607 460 1659 ἐκλείψεις
477 1624 518 1649 τε
539 1608 607 1649 καὶ
632 1608 836 1661 ἰσημερίας
854 1609 1077 1659 κατείληφε.

214 1665 316 1716 Pag.
351 1665 443 1706 152.
480 1663 544 1706 14.
591 1665 870 1717 Πεισίστρατος
898 1666 1080 1714 πολεμῶν
1116 1661 1382 1715 δημαγωγεῖ]
1423 1662 1554 1700 locum

103 1718 213 1757 hunc
231 1726 455 1771 suspectum
470 1719 616 1760 habeo·
647 1720 754 1769 Quid.
773 1721 874 1759 enim
893 1720 1098 1759 Pisistrato
1119 1732 1208 1758 cum
1229 1719 1333 1757 bello
1352 1721 1555 1770 Astyagen

101 1775 204 1814 inter
222 1776 251 1813 1
252 1775 442 1827 ydosque.

216 1833 432 1885 Pag-152·
477 1835 539 1875 16
597 1835 713 1874 τοῦτο
746 1829 903 1886 γνόντες
931 1832 973 1872 οἷ
1003 1833 1210 1878 Πεισαῖοι]
1255 1831 1337 1868 Scr.
1373 1832 1551 1870 Πισαῖοι.

102 1847 300 1940 Stephang
307 1888 356 1927 de
373 1889 461 1928 urb.
484 1889 614 1939 Πίσα,
657 1886 768 1936 πόλις
787 1887 856 1929 καὶ
875 1884 1005 1941 κρήνη
1026 1903 1098 1939 της
1116 1886 1336 1938 Ολυμπίας·
1384 1885 1461 1926 ἐστι
1485 1885 1553 1925 καὶ

101 1945 266 1998 χωρίον,
295 1944 340 1987 ἐν
366 1939 399 1999 ᾦ
422 1943 447 1986 ὅ
465 1947 541 1986 τοῦ
559 1942 658 1994 Διός
683 1942 780 1993 ναός
807 1945 980 1998 ἵδρυται,
1013 1943 1082 1985 καὶ
1111 1959 1132 1984 ο
1161 1939 1415 1995 Ολυμπιακος
1443 1937 1550 1996 οἷγων

99 2003 310 2110 τελεῖτὲἷις.
343 2056 532 2100 152.18.
577 2059 632 2112 τῷ
649 2052 784 2110 κράτει
814 2059 886 2109 τῆς
905 2052 1111 2108 δυνάμεως
1132 2050 1277 2106 αὐτοῦ]
1309 2049 1445 2103 αυτοῦ,
1471 2052 1549 2091 hoc

97 2113 212 2164 loco,
241 2113 292 2152 ad
309 2114 437 2152 Solem
455 2099 707 2152 referen‘dum
728 2119 810 2162 est3
856 2113 968 2164 cujus
990 2112 1150 2151 Tutelae
1169 2110 1295 2149 Pisaei
1315 2124 1378 2160 se,
1407 2123 1549 2160 resque

97 2183 190 2208 suas
219 2170 516 2220 commiserunt,
547 2170 764 2209 Certamina
783 2168 882 2208 haec
899 2168 1039 2221 Pythia
1067 2167 1148 2221 ejus
1167 2167 1208 2206 in
1228 2166 1418 2206 honorem
1436 2165 1548 2204 insti-

94 2231 592 2336 ωειηε1ξ11ἐξ-15.9>.1-το“ι
616 2284 766 2333 Ισθμια
783 2283 838 2338 τῷ
862 2277 1098 2333 Πλουτωνι]
1130 2280 1348 2319 Certamina
1369 2276 1544 2324 Isthmia,

95 2344 190 2391 post
205 2338 394 2388 Nemaea,
427 2339 609 2378 instituta
627 2338 789 2377 tradunt
811 2324 898 2389 alii3
938 2337 986 2375 ab
1003 2337 1151 2376 Isthmo
1174 2334 1449 2383 Corinthiaco,
1479 2334 1546 2372 nbi

95 2394 267 2446 primum
295 2395 490 2434 celebrata
521 2402 631 2445 sunt,
660 2395 716 2434 sic
735 2394 861 2433 dicta:
891 2407 966 2433 nec
984 2394 1186 2442 Plutonis,
1215 2399 1261 2430 ut
1285 2391 1448 2439 Noster,
1478 2390 1547 2427 sed

94 2450 302 2502 Neptuni
290 2465 332 2490 111
350 2451 538 2491 honorem
550 2483 561 2503 ‚
592 2452 662 2503 qui
681 2451 866 2490 Isthmius
887 2451 1003 2490 etiam
1021 2450 1113 2489 inde
1132 2455 1311 2488 vocatus:
1357 2445 1544 2497 Stephsn.

96 2505 148 2546 de
177 2506 267 2549 urb.
288 2507 329 2547 in
358 2505 528 2562 Ισθμός·
571 2507 652 2550 ἔστι
678 2506 745 2549 καὶ
771 2507 981 2561 Κορίνθου
1011 2504 1172 2559 ἰσθμός,
1203 2504 1245 2545 ἐν
1271 2497 1300 2559 ᾗ
1328 2501 1546 2555 Ισθμιοςό

98 2563 318 2672 Ποσεῗιῖῗ
336 2619 426 2662 153.
454 2625 522 2664 20.
551 2619 619 2662 καὶ
639 2621 755 2673 δηλοῖ
763 2617 912 2676 Κύρῳ]
943 2619 1072 2666 idest,
1101 2615 1258 2655 Literas
1282 2611 1382 2669 Cyro
1402 2614 1544 2652 mittit:

93 2673 174 2713 hoc
202 2688 319 2713 sensu
343 2676 446 2716 enim
468 2679 516 2730 δη
519 2681 642 2718 λωσαι
668 2677 813 2730 passim
843 2662 950 2728 apud
982 2675 1088 2713 hunc
1115 2679 1293 2711 nostrum
1314 2676 1542 2722 usurpatur.

89 2731 155 2770 Ita
175 2731 290 2781 infra,
318 2731 388 2770 lib.
410 2733 648 2787 1441353.
706 2733 950 2772 Theodosius
971 2731 1107 2769 Junior
1127 2727 1328 2766 Eudoxiae
1348 2726 1460 2775 filiae,
1491 2726 1541 2764 ob

93 2788 261 2828 Romam
283 2787 331 2827 ab
350 2801 394 2828 ea
421 2789 607 2830 Vandalis
629 2791 849 2843 piotlitam,
891 2789 987 2827 adeo
1002 2786 1178 2828 infensus
1201 2792 1303 2834 erat,
1332 2788 1378 2821 ut
1393 2756 1542 2823 nullam
