<?xml version="1.0" encoding="UTF-8"?>
<!DOCTYPE html PUBLIC "-//W3C//DTD XHTML 1.0 Transitional//EN"
    "http://www.w3.org/TR/xhtml1/DTD/xhtml1-transitional.dtd">
<html xmlns="http://www.w3.org/1999/xhtml" xml:lang="en" lang="en">
 <head>
  <title>
</title>
<meta http-equiv="Content-Type" content="text/html;charset=utf-8" />
  <meta name='ocr-system' content='tesseract 3.04.00' />
  <meta name='ocr-capabilities' content='ocr_page ocr_carea ocr_par ocr_line ocrx_word'/>
</head>
<body>
  <div class='ocr_page' id='page_1' title='image "./corpusscriptorum28niebuoft_0808.png"; bbox 0 0 1838 3230; ppageno 0'>
   <div class='ocr_carea' id='block_1_1' title="bbox 170 516 270 551">
    <p class='ocr_par' dir='ltr' id='par_1_1' title="bbox 170 516 270 551">
     <span class='ocr_line' id='line_1_1' title="bbox 170 516 270 551; baseline 0.02 -2"><span class='ocrx_word' id='word_1_1' title='bbox 170 516 270 551; x_wconf 81' lang='lat' dir='ltr'><strong>V32</strong></span> 
     </span>
    </p>
   </div>
   <div class='ocr_carea' id='block_1_2' title="bbox 170 687 274 722">
    <p class='ocr_par' dir='ltr' id='par_1_2' title="bbox 170 687 274 722">
     <span class='ocr_line' id='line_1_2' title="bbox 170 687 274 722; baseline 0.019 -2"><span class='ocrx_word' id='word_1_2' title='bbox 170 687 274 722; x_wconf 78' lang='lat'><strong>062</strong></span> 
     </span>
    </p>
   </div>
   <div class='ocr_carea' id='block_1_3' title="bbox 186 2739 286 2773">
    <p class='ocr_par' dir='ltr' id='par_1_3' title="bbox 186 2739 286 2773">
     <span class='ocr_line' id='line_1_3' title="bbox 186 2739 286 2773; baseline 0.01 -1"><span class='ocrx_word' id='word_1_3' title='bbox 186 2739 286 2773; x_wconf 87' lang='grc'><strong>063</strong></span> 
     </span>
    </p>
   </div>
   <div class='ocr_carea' id='block_1_4' title="bbox 295 163 1169 215">
    <p class='ocr_par' dir='ltr' id='par_1_4' title="bbox 295 163 1169 215">
     <span class='ocr_line' id='line_1_4' title="bbox 295 163 1169 215; baseline -0.009 0"><span class='ocrx_word' id='word_1_4' title='bbox 295 169 327 214; x_wconf 90' lang='grc'><strong>7</strong></span> <span class='ocrx_word' id='word_1_5' title='bbox 328 169 394 215; x_wconf 75' lang='grc'><strong>26</strong></span> <span class='ocrx_word' id='word_1_6' title='bbox 897 163 1169 209; x_wconf 84' lang='lat' dir='ltr'><strong>BENTLEII</strong></span> 
     </span>
    </p>
   </div>
   <div class='ocr_carea' id='block_1_5' title="bbox 293 285 1756 2577">
    <p class='ocr_par' dir='ltr' id='par_1_5' title="bbox 293 285 1756 1182">
     <span class='ocr_line' id='line_1_5' title="bbox 296 285 1744 363; baseline 0.003 -32"><span class='ocrx_word' id='word_1_7' title='bbox 296 285 542 343; x_wconf 70' lang='grc' dir='ltr'><strong><em>Κρεώφυλος</em></strong></span> <span class='ocrx_word' id='word_1_8' title='bbox 564 291 765 341; x_wconf 82' lang='grc' dir='ltr'><strong><em>Πολιτείας</em></strong></span> <span class='ocrx_word' id='word_1_9' title='bbox 787 310 815 334; x_wconf 89' lang='grc' dir='ltr'><strong>ι.</strong></span> <span class='ocrx_word' id='word_1_10' title='bbox 853 290 876 335; x_wconf 78' lang='grc' dir='ltr'><em>ὅ</em></span> <span class='ocrx_word' id='word_1_11' title='bbox 900 291 975 350; x_wconf 85' lang='grc' dir='ltr'><strong><em>γαρ</em></strong></span> <span class='ocrx_word' id='word_1_12' title='bbox 997 290 1266 362; x_wconf 71' lang='grc' dir='ltr'><strong><em>Κρεώφυλος,</em></strong></span> <span class='ocrx_word' id='word_1_13' title='bbox 1298 289 1332 336; x_wconf 88' lang='grc' dir='ltr'><strong><em>ω</em></strong></span> <span class='ocrx_word' id='word_1_14' title='bbox 1351 290 1579 363; x_wconf 66' lang='grc' dir='ltr'><strong><em>Σώκρατες,</em></strong></span> <span class='ocrx_word' id='word_1_15' title='bbox 1608 292 1744 344; x_wconf 63' lang='grc' dir='ltr'><strong><em>ἵστας’</em></strong></span> <span class='ocrx_word' id='word_1_16' title='bbox 1722 311 1744 336; x_wconf 93' lang='lat' dir='ltr'><strong>o</strong></span> 
     </span>
     <span class='ocr_line' id='line_1_6' title="bbox 299 345 1745 422; baseline 0.004 -35"><span class='ocrx_word' id='word_1_17' title='bbox 299 345 463 400; x_wconf 81' lang='grc' dir='ltr'><strong><em>Ομήρου</em></strong></span> <span class='ocrx_word' id='word_1_18' title='bbox 481 347 654 401; x_wconf 76' lang='grc' dir='ltr'><strong><em>ἑταῖρος·</em></strong></span> <span class='ocrx_word' id='word_1_19' title='bbox 683 345 823 390; x_wconf 82' lang='grc' dir='ltr'><strong><em>τοῦτόν</em></strong></span> <span class='ocrx_word' id='word_1_20' title='bbox 838 365 940 399; x_wconf 87' lang='grc' dir='ltr'><strong><em>τινες</em></strong></span> <span class='ocrx_word' id='word_1_21' title='bbox 965 349 1032 391; x_wconf 78' lang='grc' dir='ltr'><strong><em>καὶ</em></strong></span> <span class='ocrx_word' id='word_1_22' title='bbox 1051 348 1289 392; x_wconf 84' lang='grc' dir='ltr'><strong><em>διδασκαλον</em></strong></span> <span class='ocrx_word' id='word_1_23' title='bbox 1286 348 1480 419; x_wconf 82' lang='grc' dir='ltr'><strong><em>Ομήρου</em></strong></span> <span class='ocrx_word' id='word_1_24' title='bbox 1495 351 1660 422; x_wconf 73' lang='grc' dir='ltr'><strong><em>λέγουσι</em></strong></span> <span class='ocrx_word' id='word_1_25' title='bbox 1679 365 1745 406; x_wconf 84' lang='grc' dir='ltr'><strong><em>γε-</em></strong></span> 
     </span>
     <span class='ocr_line' id='line_1_7' title="bbox 296 401 1745 474; baseline 0.003 -32"><span class='ocrx_word' id='word_1_26' title='bbox 296 402 475 461; x_wconf 81' lang='grc' dir='ltr'><strong><em>γονέναι,</em></strong></span> <span class='ocrx_word' id='word_1_27' title='bbox 515 404 583 444; x_wconf 85' lang='grc' dir='ltr'><strong><em>καὶ</em></strong></span> <span class='ocrx_word' id='word_1_28' title='bbox 609 403 714 445; x_wconf 80' lang='grc' dir='ltr'><strong><em>ἔστιν</em></strong></span> <span class='ocrx_word' id='word_1_29' title='bbox 739 401 864 447; x_wconf 84' lang='grc' dir='ltr'><strong><em>αυτοῦ</em></strong></span> <span class='ocrx_word' id='word_1_30' title='bbox 887 407 1038 460; x_wconf 82' lang='grc' dir='ltr'><strong><em>ποίημα</em></strong></span> <span class='ocrx_word' id='word_1_31' title='bbox 1067 408 1252 474; x_wconf 81' lang='grc' dir='ltr'><strong><em>Οἰχαλίας</em></strong></span> <span class='ocrx_word' id='word_1_32' title='bbox 1282 403 1438 456; x_wconf 68' lang='grc' dir='ltr'><strong><em>ἅλωσις.</em></strong></span> <span class='ocrx_word' id='word_1_33' title='bbox 1480 404 1642 460; x_wconf 69' lang='grc' dir='ltr'><strong><em>ἀρχαῖος</em></strong></span> <span class='ocrx_word' id='word_1_34' title='bbox 1671 405 1745 459; x_wconf 74' lang='grc' dir='ltr'><strong>μὲν</strong></span> 
     </span>
     <span class='ocr_line' id='line_1_8' title="bbox 297 459 1742 529; baseline 0 -29"><span class='ocrx_word' id='word_1_35' title='bbox 297 462 371 500; x_wconf 82' lang='grc' dir='ltr'><strong><em>οὖν</em></strong></span> <span class='ocrx_word' id='word_1_36' title='bbox 396 459 495 507; x_wconf 77' lang='grc' dir='ltr'><strong><em>ἐστι,</em></strong></span> <span class='ocrx_word' id='word_1_37' title='bbox 537 475 737 529; x_wconf 86' lang='grc' dir='ltr'><strong><em>νεωτερος</em></strong></span> <span class='ocrx_word' id='word_1_38' title='bbox 755 459 798 501; x_wconf 77' lang='grc' dir='ltr'><strong>δὲ</strong></span> <span class='ocrx_word' id='word_1_39' title='bbox 830 462 978 511; x_wconf 76' lang='grc' dir='ltr'><strong><em>ἱκαναῖς</em></strong></span> <span class='ocrx_word' id='word_1_40' title='bbox 1006 459 1184 517; x_wconf 85' lang='grc' dir='ltr'><strong><em>Ομήρου.</em></strong></span> <span class='ocrx_word' id='word_1_41' title='bbox 1255 463 1467 502; x_wconf 81' lang='lat' dir='ltr'><strong>Pausanias</strong></span> <span class='ocrx_word' id='word_1_42' title='bbox 1495 463 1742 503; x_wconf 82' lang='lat' dir='ltr'><strong>Messeuicis:</strong></span> 
     </span>
     <span class='ocr_line' id='line_1_9' title="bbox 296 491 1745 587; baseline 0.003 -32"><span class='ocrx_word' id='word_1_43' title='bbox 296 491 495 585; x_wconf 53' lang='grc' dir='ltr'><strong><em>ΘΗέσσαλοὶ</em></strong></span> <span class='ocrx_word' id='word_1_44' title='bbox 517 515 560 556; x_wconf 80' lang='grc' dir='ltr'><strong>δὲ</strong></span> <span class='ocrx_word' id='word_1_45' title='bbox 584 516 651 556; x_wconf 83' lang='grc' dir='ltr'><strong><em>καὶ</em></strong></span> <span class='ocrx_word' id='word_1_46' title='bbox 674 513 846 570; x_wconf 73' lang='grc' dir='ltr'><strong><em>Εὐβοεῖς</em></strong></span> <span class='ocrx_word' id='word_1_47' title='bbox 871 518 1076 572; x_wconf 81' lang='grc' dir='ltr'><strong><em>λέγουσιν,</em></strong></span> <span class='ocrx_word' id='word_1_48' title='bbox 1105 519 1146 560; x_wconf 87' lang='grc' dir='ltr'><strong><em>οἱ</em></strong></span> <span class='ocrx_word' id='word_1_49' title='bbox 1171 517 1243 571; x_wconf 81' lang='grc' dir='ltr'><strong>μὲν</strong></span> <span class='ocrx_word' id='word_1_50' title='bbox 1267 535 1323 567; x_wconf 91' lang='grc' dir='ltr'><strong>ως</strong></span> <span class='ocrx_word' id='word_1_51' title='bbox 1340 535 1384 560; x_wconf 88' lang='grc' dir='ltr'><strong><em>το</em></strong></span> <span class='ocrx_word' id='word_1_52' title='bbox 1406 515 1611 587; x_wconf 80' lang='grc' dir='ltr'><strong><em>Ευρυτιον</em></strong></span> <span class='ocrx_word' id='word_1_53' title='bbox 1627 514 1745 566; x_wconf 82' lang='grc' dir='ltr'><strong><em>πόλις</em></strong></span> 
     </span>
     <span class='ocr_line' id='line_1_10' title="bbox 293 566 1756 631; baseline 0.003 -21"><span class='ocrx_word' id='word_1_54' title='bbox 293 569 336 611; x_wconf 83' lang='grc' dir='ltr'>τὸ</span> <span class='ocrx_word' id='word_1_55' title='bbox 354 567 516 624; x_wconf 68' lang='grc' dir='ltr'><strong><em>ἀρχαῖον</em></strong></span> <span class='ocrx_word' id='word_1_56' title='bbox 533 566 607 623; x_wconf 76' lang='grc' dir='ltr'><strong>ἦν,</strong></span> <span class='ocrx_word' id='word_1_57' title='bbox 634 572 702 612; x_wconf 86' lang='grc' dir='ltr'><strong><em>καὶ</em></strong></span> <span class='ocrx_word' id='word_1_58' title='bbox 721 573 891 615; x_wconf 79' lang='grc' dir='ltr'><strong><em>ἐκαλεῖτο</em></strong></span> <span class='ocrx_word' id='word_1_59' title='bbox 915 575 1097 627; x_wconf 81' lang='grc' dir='ltr'><strong><em>Οἰχαλία·</em></strong></span> <span class='ocrx_word' id='word_1_60' title='bbox 1137 578 1191 630; x_wconf 81' lang='grc' dir='ltr'><strong>τῷ</strong></span> <span class='ocrx_word' id='word_1_61' title='bbox 1214 573 1257 615; x_wconf 80' lang='grc' dir='ltr'><strong>δὲ</strong></span> <span class='ocrx_word' id='word_1_62' title='bbox 1275 571 1467 626; x_wconf 69' lang='grc' dir='ltr'><strong><em>Εὐβοέων</em></strong></span> <span class='ocrx_word' id='word_1_63' title='bbox 1485 572 1584 631; x_wconf 79' lang='grc' dir='ltr'><strong><em>λόγω</em></strong></span> <span class='ocrx_word' id='word_1_64' title='bbox 1605 571 1756 628; x_wconf 75' lang='grc' dir='ltr'><strong><em>Κρεω-·</em></strong></span> 
     </span>
     <span class='ocr_line' id='line_1_11' title="bbox 298 616 1747 699; baseline 0.002 -33"><span class='ocrx_word' id='word_1_65' title='bbox 298 630 424 678; x_wconf 90' lang='grc' dir='ltr'><strong><em>φυλος</em></strong></span> <span class='ocrx_word' id='word_1_66' title='bbox 451 627 492 668; x_wconf 79' lang='grc' dir='ltr'><strong>ἐν</strong></span> <span class='ocrx_word' id='word_1_67' title='bbox 509 629 709 684; x_wconf 74' lang='grc' dir='ltr'><strong><em>Ηρακλείᾳ</em></strong></span> <span class='ocrx_word' id='word_1_68' title='bbox 736 631 950 682; x_wconf 83' lang='grc' dir='ltr'><strong><em>πεποίηκεν</em></strong></span> <span class='ocrx_word' id='word_1_69' title='bbox 978 616 1257 699; x_wconf 82' lang='grc' dir='ltr'><strong><em>ὁμολογοῦντα.</em></strong></span> <span class='ocrx_word' id='word_1_70' title='bbox 1315 630 1548 670; x_wconf 74' lang='lat' dir='ltr'><strong>Heracleam</strong></span> <span class='ocrx_word' id='word_1_71' title='bbox 1557 617 1670 670; x_wconf 87' lang='lat' dir='ltr'><strong>hanc</strong></span> <span class='ocrx_word' id='word_1_72' title='bbox 1684 630 1747 668; x_wconf 83' lang='lat' dir='ltr'><strong>di-</strong></span> 
     </span>
     <span class='ocr_line' id='line_1_12' title="bbox 296 683 1745 738; baseline 0.001 -16"><span class='ocrx_word' id='word_1_73' title='bbox 296 696 450 722; x_wconf 80' lang='lat' dir='ltr'><strong>v·e1sam</strong></span> <span class='ocrx_word' id='word_1_74' title='bbox 478 696 560 721; x_wconf 85' lang='lat' dir='ltr'><strong>esse</strong></span> <span class='ocrx_word' id='word_1_75' title='bbox 588 689 711 722; x_wconf 76' lang='lat' dir='ltr'><strong>totam</strong></span> <span class='ocrx_word' id='word_1_76' title='bbox 739 685 786 724; x_wconf 88' lang='lat' dir='ltr'><strong>ab</strong></span> <span class='ocrx_word' id='word_1_77' title='bbox 810 686 994 738; x_wconf 82' lang='grc' dir='ltr'><strong><em>Οἰχαλίας</em></strong></span> <span class='ocrx_word' id='word_1_78' title='bbox 1020 683 1162 727; x_wconf 75' lang='grc' dir='ltr'><strong><em>αλῶσει</em></strong></span> <span class='ocrx_word' id='word_1_79' title='bbox 1186 687 1376 725; x_wconf 76' lang='lat' dir='ltr'><strong>sententia</strong></span> <span class='ocrx_word' id='word_1_80' title='bbox 1402 693 1462 726; x_wconf 80' lang='lat' dir='ltr'><strong>est</strong></span> <span class='ocrx_word' id='word_1_81' title='bbox 1493 688 1583 726; x_wconf 85' lang='lat' dir='ltr'><strong>Ger.</strong></span> <span class='ocrx_word' id='word_1_82' title='bbox 1603 686 1745 727; x_wconf 84' lang='lat' dir='ltr'><strong>Vossii.</strong></span> 
     </span>
     <span class='ocr_line' id='line_1_13' title="bbox 294 738 1747 797; baseline 0.004 -21"><span class='ocrx_word' id='word_1_83' title='bbox 294 738 479 790; x_wconf 85' lang='lat' dir='ltr'><strong>Aegidius</strong></span> <span class='ocrx_word' id='word_1_84' title='bbox 516 752 612 790; x_wconf 84' lang='lat' dir='ltr'><strong>vero</strong></span> <span class='ocrx_word' id='word_1_85' title='bbox 642 740 842 791; x_wconf 78' lang='lat' dir='ltr'><strong>menagius</strong></span> <span class='ocrx_word' id='word_1_86' title='bbox 880 749 1145 782; x_wconf 84' lang='lat' dir='ltr'><strong>asseveranter</strong></span> <span class='ocrx_word' id='word_1_87' title='bbox 1173 742 1340 781; x_wconf 81' lang='lat' dir='ltr'><strong>affirmat</strong></span> <span class='ocrx_word' id='word_1_88' title='bbox 1371 757 1445 795; x_wconf 88' lang='lat' dir='ltr'><strong>pro</strong></span> <span class='ocrx_word' id='word_1_89' title='bbox 1476 743 1520 784; x_wconf 83' lang='grc' dir='ltr'><strong>ἐν</strong></span> <span class='ocrx_word' id='word_1_90' title='bbox 1545 743 1747 797; x_wconf 84' lang='grc' dir='ltr'><strong><em>Ηρακλεία</em></strong></span> 
     </span>
     <span class='ocr_line' id='line_1_14' title="bbox 295 794 1746 854; baseline 0.001 -20"><span class='ocrx_word' id='word_1_91' title='bbox 295 794 546 834; x_wconf 84' lang='lat' dir='ltr'><strong>scribendum</strong></span> <span class='ocrx_word' id='word_1_92' title='bbox 568 809 650 834; x_wconf 88' lang='lat' dir='ltr'><strong>esse</strong></span> <span class='ocrx_word' id='word_1_93' title='bbox 679 796 722 837; x_wconf 80' lang='grc' dir='ltr'><strong>ἐν</strong></span> <span class='ocrx_word' id='word_1_94' title='bbox 745 798 919 854; x_wconf 84' lang='grc' dir='ltr'><strong><em>Οἰχαλία.</em></strong></span> <span class='ocrx_word' id='word_1_95' title='bbox 975 799 1156 838; x_wconf 80' lang='lat' dir='ltr'><strong>Demiror</strong></span> <span class='ocrx_word' id='word_1_96' title='bbox 1179 798 1358 850; x_wconf 84' lang='lat' dir='ltr'><strong>equidem</strong></span> <span class='ocrx_word' id='word_1_97' title='bbox 1376 798 1486 837; x_wconf 82' lang='lat' dir='ltr'><strong>viros</strong></span> <span class='ocrx_word' id='word_1_98' title='bbox 1510 799 1746 838; x_wconf 83' lang='lat' dir='ltr'><strong>excellentes</strong></span> 
     </span>
     <span class='ocr_line' id='line_1_15' title="bbox 298 839 1746 905; baseline 0.003 -17"><span class='ocrx_word' id='word_1_99' title='bbox 298 851 453 901; x_wconf 81' lang='lat' dir='ltr'><strong>ingenio</strong></span> <span class='ocrx_word' id='word_1_100' title='bbox 481 857 519 889; x_wconf 88' lang='lat' dir='ltr'><strong>et</strong></span> <span class='ocrx_word' id='word_1_101' title='bbox 537 850 717 890; x_wconf 79' lang='lat' dir='ltr'><strong>doctrina</strong></span> <span class='ocrx_word' id='word_1_102' title='bbox 744 839 897 892; x_wconf 87' lang='lat' dir='ltr'><strong>morbo</strong></span> <span class='ocrx_word' id='word_1_103' title='bbox 906 855 1065 893; x_wconf 88' lang='lat' dir='ltr'><strong>minime</strong></span> <span class='ocrx_word' id='word_1_104' title='bbox 1094 855 1299 905; x_wconf 86' lang='lat' dir='ltr'><strong>desperato</strong></span> <span class='ocrx_word' id='word_1_105' title='bbox 1327 854 1557 894; x_wconf 78' lang='lat' dir='ltr'><strong>medicinam</strong></span> <span class='ocrx_word' id='word_1_106' title='bbox 1585 868 1664 893; x_wconf 90' lang='lat' dir='ltr'><strong>non</strong></span> <span class='ocrx_word' id='word_1_107' title='bbox 1682 867 1746 893; x_wconf 84' lang='lat' dir='ltr'><strong>re·-</strong></span> 
     </span>
     <span class='ocr_line' id='line_1_16' title="bbox 294 907 1746 974; baseline 0.005 -31"><span class='ocrx_word' id='word_1_108' title='bbox 294 907 468 974; x_wconf 69' lang='lat' dir='ltr'><strong>petisse:</strong></span> <span class='ocrx_word' id='word_1_109' title='bbox 499 920 611 958; x_wconf 87' lang='lat' dir='ltr'><strong>quae,</strong></span> <span class='ocrx_word' id='word_1_110' title='bbox 640 908 716 946; x_wconf 77' lang='lat' dir='ltr'><strong>nisi</strong></span> <span class='ocrx_word' id='word_1_111' title='bbox 738 923 798 948; x_wconf 88' lang='lat' dir='ltr'><strong>me</strong></span> <span class='ocrx_word' id='word_1_112' title='bbox 819 910 947 948; x_wconf 87' lang='lat' dir='ltr'><strong>omnia</strong></span> <span class='ocrx_word' id='word_1_113' title='bbox 976 911 1131 960; x_wconf 83' lang='lat' dir='ltr'><strong>fallunt,</strong></span> <span class='ocrx_word' id='word_1_114' title='bbox 1163 909 1262 950; x_wconf 85' lang='lat' dir='ltr'><strong>haec</strong></span> <span class='ocrx_word' id='word_1_115' title='bbox 1278 915 1346 951; x_wconf 85' lang='lat' dir='ltr'><strong>est.</strong></span> <span class='ocrx_word' id='word_1_116' title='bbox 1410 913 1475 966; x_wconf 74' lang='grc' dir='ltr'><strong>Τῷ</strong></span> <span class='ocrx_word' id='word_1_117' title='bbox 1496 907 1539 950; x_wconf 79' lang='grc' dir='ltr'><strong>δὲ</strong></span> <span class='ocrx_word' id='word_1_118' title='bbox 1557 907 1746 963; x_wconf 72' lang='grc' dir='ltr'><strong><em>Εὐβοέων</em></strong></span> 
     </span>
     <span class='ocr_line' id='line_1_17' title="bbox 295 951 1746 1019; baseline 0.001 -16"><span class='ocrx_word' id='word_1_119' title='bbox 295 959 399 1016; x_wconf 80' lang='grc' dir='ltr'><strong><em>λόγῳ</em></strong></span> <span class='ocrx_word' id='word_1_120' title='bbox 421 960 662 1014; x_wconf 83' lang='grc' dir='ltr'><strong><em>Κρεώφυλος</em></strong></span> <span class='ocrx_word' id='word_1_121' title='bbox 684 965 868 1017; x_wconf 82' lang='grc' dir='ltr'><strong><em>Ηρακλέα</em></strong></span> <span class='ocrx_word' id='word_1_122' title='bbox 893 967 1110 1018; x_wconf 81' lang='grc' dir='ltr'><strong><em>πεποίηκεν</em></strong></span> <span class='ocrx_word' id='word_1_123' title='bbox 1137 964 1412 1019; x_wconf 76' lang='grc' dir='ltr'><strong><em>ὁμολογοῦντα.</em></strong></span> <span class='ocrx_word' id='word_1_124' title='bbox 1445 951 1746 1005; x_wconf 70' lang='lat' dir='ltr'><strong>Euboeensium</strong></span> 
     </span>
     <span class='ocr_line' id='line_1_18' title="bbox 297 1018 1748 1075; baseline 0.003 -20"><span class='ocrx_word' id='word_1_125' title='bbox 297 1028 422 1056; x_wconf 83' lang='lat' dir='ltr'><strong>autem</strong></span> <span class='ocrx_word' id='word_1_126' title='bbox 441 1020 648 1057; x_wconf 70' lang='lat' dir='ltr'><strong>sententiae</strong></span> <span class='ocrx_word' id='word_1_127' title='bbox 667 1018 896 1075; x_wconf 76' lang='lat' dir='ltr'><strong>Creophylus</strong></span> <span class='ocrx_word' id='word_1_128' title='bbox 906 1021 1116 1061; x_wconf 83' lang='lat' dir='ltr'><strong>Herculem</strong></span> <span class='ocrx_word' id='word_1_129' title='bbox 1133 1020 1294 1060; x_wconf 69' lang='lat' dir='ltr'><strong>induxit</strong></span> <span class='ocrx_word' id='word_1_130' title='bbox 1313 1021 1572 1062; x_wconf 79' lang='lat' dir='ltr'><strong>convenienter</strong></span> <span class='ocrx_word' id='word_1_131' title='bbox 1590 1020 1748 1075; x_wconf 79' lang='lat' dir='ltr'><strong>loquen-</strong></span> 
     </span>
     <span class='ocr_line' id='line_1_19' title="bbox 296 1074 1748 1130; baseline 0.004 -20"><span class='ocrx_word' id='word_1_132' title='bbox 296 1083 381 1113; x_wconf 75' lang='lat' dir='ltr'><strong>tem.</strong></span> <span class='ocrx_word' id='word_1_133' title='bbox 424 1074 633 1113; x_wconf 86' lang='lat' dir='ltr'><strong>Enimvero</strong></span> <span class='ocrx_word' id='word_1_134' title='bbox 654 1090 744 1126; x_wconf 83' lang='lat' dir='ltr'><strong>pars</strong></span> <span class='ocrx_word' id='word_1_135' title='bbox 764 1090 901 1127; x_wconf 79' lang='lat' dir='ltr'><strong>magna</strong></span> <span class='ocrx_word' id='word_1_136' title='bbox 920 1077 1027 1116; x_wconf 88' lang='lat' dir='ltr'><strong>illius</strong></span> <span class='ocrx_word' id='word_1_137' title='bbox 1045 1077 1233 1129; x_wconf 84' lang='lat' dir='ltr'><strong>poematis</strong></span> <span class='ocrx_word' id='word_1_138' title='bbox 1249 1078 1325 1117; x_wconf 82' lang='lat' dir='ltr'><strong>fuit</strong></span> <span class='ocrx_word' id='word_1_139' title='bbox 1346 1077 1557 1126; x_wconf 81' lang='lat' dir='ltr'><strong>Hercules3</strong></span> <span class='ocrx_word' id='word_1_140' title='bbox 1585 1084 1632 1116; x_wconf 85' lang='lat' dir='ltr'><strong>ut</strong></span> <span class='ocrx_word' id='word_1_141' title='bbox 1647 1091 1748 1130; x_wconf 86' lang='lat' dir='ltr'><strong>pro-</strong></span> 
     </span>
     <span class='ocr_line' id='line_1_20' title="bbox 294 1129 1180 1182; baseline 0.006 -15"><span class='ocrx_word' id='word_1_142' title='bbox 294 1129 537 1181; x_wconf 87' lang='lat' dir='ltr'><strong>pemodum</strong></span> <span class='ocrx_word' id='word_1_143' title='bbox 522 1144 604 1182; x_wconf 77' lang='lat' dir='ltr'><strong>jam</strong></span> <span class='ocrx_word' id='word_1_144' title='bbox 628 1131 729 1170; x_wconf 87' lang='lat' dir='ltr'><strong>illud</strong></span> <span class='ocrx_word' id='word_1_145' title='bbox 751 1133 888 1172; x_wconf 86' lang='lat' dir='ltr'><strong>audire</strong></span> <span class='ocrx_word' id='word_1_146' title='bbox 911 1133 1006 1172; x_wconf 87' lang='lat' dir='ltr'><strong>mihi</strong></span> <span class='ocrx_word' id='word_1_147' title='bbox 1023 1134 1180 1173; x_wconf 81' lang='lat' dir='ltr'><strong>videar:</strong></span> 
     </span>
    </p>

    <p class='ocr_par' dir='ltr' id='par_1_6' title="bbox 296 1183 1750 1519">
     <span class='ocr_line' id='line_1_21' title="bbox 521 1183 1386 1242; baseline 0.004 -17"><span class='ocrx_word' id='word_1_148' title='bbox 521 1184 596 1226; x_wconf 87' lang='grc' dir='ltr'><strong>Τὸν</strong></span> <span class='ocrx_word' id='word_1_149' title='bbox 626 1183 664 1227; x_wconf 85' lang='grc' dir='ltr'><strong>δ’</strong></span> <span class='ocrx_word' id='word_1_150' title='bbox 693 1183 786 1228; x_wconf 77' lang='grc' dir='ltr'><strong><em>αὖτε</em></strong></span> <span class='ocrx_word' id='word_1_151' title='bbox 814 1188 1020 1242; x_wconf 80' lang='grc' dir='ltr'><em>προσέειπε</em></span> <span class='ocrx_word' id='word_1_152' title='bbox 1049 1191 1118 1242; x_wconf 85' lang='grc' dir='ltr'><strong>βίη</strong></span> <span class='ocrx_word' id='word_1_153' title='bbox 1145 1188 1386 1242; x_wconf 83' lang='grc' dir='ltr'><strong><em>Ηρακληείη.</em></strong></span> 
     </span>
     <span class='ocr_line' id='line_1_22' title="bbox 296 1240 1747 1297; baseline 0.005 -21"><span class='ocrx_word' id='word_1_154' title='bbox 296 1240 440 1278; x_wconf 87' lang='lat' dir='ltr'><strong>Similis</strong></span> <span class='ocrx_word' id='word_1_155' title='bbox 458 1241 608 1279; x_wconf 86' lang='lat' dir='ltr'><strong>locutio</strong></span> <span class='ocrx_word' id='word_1_156' title='bbox 639 1249 698 1281; x_wconf 89' lang='lat' dir='ltr'><strong>est</strong></span> <span class='ocrx_word' id='word_1_157' title='bbox 716 1244 757 1281; x_wconf 92' lang='lat' dir='ltr'><strong>in</strong></span> <span class='ocrx_word' id='word_1_158' title='bbox 776 1245 883 1294; x_wconf 84' lang='lat' dir='ltr'><strong>istis,</strong></span> <span class='ocrx_word' id='word_1_159' title='bbox 913 1259 1011 1296; x_wconf 86' lang='lat' dir='ltr'><strong>quae</strong></span> <span class='ocrx_word' id='word_1_160' title='bbox 1031 1245 1235 1284; x_wconf 87' lang='lat' dir='ltr'><strong>occasione</strong></span> <span class='ocrx_word' id='word_1_161' title='bbox 1256 1245 1331 1282; x_wconf 84' lang='lat' dir='ltr'><strong>alia</strong></span> <span class='ocrx_word' id='word_1_162' title='bbox 1350 1258 1471 1297; x_wconf 86' lang='lat' dir='ltr'><strong>supra</strong></span> <span class='ocrx_word' id='word_1_163' title='bbox 1490 1243 1747 1284; x_wconf 83' lang='lat' dir='ltr'><strong>adduximus:</strong></span> 
     </span>
     <span class='ocr_line' id='line_1_23' title="bbox 297 1295 1749 1366; baseline 0.005 -32"><span class='ocrx_word' id='word_1_164' title='bbox 297 1299 360 1335; x_wconf 83' lang='grc' dir='ltr'><strong>Εν</strong></span> <span class='ocrx_word' id='word_1_165' title='bbox 382 1301 463 1343; x_wconf 86' lang='grc' dir='ltr'><strong><em>τοῖς</em></strong></span> <span class='ocrx_word' id='word_1_166' title='bbox 485 1297 641 1349; x_wconf 85' lang='grc' dir='ltr'><strong><em>Κρησιν</em></strong></span> <span class='ocrx_word' id='word_1_167' title='bbox 662 1295 891 1366; x_wconf 73' lang='grc' dir='ltr'><strong><em>Εὐριπίδης</em></strong></span> <span class='ocrx_word' id='word_1_168' title='bbox 920 1303 1073 1366; x_wconf 87' lang='grc' dir='ltr'><strong><em>Ικαρον</em></strong></span> <span class='ocrx_word' id='word_1_169' title='bbox 1085 1302 1346 1366; x_wconf 80' lang='grc' dir='ltr'><strong><em>μονῳδοῦντα</em></strong></span> <span class='ocrx_word' id='word_1_170' title='bbox 1364 1300 1568 1352; x_wconf 80' lang='grc' dir='ltr'><strong><em>ἐποίησεν,</em></strong></span> <span class='ocrx_word' id='word_1_171' title='bbox 1595 1307 1656 1351; x_wconf 88' lang='lat' dir='ltr'><strong>et,</strong></span> <span class='ocrx_word' id='word_1_172' title='bbox 1686 1304 1749 1341; x_wconf 86' lang='grc' dir='ltr'><strong>Εν</strong></span> 
     </span>
     <span class='ocr_line' id='line_1_24' title="bbox 296 1350 1751 1423; baseline 0.003 -33"><span class='ocrx_word' id='word_1_173' title='bbox 296 1355 381 1398; x_wconf 90' lang='grc' dir='ltr'><strong><em>ταῖς</em></strong></span> <span class='ocrx_word' id='word_1_174' title='bbox 404 1350 607 1402; x_wconf 65' lang='grc' dir='ltr'><strong><em>Κρήσσαις</em></strong></span> <span class='ocrx_word' id='word_1_175' title='bbox 633 1351 823 1406; x_wconf 84' lang='grc' dir='ltr'><strong><em>Λερόπην</em></strong></span> <span class='ocrx_word' id='word_1_176' title='bbox 853 1352 1033 1410; x_wconf 80' lang='grc' dir='ltr'><strong><em>εἰσήγαγε</em></strong></span> <span class='ocrx_word' id='word_1_177' title='bbox 1062 1353 1360 1423; x_wconf 77' lang='grc' dir='ltr'><strong><em>πορνεύουσαν·</em></strong></span> <span class='ocrx_word' id='word_1_178' title='bbox 1397 1369 1523 1407; x_wconf 82' lang='lat' dir='ltr'><strong>neque</strong></span> <span class='ocrx_word' id='word_1_179' title='bbox 1551 1370 1653 1408; x_wconf 88' lang='lat' dir='ltr'><strong>opus</strong></span> <span class='ocrx_word' id='word_1_180' title='bbox 1679 1364 1751 1405; x_wconf 89' lang='lat' dir='ltr'><strong>est,</strong></span> 
     </span>
     <span class='ocr_line' id='line_1_25' title="bbox 298 1407 1750 1463; baseline 0.005 -19"><span class='ocrx_word' id='word_1_181' title='bbox 298 1414 344 1444; x_wconf 90' lang='lat' dir='ltr'><strong>ut</strong></span> <span class='ocrx_word' id='word_1_182' title='bbox 362 1407 451 1458; x_wconf 86' lang='lat' dir='ltr'><strong>plux</strong></span> <span class='ocrx_word' id='word_1_183' title='bbox 454 1422 493 1446; x_wconf 83' lang='lat' dir='ltr'><strong>es</strong></span> <span class='ocrx_word' id='word_1_184' title='bbox 508 1414 626 1446; x_wconf 77' lang='lat' dir='ltr'><strong>testes</strong></span> <span class='ocrx_word' id='word_1_185' title='bbox 646 1411 875 1449; x_wconf 83' lang='lat' dir='ltr'><strong>excitemus.</strong></span> <span class='ocrx_word' id='word_1_186' title='bbox 905 1413 1005 1449; x_wconf 86' lang='lat' dir='ltr'><strong>Sunt</strong></span> <span class='ocrx_word' id='word_1_187' title='bbox 1024 1412 1091 1462; x_wconf 87' lang='lat' dir='ltr'><strong>qui</strong></span> <span class='ocrx_word' id='word_1_188' title='bbox 1107 1411 1291 1463; x_wconf 82' lang='grc' dir='ltr'><strong><em>Οἰχαλίας</em></strong></span> <span class='ocrx_word' id='word_1_189' title='bbox 1311 1408 1457 1451; x_wconf 87' lang='grc' dir='ltr'><strong><em>αλωσιν</em></strong></span> <span class='ocrx_word' id='word_1_190' title='bbox 1476 1412 1527 1449; x_wconf 84' lang='lat' dir='ltr'><strong>ad</strong></span> <span class='ocrx_word' id='word_1_191' title='bbox 1539 1413 1750 1451; x_wconf 87' lang='lat' dir='ltr'><strong>Homerum</strong></span> 
     </span>
     <span class='ocr_line' id='line_1_26' title="bbox 298 1461 1751 1519; baseline 0.005 -19"><span class='ocrx_word' id='word_1_192' title='bbox 298 1464 494 1514; x_wconf 79' lang='lat' dir='ltr'><strong>r·;ef01unt</strong></span> <span class='ocrx_word' id='word_1_193' title='bbox 521 1464 624 1502; x_wconf 84' lang='lat' dir='ltr'><strong>sicut</strong></span> <span class='ocrx_word' id='word_1_194' title='bbox 642 1472 756 1504; x_wconf 79' lang='lat' dir='ltr'><strong>autor</strong></span> <span class='ocrx_word' id='word_1_195' title='bbox 773 1473 832 1504; x_wconf 88' lang='lat' dir='ltr'><strong>est</strong></span> <span class='ocrx_word' id='word_1_196' title='bbox 852 1467 1112 1505; x_wconf 87' lang='lat' dir='ltr'><strong>Callimachus</strong></span> <span class='ocrx_word' id='word_1_197' title='bbox 1134 1464 1241 1519; x_wconf 87' lang='lat' dir='ltr'><strong>apud</strong></span> <span class='ocrx_word' id='word_1_198' title='bbox 1259 1466 1487 1505; x_wconf 81' lang='lat' dir='ltr'><strong>Strabonem</strong></span> <span class='ocrx_word' id='word_1_199' title='bbox 1508 1461 1548 1506; x_wconf 82' lang='lat' dir='ltr'><strong>et</strong></span> <span class='ocrx_word' id='word_1_200' title='bbox 1567 1470 1751 1508; x_wconf 84' lang='lat' dir='ltr'><strong>Sextum.</strong></span> 
     </span>
    </p>

    <p class='ocr_par' dir='ltr' id='par_1_7' title="bbox 521 1518 1614 1590">
     <span class='ocr_line' id='line_1_27' title="bbox 521 1518 1614 1590; baseline 0.005 -31"><span class='ocrx_word' id='word_1_201' title='bbox 521 1522 601 1560; x_wconf 88' lang='grc' dir='ltr'><strong><em>Του</em></strong></span> <span class='ocrx_word' id='word_1_202' title='bbox 620 1522 776 1572; x_wconf 86' lang='grc' dir='ltr'><strong><em>Σαμίου</em></strong></span> <span class='ocrx_word' id='word_1_203' title='bbox 796 1519 920 1569; x_wconf 85' lang='grc' dir='ltr'><em>πόνος</em></span> <span class='ocrx_word' id='word_1_204' title='bbox 939 1522 1041 1575; x_wconf 84' lang='grc' dir='ltr'><strong><em>εἰμὶ</em></strong></span> <span class='ocrx_word' id='word_1_205' title='bbox 1071 1518 1180 1590; x_wconf 77' lang='grc' dir='ltr'><strong><em>δόμῳ</em></strong></span> <span class='ocrx_word' id='word_1_206' title='bbox 1200 1520 1294 1562; x_wconf 81' lang='grc' dir='ltr'><strong><em>ποτὲ</em></strong></span> <span class='ocrx_word' id='word_1_207' title='bbox 1314 1526 1430 1562; x_wconf 81' lang='grc' dir='ltr'><strong><em>θεῖον</em></strong></span> <span class='ocrx_word' id='word_1_208' title='bbox 1452 1525 1614 1577; x_wconf 85' lang='grc' dir='ltr'><strong><em>Ομηρον</em></strong></span> 
     </span>
    </p>

    <p class='ocr_par' dir='ltr' id='par_1_8' title="bbox 514 1563 1548 1744">
     <span class='ocr_line' id='line_1_28' title="bbox 571 1563 1529 1644; baseline 0.003 -29"><span class='ocrx_word' id='word_1_209' title='bbox 571 1576 820 1628; x_wconf 78' lang='grc' dir='ltr'><strong><em>Δεξαμένου·</em></strong></span> <span class='ocrx_word' id='word_1_210' title='bbox 849 1579 972 1618; x_wconf 80' lang='grc' dir='ltr'><strong><em>κλαίω</em></strong></span> <span class='ocrx_word' id='word_1_211' title='bbox 1000 1575 1039 1618; x_wconf 81' lang='grc' dir='ltr'><strong>δ’</strong></span> <span class='ocrx_word' id='word_1_212' title='bbox 1068 1563 1254 1644; x_wconf 74' lang='grc' dir='ltr'><strong><em>Εὔρυτον</em></strong></span> <span class='ocrx_word' id='word_1_213' title='bbox 1282 1574 1373 1618; x_wconf 83' lang='grc' dir='ltr'><strong><em>όσσ’</em></strong></span> <span class='ocrx_word' id='word_1_214' title='bbox 1403 1577 1529 1619; x_wconf 75' lang='grc' dir='ltr'><strong><em>ἔπαθε</em></strong></span> 
     </span>
     <span class='ocr_line' id='line_1_29' title="bbox 514 1629 1523 1699; baseline 0.004 -29"><span class='ocrx_word' id='word_1_215' title='bbox 514 1630 599 1671; x_wconf 86' lang='grc' dir='ltr'><strong><em>Καὶ</em></strong></span> <span class='ocrx_word' id='word_1_216' title='bbox 629 1630 785 1699; x_wconf 80' lang='grc' dir='ltr'><strong><em>ξανθην</em></strong></span> <span class='ocrx_word' id='word_1_217' title='bbox 816 1630 988 1674; x_wconf 85' lang='grc' dir='ltr'><strong><em>Ιόλειαν”</em></strong></span> <span class='ocrx_word' id='word_1_218' title='bbox 1035 1629 1232 1686; x_wconf 82' lang='grc' dir='ltr'><strong><em>Ομήρειον</em></strong></span> <span class='ocrx_word' id='word_1_219' title='bbox 1262 1631 1305 1674; x_wconf 83' lang='grc' dir='ltr'><strong>δὲ</strong></span> <span class='ocrx_word' id='word_1_220' title='bbox 1330 1636 1523 1686; x_wconf 83' lang='grc' dir='ltr'><strong><em>καλεῦμαι</em></strong></span> 
     </span>
     <span class='ocr_line' id='line_1_30' title="bbox 576 1683 1581 1745; baseline 0.004 -19"><span class='ocrx_word' id='word_1_221' title='bbox 576 1685 762 1741; x_wconf 80' lang='grc' dir='ltr'><strong><em>Γραμμα’</em></strong></span> <span class='ocrx_word' id='word_1_222' title='bbox 793 1686 1038 1745; x_wconf 80' lang='grc' dir='ltr'><strong><em>Κρεωφύλῳ,</em></strong></span> <span class='ocrx_word' id='word_1_223' title='bbox 1070 1692 1151 1729; x_wconf 83' lang='grc' dir='ltr'><strong><em>Ζεῦ</em></strong></span> <span class='ocrx_word' id='word_1_224' title='bbox 1179 1689 1281 1740; x_wconf 85' lang='grc' dir='ltr'><strong><em>φίλε,</em></strong></span> <span class='ocrx_word' id='word_1_225' title='bbox 1305 1692 1421 1730; x_wconf 81' lang='grc' dir='ltr'><strong><em>τοῦτο</em></strong></span> <span class='ocrx_word' id='word_1_226' title='bbox 1450 1683 1581 1744; x_wconf 81' lang='grc' dir='ltr'><strong><em>μέγα.</em></strong></span> 
     </span>
    </p>

    <p class='ocr_par' dir='ltr' id='par_1_9' title="bbox 301 1730 1754 2577">
     <span class='ocr_line' id='line_1_31' title="bbox 301 1730 1754 1799; baseline 0.004 -19"><span class='ocrx_word' id='word_1_227' title='bbox 301 1741 474 1780; x_wconf 83' lang='lat' dir='ltr'><strong>suidas</strong></span> <span class='ocrx_word' id='word_1_228' title='bbox 461 1756 503 1780; x_wconf 86' lang='grc'><strong>111</strong></span> <span class='ocrx_word' id='word_1_229' title='bbox 531 1745 701 1795; x_wconf 80' lang='grc' dir='ltr'><strong><em>Ομηρος.</em></strong></span> <span class='ocrx_word' id='word_1_230' title='bbox 760 1730 1010 1797; x_wconf 81' lang='grc' dir='ltr'><strong><em>Αναφέρεται</em></strong></span> <span class='ocrx_word' id='word_1_231' title='bbox 1035 1743 1077 1785; x_wconf 79' lang='grc' dir='ltr'><strong>δὲ</strong></span> <span class='ocrx_word' id='word_1_232' title='bbox 1094 1745 1152 1793; x_wconf 80' lang='grc' dir='ltr'><strong>εἰς</strong></span> <span class='ocrx_word' id='word_1_233' title='bbox 1172 1741 1291 1786; x_wconf 68' lang='grc' dir='ltr'><strong><em>αὐτὸν</em></strong></span> <span class='ocrx_word' id='word_1_234' title='bbox 1321 1745 1389 1785; x_wconf 84' lang='grc' dir='ltr'><strong><em>καὶ</em></strong></span> <span class='ocrx_word' id='word_1_235' title='bbox 1409 1743 1506 1786; x_wconf 88' lang='grc' dir='ltr'><strong><em>αλλα</em></strong></span> <span class='ocrx_word' id='word_1_236' title='bbox 1531 1761 1619 1786; x_wconf 85' lang='grc' dir='ltr'><strong><em>τινα</em></strong></span> <span class='ocrx_word' id='word_1_237' title='bbox 1637 1743 1754 1799; x_wconf 75' lang='grc' dir='ltr'><strong><em>ποιή-</em></strong></span> 
     </span>
     <span class='ocr_line' id='line_1_32' title="bbox 301 1796 1754 1868; baseline 0.004 -32"><span class='ocrx_word' id='word_1_238' title='bbox 301 1813 424 1849; x_wconf 82' lang='grc' dir='ltr'><strong><em>ματα,</em></strong></span> <span class='ocrx_word' id='word_1_239' title='bbox 454 1796 673 1850; x_wconf 82' lang='grc' dir='ltr'><strong><em>Αμαζόνια,</em></strong></span> <span class='ocrx_word' id='word_1_240' title='bbox 705 1798 812 1848; x_wconf 88' lang='grc' dir='ltr'><strong><em>Ιλιας</em></strong></span> <span class='ocrx_word' id='word_1_241' title='bbox 828 1817 970 1868; x_wconf 86' lang='grc' dir='ltr'><strong><em>μικρα,</em></strong></span> <span class='ocrx_word' id='word_1_242' title='bbox 999 1797 1164 1848; x_wconf 83' lang='grc' dir='ltr'><strong><em>Νόστοι,</em></strong></span> <span class='ocrx_word' id='word_1_243' title='bbox 1197 1802 1469 1866; x_wconf 64' lang='grc' dir='ltr'><strong><em>Επικιχλίδες,</em></strong></span> <span class='ocrx_word' id='word_1_244' title='bbox 1498 1802 1754 1851; x_wconf 79' lang='grc' dir='ltr'><strong><em>Ηθίεπακτος</em></strong></span> 
     </span>
     <span class='ocr_line' id='line_1_33' title="bbox 301 1850 1752 1908; baseline 0.003 -16"><span class='ocrx_word' id='word_1_245' title='bbox 301 1850 391 1903; x_wconf 72' lang='grc' dir='ltr'><strong><em>ἤτοι</em></strong></span> <span class='ocrx_word' id='word_1_246' title='bbox 423 1855 584 1906; x_wconf 84' lang='grc' dir='ltr'><strong><em>Ιαμβοι,</em></strong></span> <span class='ocrx_word' id='word_1_247' title='bbox 614 1857 795 1904; x_wconf 86' lang='grc' dir='ltr'><strong><em>Σικελίας</em></strong></span> <span class='ocrx_word' id='word_1_248' title='bbox 824 1854 977 1904; x_wconf 71' lang='grc' dir='ltr'><strong><em>ἅλωσις.</em></strong></span> <span class='ocrx_word' id='word_1_249' title='bbox 1033 1857 1112 1895; x_wconf 86' lang='lat' dir='ltr'><strong>Sed</strong></span> <span class='ocrx_word' id='word_1_250' title='bbox 1135 1870 1208 1908; x_wconf 87' lang='lat' dir='ltr'><strong>pro</strong></span> <span class='ocrx_word' id='word_1_251' title='bbox 1233 1858 1415 1904; x_wconf 84' lang='grc' dir='ltr'><strong><em>Σικελίας</em></strong></span> <span class='ocrx_word' id='word_1_252' title='bbox 1434 1858 1516 1896; x_wconf 84' lang='lat' dir='ltr'><strong>sine</strong></span> <span class='ocrx_word' id='word_1_253' title='bbox 1535 1858 1614 1896; x_wconf 90' lang='lat' dir='ltr'><strong>ulla</strong></span> <span class='ocrx_word' id='word_1_254' title='bbox 1635 1858 1752 1896; x_wconf 79' lang='lat' dir='ltr'><strong>dubi-</strong></span> 
     </span>
     <span class='ocr_line' id='line_1_34' title="bbox 301 1909 1751 1964; baseline 0.008 -19"><span class='ocrx_word' id='word_1_255' title='bbox 301 1909 450 1946; x_wconf 83' lang='lat' dir='ltr'><strong>tatione</strong></span> <span class='ocrx_word' id='word_1_256' title='bbox 474 1910 680 1960; x_wconf 75' lang='lat' dir='ltr'><strong>legendum</strong></span> <span class='ocrx_word' id='word_1_257' title='bbox 709 1919 767 1950; x_wconf 84' lang='lat' dir='ltr'><strong>est</strong></span> <span class='ocrx_word' id='word_1_258' title='bbox 792 1913 986 1964; x_wconf 81' lang='grc' dir='ltr'><strong><em>Οἰχαλίας</em></strong></span> <span class='ocrx_word' id='word_1_259' title='bbox 1043 1912 1195 1950; x_wconf 81' lang='lat' dir='ltr'><strong>Addam</strong></span> <span class='ocrx_word' id='word_1_260' title='bbox 1219 1912 1319 1950; x_wconf 85' lang='lat' dir='ltr'><strong>illud</strong></span> <span class='ocrx_word' id='word_1_261' title='bbox 1350 1926 1530 1964; x_wconf 80' lang='lat' dir='ltr'><strong>quoque3</strong></span> <span class='ocrx_word' id='word_1_262' title='bbox 1560 1913 1686 1964; x_wconf 82' lang='lat' dir='ltr'><strong>quod,</strong></span> <span class='ocrx_word' id='word_1_263' title='bbox 1717 1914 1751 1952; x_wconf 83' lang='lat' dir='ltr'><strong>si</strong></span> 
     </span>
     <span class='ocr_line' id='line_1_35' title="bbox 302 1964 1749 2020; baseline 0.004 -18"><span class='ocrx_word' id='word_1_264' title='bbox 302 1964 402 2002; x_wconf 86' lang='lat' dir='ltr'><strong>bene</strong></span> <span class='ocrx_word' id='word_1_265' title='bbox 430 1964 593 2004; x_wconf 85' lang='lat' dir='ltr'><strong>Minium</strong></span> <span class='ocrx_word' id='word_1_266' title='bbox 621 1981 750 2005; x_wconf 90' lang='lat' dir='ltr'><strong>meum</strong></span> <span class='ocrx_word' id='word_1_267' title='bbox 779 1969 893 2018; x_wconf 86' lang='lat' dir='ltr'><strong>novi,</strong></span> <span class='ocrx_word' id='word_1_268' title='bbox 923 1968 1237 2020; x_wconf 82' lang='lat' dir='ltr'><strong>praetermissum</strong></span> <span class='ocrx_word' id='word_1_269' title='bbox 1267 1981 1349 2006; x_wconf 87' lang='lat' dir='ltr'><strong>esse</strong></span> <span class='ocrx_word' id='word_1_270' title='bbox 1375 1971 1546 2018; x_wconf 86' lang='lat' dir='ltr'><strong>graviter</strong></span> <span class='ocrx_word' id='word_1_271' title='bbox 1574 1969 1749 2007; x_wconf 82' lang='lat' dir='ltr'><strong>tulisses:</strong></span> 
     </span>
     <span class='ocr_line' id='line_1_36' title="bbox 304 2023 1750 2076; baseline 0.004 -20"><span class='ocrx_word' id='word_1_272' title='bbox 304 2019 488 2058; x_wconf 71' lang='lat' dir='ltr'><strong>nimitum</strong></span> <span class='ocrx_word' id='word_1_273' title='bbox 509 2023 762 2071; x_wconf 83' lang='grc' dir='ltr'><strong><em>Ηθίεπακτος</em></strong></span> <span class='ocrx_word' id='word_1_274' title='bbox 785 2038 866 2063; x_wconf 85' lang='lat' dir='ltr'><strong>esse</strong></span> <span class='ocrx_word' id='word_1_275' title='bbox 886 2024 1050 2062; x_wconf 78' lang='lat' dir='ltr'><strong>veibum</strong></span> <span class='ocrx_word' id='word_1_276' title='bbox 1074 2023 1204 2073; x_wconf 84' lang='lat' dir='ltr'><strong>nihili,</strong></span> <span class='ocrx_word' id='word_1_277' title='bbox 1235 2030 1273 2062; x_wconf 88' lang='lat' dir='ltr'><strong>et</strong></span> <span class='ocrx_word' id='word_1_278' title='bbox 1293 2025 1491 2076; x_wconf 88' lang='lat' dir='ltr'><strong>aliquanto</strong></span> <span class='ocrx_word' id='word_1_279' title='bbox 1511 2024 1674 2063; x_wconf 85' lang='lat' dir='ltr'><strong>inferius</strong></span> <span class='ocrx_word' id='word_1_280' title='bbox 1693 2026 1750 2063; x_wconf 87' lang='lat' dir='ltr'><strong>sic</strong></span> 
     </span>
     <span class='ocr_line' id='line_1_37' title="bbox 305 2075 1753 2130; baseline 0.006 -18"><span class='ocrx_word' id='word_1_281' title='bbox 305 2075 446 2125; x_wconf 87' lang='lat' dir='ltr'><strong>scribi,</strong></span> <span class='ocrx_word' id='word_1_282' title='bbox 488 2075 777 2126; x_wconf 79' lang='grc' dir='ltr'><strong><em>Επταπάκτιος.</em></strong></span> <span class='ocrx_word' id='word_1_283' title='bbox 836 2080 916 2120; x_wconf 85' lang='grc' dir='ltr'><strong><em>Καὶ</em></strong></span> <span class='ocrx_word' id='word_1_284' title='bbox 944 2076 1242 2128; x_wconf 79' lang='grc' dir='ltr'><strong><em>Επταπακτιον,</em></strong></span> <span class='ocrx_word' id='word_1_285' title='bbox 1287 2081 1360 2129; x_wconf 84' lang='lat' dir='ltr'><strong>ait,</strong></span> <span class='ocrx_word' id='word_1_286' title='bbox 1398 2079 1466 2120; x_wconf 84' lang='grc' dir='ltr'><strong><em>καὶ</em></strong></span> <span class='ocrx_word' id='word_1_287' title='bbox 1496 2081 1753 2130; x_wconf 78' lang='grc' dir='ltr'><strong><em>Επικιχλίδας</em></strong></span> 
     </span>
     <span class='ocr_line' id='line_1_38' title="bbox 304 2130 1752 2199; baseline 0.003 -29"><span class='ocrx_word' id='word_1_288' title='bbox 304 2130 500 2182; x_wconf 76' lang='grc' dir='ltr'><strong><em>ἐποίησεν.</em></strong></span> <span class='ocrx_word' id='word_1_289' title='bbox 559 2133 606 2170; x_wconf 91' lang='lat' dir='ltr'><strong>Et</strong></span> <span class='ocrx_word' id='word_1_290' title='bbox 636 2134 762 2184; x_wconf 87' lang='lat' dir='ltr'><strong>prima</strong></span> <span class='ocrx_word' id='word_1_291' title='bbox 780 2136 937 2186; x_wconf 87' lang='lat' dir='ltr'><strong>quidem</strong></span> <span class='ocrx_word' id='word_1_292' title='bbox 958 2135 1085 2186; x_wconf 87' lang='lat' dir='ltr'><strong>specie</strong></span> <span class='ocrx_word' id='word_1_293' title='bbox 1112 2149 1155 2173; x_wconf 83' lang='lat' dir='ltr'><strong>ea</strong></span> <span class='ocrx_word' id='word_1_294' title='bbox 1173 2136 1398 2199; x_wconf 71' lang='lat' dir='ltr'><strong>conjectura</strong></span> <span class='ocrx_word' id='word_1_295' title='bbox 1420 2149 1514 2174; x_wconf 85' lang='lat' dir='ltr'><strong>vera</strong></span> <span class='ocrx_word' id='word_1_296' title='bbox 1531 2135 1752 2186; x_wconf 81' lang='lat' dir='ltr'><strong>videbatur,</strong></span> 
     </span>
     <span class='ocr_line' id='line_1_39' title="bbox 307 2183 1751 2243; baseline 0.002 -17"><span class='ocrx_word' id='word_1_297' title='bbox 307 2183 403 2227; x_wconf 77' lang='grc' dir='ltr'><strong><em>ἑπτα</em></strong></span> <span class='ocrx_word' id='word_1_298' title='bbox 427 2187 577 2225; x_wconf 81' lang='lat' dir='ltr'><strong>seilicet</strong></span> <span class='ocrx_word' id='word_1_299' title='bbox 604 2190 808 2241; x_wconf 80' lang='grc' dir='ltr'><strong><em>Επίγονοι.</em></strong></span> <span class='ocrx_word' id='word_1_300' title='bbox 864 2191 1114 2230; x_wconf 84' lang='lat' dir='ltr'><strong>Memineram</strong></span> <span class='ocrx_word' id='word_1_301' title='bbox 1142 2191 1244 2230; x_wconf 87' lang='lat' dir='ltr'><strong>enim</strong></span> <span class='ocrx_word' id='word_1_302' title='bbox 1266 2197 1305 2229; x_wconf 83' lang='lat' dir='ltr'><strong>et</strong></span> <span class='ocrx_word' id='word_1_303' title='bbox 1328 2197 1477 2243; x_wconf 83' lang='lat' dir='ltr'><strong>septem</strong></span> <span class='ocrx_word' id='word_1_304' title='bbox 1495 2204 1578 2229; x_wconf 85' lang='lat' dir='ltr'><strong>esse</strong></span> <span class='ocrx_word' id='word_1_305' title='bbox 1598 2191 1751 2243; x_wconf 87' lang='lat' dir='ltr'><strong>Epigo-</strong></span> 
     </span>
     <span class='ocr_line' id='line_1_40' title="bbox 307 2243 1753 2297; baseline 0.003 -17"><span class='ocrx_word' id='word_1_306' title='bbox 307 2256 399 2291; x_wconf 88' lang='lat' dir='ltr'><strong>nos,</strong></span> <span class='ocrx_word' id='word_1_307' title='bbox 430 2250 468 2282; x_wconf 85' lang='lat' dir='ltr'><strong>et</strong></span> <span class='ocrx_word' id='word_1_308' title='bbox 497 2244 544 2282; x_wconf 77' lang='lat' dir='ltr'><strong>ad</strong></span> <span class='ocrx_word' id='word_1_309' title='bbox 572 2243 867 2284; x_wconf 81' lang='lat' dir='ltr'><strong>Homerieorum</strong></span> <span class='ocrx_word' id='word_1_310' title='bbox 894 2254 1116 2297; x_wconf 83' lang='lat' dir='ltr'><strong>poematum</strong></span> <span class='ocrx_word' id='word_1_311' title='bbox 1147 2261 1354 2285; x_wconf 87' lang='lat' dir='ltr'><strong>numerum</strong></span> <span class='ocrx_word' id='word_1_312' title='bbox 1385 2246 1569 2286; x_wconf 89' lang='lat' dir='ltr'><strong>adscribi.</strong></span> <span class='ocrx_word' id='word_1_313' title='bbox 1627 2247 1753 2285; x_wconf 86' lang='lat' dir='ltr'><strong>Hero-</strong></span> 
     </span>
     <span class='ocr_line' id='line_1_41' title="bbox 309 2296 1753 2355; baseline 0.006 -21"><span class='ocrx_word' id='word_1_314' title='bbox 309 2298 426 2336; x_wconf 86' lang='lat' dir='ltr'><strong>dotus</strong></span> <span class='ocrx_word' id='word_1_315' title='bbox 448 2313 503 2337; x_wconf 91' lang='lat' dir='ltr'><strong>1v.</strong></span> <span class='ocrx_word' id='word_1_316' title='bbox 531 2296 630 2340; x_wconf 85' lang='grc' dir='ltr'><strong><em>Αλλ’</em></strong></span> <span class='ocrx_word' id='word_1_317' title='bbox 655 2298 816 2342; x_wconf 86' lang='grc' dir='ltr'><strong><em>Ησιόδω</em></strong></span> <span class='ocrx_word' id='word_1_318' title='bbox 843 2301 913 2354; x_wconf 83' lang='grc' dir='ltr'><strong>μέν</strong></span> <span class='ocrx_word' id='word_1_319' title='bbox 935 2303 1013 2342; x_wconf 79' lang='grc' dir='ltr'><strong><em>ἐστι</em></strong></span> <span class='ocrx_word' id='word_1_320' title='bbox 1038 2302 1129 2354; x_wconf 85' lang='grc' dir='ltr'><strong><em>περὶ</em></strong></span> <span class='ocrx_word' id='word_1_321' title='bbox 1163 2301 1414 2355; x_wconf 65' lang='grc' dir='ltr'><strong><em>Ὑπερβορέων</em></strong></span> <span class='ocrx_word' id='word_1_322' title='bbox 1437 2301 1640 2354; x_wconf 81' lang='grc' dir='ltr'><strong><em>εἰρημένα,</em></strong></span> <span class='ocrx_word' id='word_1_323' title='bbox 1671 2302 1753 2343; x_wconf 76' lang='grc' dir='ltr'><strong><em>ἐστὶ</em></strong></span> 
     </span>
     <span class='ocr_line' id='line_1_42' title="bbox 311 2351 1752 2413; baseline 0.004 -21"><span class='ocrx_word' id='word_1_324' title='bbox 311 2351 354 2392; x_wconf 81' lang='grc' dir='ltr'><strong>δὲ</strong></span> <span class='ocrx_word' id='word_1_325' title='bbox 374 2354 440 2394; x_wconf 85' lang='grc' dir='ltr'><strong><em>καὶ</em></strong></span> <span class='ocrx_word' id='word_1_326' title='bbox 468 2353 613 2411; x_wconf 82' lang='grc' dir='ltr'><strong><em>Ομήρω</em></strong></span> <span class='ocrx_word' id='word_1_327' title='bbox 639 2356 681 2397; x_wconf 81' lang='grc' dir='ltr'><strong>ἐν</strong></span> <span class='ocrx_word' id='word_1_328' title='bbox 702 2353 973 2410; x_wconf 81' lang='grc' dir='ltr'><strong><em>Επιγονοισιν,</em></strong></span> <span class='ocrx_word' id='word_1_329' title='bbox 1003 2359 1038 2398; x_wconf 84' lang='grc' dir='ltr'><strong><em>εἰ</em></strong></span> <span class='ocrx_word' id='word_1_330' title='bbox 1065 2356 1115 2410; x_wconf 81' lang='grc' dir='ltr'><strong>δη</strong></span> <span class='ocrx_word' id='word_1_331' title='bbox 1134 2361 1188 2413; x_wconf 80' lang='grc' dir='ltr'><strong>τῷ</strong></span> <span class='ocrx_word' id='word_1_332' title='bbox 1209 2356 1297 2398; x_wconf 83' lang='grc' dir='ltr'><strong><em>όντι</em></strong></span> <span class='ocrx_word' id='word_1_333' title='bbox 1319 2373 1361 2411; x_wconf 90' lang='grc' dir='ltr'><strong><em>γε</em></strong></span> <span class='ocrx_word' id='word_1_334' title='bbox 1388 2360 1544 2409; x_wconf 83' lang='grc' dir='ltr'><strong><em>Ομηρος</em></strong></span> <span class='ocrx_word' id='word_1_335' title='bbox 1560 2361 1683 2398; x_wconf 80' lang='grc' dir='ltr'><strong><em>ταῦτα</em></strong></span> <span class='ocrx_word' id='word_1_336' title='bbox 1701 2374 1752 2398; x_wconf 90' lang='grc' dir='ltr'><strong><em>τα</em></strong></span> 
     </span>
     <span class='ocr_line' id='line_1_43' title="bbox 311 2397 1752 2464; baseline 0.003 -17"><span class='ocrx_word' id='word_1_337' title='bbox 311 2407 404 2449; x_wconf 70' lang='grc' dir='ltr'><strong><em>ἔπεα</em></strong></span> <span class='ocrx_word' id='word_1_338' title='bbox 445 2397 614 2461; x_wconf 79' lang='grc' dir='ltr'><strong><em>ἐποίησε.</em></strong></span> <span class='ocrx_word' id='word_1_339' title='bbox 684 2413 762 2450; x_wconf 91' lang='lat' dir='ltr'><strong>Sed</strong></span> <span class='ocrx_word' id='word_1_340' title='bbox 790 2413 996 2464; x_wconf 81' lang='lat' dir='ltr'><strong>repudiavi</strong></span> <span class='ocrx_word' id='word_1_341' title='bbox 1028 2414 1215 2452; x_wconf 87' lang='lat' dir='ltr'><strong>continuo</strong></span> <span class='ocrx_word' id='word_1_342' title='bbox 1246 2414 1353 2451; x_wconf 89' lang='lat' dir='ltr'><strong>illam</strong></span> <span class='ocrx_word' id='word_1_343' title='bbox 1391 2414 1638 2463; x_wconf 80' lang='lat' dir='ltr'><strong>sententiam,</strong></span> <span class='ocrx_word' id='word_1_344' title='bbox 1683 2414 1752 2452; x_wconf 88' lang='lat' dir='ltr'><strong>ubi</strong></span> 
     </span>
     <span class='ocr_line' id='line_1_44' title="bbox 311 2465 1752 2521; baseline 0.004 -19"><span class='ocrx_word' id='word_1_345' title='bbox 311 2465 569 2505; x_wconf 80' lang='lat' dir='ltr'><strong>animadverti</strong></span> <span class='ocrx_word' id='word_1_346' title='bbox 599 2467 798 2519; x_wconf 85' lang='lat' dir='ltr'><strong>Epigonos</strong></span> <span class='ocrx_word' id='word_1_347' title='bbox 828 2482 908 2508; x_wconf 82' lang='lat' dir='ltr'><strong>esse</strong></span> <span class='ocrx_word' id='word_1_348' title='bbox 937 2468 1009 2519; x_wconf 76' lang='grc' dir='ltr'><strong>ἔπη</strong></span> <span class='ocrx_word' id='word_1_349' title='bbox 1037 2469 1104 2509; x_wconf 89' lang='grc' dir='ltr'><strong><em>καὶ</em></strong></span> <span class='ocrx_word' id='word_1_350' title='bbox 1132 2466 1205 2509; x_wconf 73' lang='grc' dir='ltr'><strong><em>οὐκ</em></strong></span> <span class='ocrx_word' id='word_1_351' title='bbox 1226 2466 1417 2521; x_wconf 80' lang='grc' dir='ltr'><strong><em>Ιᾶμβους,</em></strong></span> <span class='ocrx_word' id='word_1_352' title='bbox 1450 2482 1528 2506; x_wconf 84' lang='grc'>11011</span> <span class='ocrx_word' id='word_1_353' title='bbox 1553 2470 1752 2519; x_wconf 83' lang='lat' dir='ltr'><strong>Senarios,</strong></span> 
     </span>
     <span class='ocr_line' id='line_1_45' title="bbox 311 2520 1753 2577; baseline 0.006 -20"><span class='ocrx_word' id='word_1_354' title='bbox 311 2521 380 2558; x_wconf 83' lang='lat' dir='ltr'><strong>sed</strong></span> <span class='ocrx_word' id='word_1_355' title='bbox 409 2520 668 2561; x_wconf 83' lang='lat' dir='ltr'><strong>hexametros</strong></span> <span class='ocrx_word' id='word_1_356' title='bbox 726 2525 901 2577; x_wconf 87' lang='lat' dir='ltr'><strong>Scriptor</strong></span> <span class='ocrx_word' id='word_1_357' title='bbox 927 2525 1145 2562; x_wconf 84' lang='lat' dir='ltr'><strong>certaminis</strong></span> <span class='ocrx_word' id='word_1_358' title='bbox 1175 2524 1334 2563; x_wconf 86' lang='lat' dir='ltr'><strong>Homeri</strong></span> <span class='ocrx_word' id='word_1_359' title='bbox 1362 2530 1400 2562; x_wconf 87' lang='lat' dir='ltr'><strong>et</strong></span> <span class='ocrx_word' id='word_1_360' title='bbox 1427 2524 1605 2563; x_wconf 81' lang='lat' dir='ltr'><strong>Hesiodi:</strong></span> <span class='ocrx_word' id='word_1_361' title='bbox 1650 2527 1683 2565; x_wconf 92' lang='grc' dir='ltr'><strong><em>Ο</em></strong></span> <span class='ocrx_word' id='word_1_362' title='bbox 1708 2523 1753 2565; x_wconf 74' lang='grc' dir='ltr'><strong>δὲ</strong></span> 
     </span>
    </p>
   </div>
   <div class='ocr_carea' id='block_1_6' title="bbox 317 2576 1750 2633">
    <p class='ocr_par' dir='ltr' id='par_1_10' title="bbox 317 2576 1750 2633">
     <span class='ocr_line' id='line_1_46' title="bbox 317 2576 1750 2633; baseline 0.004 -17"><span class='ocrx_word' id='word_1_363' title='bbox 317 2576 477 2629; x_wconf 81' lang='grc' dir='ltr'><strong><em>Ομηρος</em></strong></span> <span class='ocrx_word' id='word_1_364' title='bbox 506 2594 709 2631; x_wconf 80' lang='grc' dir='ltr'><strong><em>αποτυχων</em></strong></span> <span class='ocrx_word' id='word_1_365' title='bbox 732 2584 803 2632; x_wconf 81' lang='grc' dir='ltr'><strong>τῆς</strong></span> <span class='ocrx_word' id='word_1_366' title='bbox 828 2582 962 2632; x_wconf 86' lang='grc' dir='ltr'><strong><em>νίκης,</em></strong></span> <span class='ocrx_word' id='word_1_367' title='bbox 1001 2577 1295 2633; x_wconf 86' lang='grc' dir='ltr'><strong><em>περιερχόμενος</em></strong></span> <span class='ocrx_word' id='word_1_368' title='bbox 1324 2579 1426 2633; x_wconf 76' lang='grc' dir='ltr'><strong><em>ἔλεγε</em></strong></span> <span class='ocrx_word' id='word_1_369' title='bbox 1449 2596 1497 2620; x_wconf 88' lang='grc' dir='ltr'><strong><em>τα</em></strong></span> <span class='ocrx_word' id='word_1_370' title='bbox 1530 2577 1750 2633; x_wconf 83' lang='grc' dir='ltr'><strong><em>ποιήματα·</em></strong></span> 
     </span>
    </p>
   </div>
   <div class='ocr_carea' id='block_1_7' title="bbox 310 2645 1543 2771">
    <p class='ocr_par' dir='ltr' id='par_1_11' title="bbox 310 2645 1530 2771">
     <span class='ocr_line' id='line_1_47' title="bbox 310 2645 1280 2703; baseline 0.004 -18"><span class='ocrx_word' id='word_1_371' title='bbox 310 2660 467 2700; x_wconf 81' lang='grc' dir='ltr'><strong><em>πρωτον</em></strong></span> <span class='ocrx_word' id='word_1_372' title='bbox 485 2646 557 2700; x_wconf 84' lang='grc' dir='ltr'><strong>μὲν</strong></span> <span class='ocrx_word' id='word_1_373' title='bbox 577 2664 648 2702; x_wconf 84' lang='grc' dir='ltr'><strong>την</strong></span> <span class='ocrx_word' id='word_1_374' title='bbox 669 2651 885 2702; x_wconf 81' lang='grc' dir='ltr'><strong><em>Θηβαίδα’</em></strong></span> <span class='ocrx_word' id='word_1_375' title='bbox 872 2650 946 2703; x_wconf 84' lang='grc' dir='ltr'><strong><em>ε’πη</em></strong></span> <span class='ocrx_word' id='word_1_376' title='bbox 976 2653 997 2699; x_wconf 84' lang='grc' dir='ltr'><em>ζ</em></span> <span class='ocrx_word' id='word_1_377' title='bbox 1002 2681 1013 2700; x_wconf 91' lang='grc'><strong><em>,</em></strong></span> <span class='ocrx_word' id='word_1_378' title='bbox 1042 2645 1092 2701; x_wconf 81' lang='grc' dir='ltr'><strong>ἧς</strong></span> <span class='ocrx_word' id='word_1_379' title='bbox 1114 2649 1144 2700; x_wconf 73' lang='grc' dir='ltr'><em>ἦ</em></span> <span class='ocrx_word' id='word_1_380' title='bbox 1162 2647 1280 2703; x_wconf 75' lang='grc' dir='ltr'><strong><em>ἆρχή,</em></strong></span> 
     </span>
     <span class='ocr_line' id='line_1_48' title="bbox 525 2716 1543 2771; baseline 0 -13"><span class='ocrx_word' id='word_1_381' title='bbox 525 2722 658 2771; x_wconf 81' lang='grc' dir='ltr'><strong><em>Αργος</em></strong></span> <span class='ocrx_word' id='word_1_382' title='bbox 677 2717 804 2769; x_wconf 70' lang='grc' dir='ltr'><strong><em>ἄειδε,</em></strong></span> <span class='ocrx_word' id='word_1_383' title='bbox 833 2718 930 2770; x_wconf 75' lang='grc' dir='ltr'><strong><em>θεοὶ,</em></strong></span> <span class='ocrx_word' id='word_1_384' title='bbox 960 2720 1221 2771; x_wconf 81' lang='grc' dir='ltr'><strong><em>πολυδίψιον·</em></strong></span> <span class='ocrx_word' id='word_1_385' title='bbox 1249 2717 1382 2759; x_wconf 74' lang='grc' dir='ltr'><strong><em>ἔνθα’</em></strong></span> <span class='ocrx_word' id='word_1_386' title='bbox 1366 2716 1543 2766; x_wconf 81' lang='grc' dir='ltr'><strong><em>α’νακτες.</em></strong></span> 
     </span>
    </p>
   </div>
   <div class='ocr_carea' id='block_1_8' title="bbox 307 2782 1750 2844">
    <p class='ocr_par' dir='ltr' id='par_1_12' title="bbox 307 2782 1750 2844">
     <span class='ocr_line' id='line_1_49' title="bbox 307 2782 1750 2844; baseline 0.002 -19"><span class='ocrx_word' id='word_1_387' title='bbox 307 2782 407 2826; x_wconf 82' lang='grc' dir='ltr'><strong><em>Εἶτα</em></strong></span> <span class='ocrx_word' id='word_1_388' title='bbox 418 2785 669 2841; x_wconf 75' lang='grc' dir='ltr'><strong><em>ἐπειγομένου</em></strong></span> <span class='ocrx_word' id='word_1_389' title='bbox 691 2790 792 2841; x_wconf 87' lang='lat' dir='ltr'><strong>(lege</strong></span> <span class='ocrx_word' id='word_1_390' title='bbox 809 2803 889 2828; x_wconf 87' lang='lat' dir='ltr'><strong>nou</strong></span> <span class='ocrx_word' id='word_1_391' title='bbox 902 2789 1124 2830; x_wconf 80' lang='lat' dir='ltr'><strong>dubitanter</strong></span> <span class='ocrx_word' id='word_1_392' title='bbox 1136 2786 1376 2844; x_wconf 76' lang='grc' dir='ltr'><strong><em>Επιγόνους)</em></strong></span> <span class='ocrx_word' id='word_1_393' title='bbox 1394 2788 1468 2842; x_wconf 74' lang='grc' dir='ltr'><strong>ἔπη</strong></span> <span class='ocrx_word' id='word_1_394' title='bbox 1485 2784 1574 2839; x_wconf 83' lang='grc' dir='ltr'><strong>ζων</strong></span> <span class='ocrx_word' id='word_1_395' title='bbox 1597 2806 1622 2830; x_wconf 80' lang='lat' dir='ltr'><strong>r</strong></span> <span class='ocrx_word' id='word_1_396' title='bbox 1637 2786 1750 2843; x_wconf 77' lang='grc' dir='ltr'><strong><em>αρχή,</em></strong></span> 
     </span>
    </p>
   </div>
  </div>
 </body>
</html>
