1838 3230
593 154 1070 205 ANNOTATIONES.
1456 158 1554 207 541

39 300 51 306 v·
100 277 199 323 ἑπτά
227 275 416 334 ἀστέρων,
442 274 603 330 καὶτῆς
619 270 789 329 μεγάλης
816 271 976 328 ἄρκτου.
1036 272 1235 313 cedrenus
1252 271 1372 312 habet
1388 277 1558 325 tantum,

99 337 168 380 τὸν
183 333 332 391 δρόμον
349 338 431 376 τῶν
450 331 547 376 §moi
561 334 784 384 πλανητῶν.

213 394 317 446 Peg.
335 395 444 437 ,176.
489 393 526 433 3.
582 383 881 443 πραισεντεύειν
910 385 986 442 γάρ
1018 386 1168 443 λέγεται
1204 384 1248 429 τὸ
1279 382 1558 440 παραμένειν.]

102 451 200 489 Cum
219 450 367 488 Nostro
393 448 508 488 etiam
537 445 605 485 hic
633 445 833 498 ineptiunt
855 445 1055 484 Cedrenus
1086 451 1123 483 et
1144 442 1364 484 Chr.·Alex.
1392 443 1559 492 Auctor,

99 501 325 560 πράσινον,
356 519 379 544 a
399 499 692 558 πραισεντεύειν
720 501 954 540 derivantes.
1013 498 1218 556 Πράσινος
1235 500 1339 540 enim
1360 505 1434 550 est,
1463 500 1559 538 Por-

99 575 253 611 raceus,
283 561 366 601 sive
386 561 505 599 Color
533 558 687 608 viridis,
717 559 843 610 qualis
863 558 974 610 porri
996 564 1065 599 est.

214 622 312 672 Pag.
344 620 437 661 176.
469 618 508 659 5.
535 612 581 656 τὸ
604 613 648 656 δὲ
667 613 834 656 Βένετον
852 612 1056 666 ἐκάλεσεν]
1085 614 1116 652 F
1119 612 1292 652 actiones
1309 611 1428 650 hasce
1449 612 1560 650 colo-

40 689 43 692 ⁴
99 675 211 715 ribus
230 674 428 727 dispares,
456 687 479 711 a
497 672 668 712 Romulo
690 671 911 722 institutas,
944 673 1180 722 Circnmque
1199 670 1331 722 ipsum
1351 669 1398 707 ab
1418 682 1464 707 eo
1489 682 1558 707 ex-

98 738 276 772 tructum
294 731 436 780 fuisse,
463 735 610 780 negant
628 728 786 768 eruditi.
844 729 1079 779 Spectacula
1107 728 1208 766 enim
1231 726 1350 774 haec,
1380 726 1558 764 Consua-

97 789 180 838 lia,
205 788 334 841 primo
367 801 390 825 a
419 786 608 833 Romulo3
650 785 813 834 deinde,
845 786 958 823 Circo
978 800 998 823 a
1023 783 1238 835 Tarquinio
1266 781 1400 821 Prisco
1420 788 1559 820 extru-

99 851 188 894 cto,
227 843 427 883 Circensia
452 843 558 882 dicta
590 848 693 880 sunt.
762 841 867 890 Quin
901 848 939 880 et
970 841 1119 894 apertis
1147 840 1297 891 campis
1336 853 1357 876 a
1388 839 1558 877 Romulo

99 901 297 940 celebrata
324 900 446 938 fuisse
471 905 642 938 testatur
671 898 947 947 Cassiodorus,
978 898 1047 950 qui
1073 897 1122 935 de
1145 895 1335 934 Oenomai
1353 895 1473 933 Ludis
1495 896 1558 932 lo-

98 964 230 1008 cutus,
264 955 372 1009 Quos
391 954 507 995 ludos
525 954 700 1008 (inquit)
726 965 859 1007 postea
881 953 1077 993 Romulus
1097 954 1138 991 in
1172 963 1288 1005 raptu
1306 950 1557 1002 Sabinarum,

98 1013 261 1054 necdum
281 1010 474 1068 fundatis
490 1011 694 1064 aedificiis,
726 1010 908 1050 ruraliter
931 1010 1136 1050 ostentavit
1157 1007 1302 1047 Italiae
1331 1013 1406 1046 etc.

213 1073 308 1122 Peg.
339 1071 431 1111 176.
462 1073 526 1113 18.
556 1064 682 1109 ἅπότε
700 1064 913 1120 ἐπενόησεν
928 1064 1062 1114 αὐτοῖς
1082 1063 1157 1118 τήν
1177 1067 1251 1105 τοῦ
1267 1066 1442 1105 Ιππικοῦ
1456 1062 1560 1105 θέαν

100 1124 123 1167 ὅ
143 1124 324 1179 Ροῖμος.]
349 1123 434 1164 Scr.
463 1121 586 1176 ἆφότε
615 1121 851 1175 ἐπενόησεν,
883 1130 959 1162 etc.
1018 1124 1225 1161 Caeterum
1254 1120 1353 1159 haec
1373 1120 1559 1160 mendose

97 1182 286 1234 leguntur
315 1181 423 1234 apud
451 1181 542 1221 Chr.
558 1181 672 1221 Alex.
692 1181 828 1220 Lectio
855 1181 1010 1233 itaque,
1038 1179 1099 1218 uti
1132 1185 1170 1218 et
1192 1177 1478 1230 interpunctio,
1509 1191 1560 1218 ex

98 1245 236 1279 nostro
260 1238 518 1279 restituenda.

210 1294 311 1348 Γᾶς.
344 1298 438 1338 177.
472 1298 537 1337 12.
576 1291 625 1343 ἃς
643 1288 801 1335 ἐκάλεσε
830 1290 1049 1344 Βρυτίδας]
1087 1286 1308 1346 Βρούτιδᾳς
1337 1290 1434 1342 legit
1467 1289 1559 1329 Chr.

98 1350 212 1392 Alex.
266 1351 348 1391 Has
368 1363 440 1401 ego
458 1363 592 1390 servas
611 1350 802 1389 foeminas
822 1363 905 1388 esse
928 1349 1110 1397 dixerim,
1141 1363 1163 1387 a
1183 1354 1296 1399 gente
1313 1347 1560 1397 munorum,

99 1409 158 1447 sic
176 1408 296 1460 dicta,
328 1408 438 1460 quod
456 1421 590 1447 eorum
609 1406 790 1460 plerique
811 1421 944 1445 omnes
967 1405 1124 1457 fugitivi
1144 1405 1248 1444 servi
1267 1405 1380 1442 initio
1400 1405 1560 1454 suerint,

99 1479 145 1504 ac
169 1465 287 1504 bruta
316 1478 430 1516 gens,
458 1464 663 1504 hominum
695 1463 920 1502 colluvione
949 1463 1052 1502 circa
1078 1461 1290 1501 Lucaniam
1318 1461 1562 1509 confluente3

97 1521 158 1561 uti
176 1522 314 1561 asserit
332 1521 499 1562 Diodor.
518 1522 640 1560 Sicul.
658 1520 746 1560 Bib.
763 1519 864 1559 Hist.
884 1521 910 1558 1.
931 1524 994 1563 16.
1023 1517 1208 1558 Brutides
1228 1512 1357 1556 autem
1377 1518 1562 1556 mulieres

98 1577 307 1627 dicuntum
334 1585 379 1617 ut
405 1577 691 1631 Prophetides;
732 1583 833 1616 teste
853 1576 996 1615 Suida:
1025 1571 1251 1626 Βρούτιδες.
1287 1578 1472 1628 γυναῖκες
1489 1571 1557 1615 οὔ·

98 1649 154 1676 τω
173 1632 429 1687 καλούμεναι,
463 1634 587 1676 οἱονεὶ
604 1630 811 1685 Σιβύλλαι,
839 1632 908 1673 καὶ
930 1629 1188 1686 προφήτιδες.
1443 1626 1447 1631 ’

214 1693 310 1744 Pag.
345 1694 438 1733 177.
471 1694 538 1733 17.
568 1687 695 1741 ἐδόθη
721 1686 827 1744 αὐτῷ
847 1688 871 1729 o‘
891 1685 1087 1741 χρησμός,
1117 1684 1216 1728 ὥστε
1239 1685 1476 1739 ἐπιτελέσαι]
1507 1687 1558 1725 01)

97 1747 179 1786 hoc
199 1747 415 1786 Consilium
437 1747 486 1785 ab
508 1747 678 1785 Oraculo
699 1746 884 1794 Romulo,
902 1745 1010 1784 hisce
1030 1744 1219 1794 angustiis
1238 1744 1382 1796 posit0,
1403 1743 1558 1793 datum,

100 1803 311 1843 Consualia
330 1802 430 1842 haec
458 1803 674 1842 certamina
694 1802 833 1851 Consi,
862 1801 906 1839 id
925 1808 1003 1849 est,
1035 1801 1196 1839 Consilii
1219 1801 1288 1838 Dei
1308 1800 1349 1838 in
1365 1799 1558 1839 honorem

100 1860 330 1900 celebravit.
387 1859 567 1899 Valerius
587 1860 616 1899 l.
638 1863 677 1902 2.
700 1872 733 1900 c.
753 1862 789 1900 1.
809 1858 858 1896 de
875 1858 1047 1897 Institut.
1069 1857 1190 1908 antiq.
1213 1855 1394 1898 Circense
1406 1867 1558 1909 specia-

100 1915 231 1957 culum
257 1917 407 1970 primus
436 1914 650 1961 Romulus,
681 1915 804 1967 raptis
835 1913 1066 1967 Virginibus
1087 1912 1268 1962 Sabinis,
1303 1912 1555 1952 Consualium

32 1991 35 1993 ¹
98 1974 253 2012 nomine
267 1970 484 2013 celebravit.
545 1974 695 2011 Consus
714 1985 823 2019 vero,
854 1971 957 2010 idem
976 1971 1044 2022 qui
1064 1971 1287 2022 Neptunus:
1321 1969 1429 2008 haud.
1447 1977 1555 2009 recte

97 2030 234 2081 itaque
255 2029 408 2067 Auctor
430 2035 581 2078 noster,
609 2028 711 2066 Solis
736 2028 777 2066 in
797 2027 990 2067 honorem
1009 2042 1031 2066 a
1050 2027 1218 2066 Romulo
1235 2026 1415 2066 instituta
1434 2027 1557 2066 fuisse

98 2085 199 2125 haec
218 2085 443 2134 certamina,
475 2099 595 2138 supra
617 2084 793 2123 affirmat.

214 2145 308 2196 Pag·
338 2145 432 2185 178.
464 2145 529 2186 13.
575 2137 763 2188 &saites
782 2137 826 2181 δὲ
855 2139 923 2182 καὶ
951 2140 1117 2189 Πλίνιος
1139 2145 1213 2179 etc.
1250 2137 1397 2192 ὁμοίως
1426 2139 1468 2179 δε
1487 2138 1557 2179 καὶ

99 2198 256 2251 Λίβιος.
310 2198 544 2238 Latinorum
572 2199 822 2250 Scriptorum
854 2198 1014 2237 nomina
1041 2198 1117 2236 ista
1148 2195 1239 2236 Chr.
1257 2197 1369 2234 Alex.
1401 2195 1557 2234 auctori

98 2268 240 2307 parum
260 2262 354 2294 nota
373 2255 494 2295 fuisse
508 2255 717 2304 videntur3
746 2254 916 2306 ideoque
935 2268 1011 2307 pro
1029 2254 1156 2294 Plinio
1179 2252 1450 2307 Apollonium,
1480 2265 1555 2304 pro

99 2311 227 2362 Livio,
255 2312 436 2363 Silvium,
463 2312 595 2352 nescio
617 2325 716 2364 quos
740 2311 962 2363 supposuit.

211 2366 310 2420 Peg.
345 2372 436 2412 178.
467 2372 532 2412 16.
582 2369 639 2417 εἰς
665 2364 944 2422 Βούρδωνας.]
976 2366 1024 2407 In
1039 2365 1243 2415 Βανᾶοηε,
1271 2364 1391 2403 vertit
1411 2363 1556 2403 Rader.

102 2437 150 2462 ac
179 2424 213 2462 si
237 2438 378 2464 nomen
396 2426 477 2464 loci
497 2431 609 2465 esset.
664 2425 748 2475 Ego
768 2437 866 2464 vero
895 2425 1131 2463 vocabulum
1154 2422 1233 2462 hoc
1258 2421 1443 2460 Latinum
1471 2434 1556 2460 esse

100 2485 201 2532 puto
231 2486 269 2519 et
285 2477 477 2534 ἡμιόνους
507 2481 665 2521 Graecis
687 2494 846 2531 sonare,
888 2480 932 2519 id
952 2487 1011 2520 est
1038 2479 1181 2529 Malis,
1217 2478 1320 2517 sicut
1340 2482 1378 2520 2.
1398 2478 1492 2527 Reg.
1513 2478 1555 2520 5.

103 2539 169 2578 17.
190 2535 259 2575 ubi
275 2538 450 2589 vulgaris
473 2539 678 2577 translatio
698 2537 830 2588 habet,
860 2535 1016 2578 obsecro
1039 2534 1204 2577 concede
1220 2533 1329 2582 mihi,
1356 2543 1398 2572 ut
1414 2531 1554 2573 tollam

101 2607 200 2631 onus
218 2590 379 2633 duorum
402 2593 645 2647 burdonum3
681 2600 859 2647 septuag.
882 2593 1024 2633 habet:
1063 2588 1226 2644 δοθήτω
1248 2593 1305 2645 τῷ
1327 2586 1458 2631 δούλω
1480 2602 1553 2630 σου

100 2644 226 2702 Τόμος
246 2645 403 2702 ζεύγους
421 2647 613 2704 ἡμιόνων.
655 2651 861 2690 Probabile
889 2658 1019 2689 autem
1040 2656 1109 2698 est,
1143 2649 1353 2686 Auctorem
1373 2652 1554 2685 nostrum

100 2703 153 2743 ad
181 2704 314 2743 locum
340 2706 454 2746 illum
484 2708 613 2747 Servii
634 2708 675 2746 in
705 2708 840 2759 virgil.
861 2706 1022 2746 Aeneid.
1039 2707 1065 2745 l.
1088 2708 1127 2748 8.
1153 2705 1395 2756 respexisse3
1422 2703 1490 2742 ubi
1509 2702 1553 2741 in

99 2759 200 2799 haec
227 2761 349 2801 verba
377 2762 541 2816 Magnis
575 2763 817 2803 Circensibus
845 2764 968 2812 actis,
1023 2762 1121 2801 haec
1149 2760 1269 2800 habet
1294 2759 1548 2799 scholiastes:

101 2816 290 2871 Magnis,
319 2829 506 2873 quantum
523 2818 579 2859 αᾶ
601 2829 865 2875 paupertatem
884 2820 1087 2874 pristinam
1102 2819 1275 2872 pertinet.
1331 2815 1438 2857 Nam
1455 2814 1551 2869 legi-
