<?xml version="1.0" encoding="UTF-8"?>
<!DOCTYPE html PUBLIC "-//W3C//DTD XHTML 1.0 Transitional//EN"
    "http://www.w3.org/TR/xhtml1/DTD/xhtml1-transitional.dtd">
<html xmlns="http://www.w3.org/1999/xhtml" xml:lang="en" lang="en">
 <head>
  <title>
</title>
<meta http-equiv="Content-Type" content="text/html;charset=utf-8" />
  <meta name='ocr-system' content='tesseract 3.04.00' />
  <meta name='ocr-capabilities' content='ocr_page ocr_carea ocr_par ocr_line ocrx_word'/>
</head>
<body>
  <div class='ocr_page' id='page_1' title='image "./corpusscriptorum28niebuoft_0066.png"; bbox 0 0 1838 3230; ppageno 0'>
   <div class='ocr_carea' id='block_1_1' title="bbox 290 167 1255 216">
    <p class='ocr_par' dir='ltr' id='par_1_1' title="bbox 290 167 1255 216">
     <span class='ocr_line' id='line_1_1' title="bbox 290 167 1255 216; baseline -0.002 -3"><span class='ocrx_word' id='word_1_1' title='bbox 290 187 388 216; x_wconf 80' lang='lat' dir='ltr'><strong>Lxu</strong></span> <span class='ocrx_word' id='word_1_2' title='bbox 801 167 1255 214; x_wconf 85' lang='lat' dir='ltr'><strong>PROLEGOMENA.</strong></span> 
     </span>
    </p>
   </div>
   <div class='ocr_carea' id='block_1_2' title="bbox 286 283 1761 679">
    <p class='ocr_par' dir='ltr' id='par_1_2' title="bbox 286 283 1761 679">
     <span class='ocr_line' id='line_1_2' title="bbox 288 283 1759 335; baseline 0.002 -13"><span class='ocrx_word' id='word_1_3' title='bbox 288 283 516 323; x_wconf 79' lang='lat' dir='ltr'><strong>Tractatum</strong></span> <span class='ocrx_word' id='word_1_4' title='bbox 545 283 686 335; x_wconf 89' lang='lat' dir='ltr'><strong>istum,</strong></span> <span class='ocrx_word' id='word_1_5' title='bbox 716 283 778 324; x_wconf 88' lang='lat' dir='ltr'><strong>Jo.</strong></span> <span class='ocrx_word' id='word_1_6' title='bbox 796 283 1037 323; x_wconf 77' lang='lat' dir='ltr'><strong>Damasoem‘</strong></span> <span class='ocrx_word' id='word_1_7' title='bbox 1069 285 1227 324; x_wconf 87' lang='lat' dir='ltr'><strong>nomine</strong></span> <span class='ocrx_word' id='word_1_8' title='bbox 1257 285 1358 324; x_wconf 81' lang='lat' dir='ltr'><strong>falso</strong></span> <span class='ocrx_word' id='word_1_9' title='bbox 1390 285 1591 334; x_wconf 80' lang='lat' dir='ltr'><strong>denotari;</strong></span> <span class='ocrx_word' id='word_1_10' title='bbox 1619 290 1664 325; x_wconf 80' lang='lat' dir='ltr'><strong>ut</strong></span> <span class='ocrx_word' id='word_1_11' title='bbox 1692 285 1759 325; x_wconf 77' lang='lat' dir='ltr'><strong>alii</strong></span> 
     </span>
     <span class='ocr_line' id='line_1_3' title="bbox 288 351 1759 406; baseline 0.002 -16"><span class='ocrx_word' id='word_1_12' title='bbox 288 357 382 390; x_wconf 77' lang='lat' dir='ltr'><strong>aunt</strong></span> <span class='ocrx_word' id='word_1_13' title='bbox 399 352 500 390; x_wconf 81' lang='lat' dir='ltr'><strong>varii</strong></span> <span class='ocrx_word' id='word_1_14' title='bbox 521 351 570 391; x_wconf 86' lang='lat' dir='ltr'><strong>de</strong></span> <span class='ocrx_word' id='word_1_15' title='bbox 594 352 730 391; x_wconf 85' lang='lat' dir='ltr'><strong>eodem</strong></span> <span class='ocrx_word' id='word_1_16' title='bbox 762 351 1001 403; x_wconf 80' lang='lat' dir='ltr'><strong>Argumento</strong></span> <span class='ocrx_word' id='word_1_17' title='bbox 1022 353 1229 391; x_wconf 84' lang='lat' dir='ltr'><strong>Tractatus</strong></span> <span class='ocrx_word' id='word_1_18' title='bbox 1251 354 1288 391; x_wconf 91' lang='lat' dir='ltr'><strong>ei</strong></span> <span class='ocrx_word' id='word_1_19' title='bbox 1310 352 1409 391; x_wconf 82' lang='lat' dir='ltr'><strong>falso</strong></span> <span class='ocrx_word' id='word_1_20' title='bbox 1433 353 1620 406; x_wconf 71' lang='lat' dir='ltr'><strong>ascripti3</strong></span> <span class='ocrx_word' id='word_1_21' title='bbox 1653 363 1759 393; x_wconf 79' lang='lat' dir='ltr'><strong>nem·</strong></span> 
     </span>
     <span class='ocr_line' id='line_1_4' title="bbox 287 419 1761 473; baseline 0.001 -14"><span class='ocrx_word' id='word_1_22' title='bbox 287 433 338 472; x_wconf 88' lang='lat' dir='ltr'><strong>pe</strong></span> <span class='ocrx_word' id='word_1_23' title='bbox 361 420 565 459; x_wconf 80' lang='lat' dir='ltr'><strong>Graeculis</strong></span> <span class='ocrx_word' id='word_1_24' title='bbox 584 420 832 473; x_wconf 88' lang='lat' dir='ltr'><strong>sequioribus</strong></span> <span class='ocrx_word' id='word_1_25' title='bbox 859 419 920 458; x_wconf 91' lang='lat' dir='ltr'><strong>illi</strong></span> <span class='ocrx_word' id='word_1_26' title='bbox 935 419 1200 459; x_wconf 72' lang='lat' dir='ltr'><strong>tribuentibus</strong></span> <span class='ocrx_word' id='word_1_27' title='bbox 1223 421 1412 473; x_wconf 87' lang='lat' dir='ltr'><strong>quicquid</strong></span> <span class='ocrx_word' id='word_1_28' title='bbox 1433 421 1515 461; x_wconf 83' lang='lat' dir='ltr'><strong>sere</strong></span> <span class='ocrx_word' id='word_1_29' title='bbox 1535 420 1761 462; x_wconf 74' lang='lat' dir='ltr'><strong>habuerunt</strong></span> 
     </span>
     <span class='ocr_line' id='line_1_5' title="bbox 287 486 1759 542; baseline 0.001 -16"><span class='ocrx_word' id='word_1_30' title='bbox 287 501 362 541; x_wconf 84' lang='lat' dir='ltr'><strong>pro</strong></span> <span class='ocrx_word' id='word_1_31' title='bbox 389 487 572 527; x_wconf 86' lang='lat' dir='ltr'><strong>doctrina</strong></span> <span class='ocrx_word' id='word_1_32' title='bbox 607 486 875 527; x_wconf 77' lang='lat' dir='ltr'><strong>Iconolatriae</strong></span> <span class='ocrx_word' id='word_1_33' title='bbox 906 487 957 526; x_wconf 86' lang='lat' dir='ltr'><strong>ab</strong></span> <span class='ocrx_word' id='word_1_34' title='bbox 987 487 1203 527; x_wconf 87' lang='lat' dir='ltr'><strong>Autoribus</strong></span> <span class='ocrx_word' id='word_1_35' title='bbox 1231 488 1436 541; x_wconf 77' lang='lat' dir='ltr'>anonymis</span> <span class='ocrx_word' id='word_1_36' title='bbox 1474 488 1759 542; x_wconf 78' lang='lat' dir='ltr'><strong>conscriptum,</strong></span> 
     </span>
     <span class='ocr_line' id='line_1_6' title="bbox 286 554 1760 609; baseline 0.002 -16"><span class='ocrx_word' id='word_1_37' title='bbox 286 561 452 607; x_wconf 87' lang='lat' dir='ltr'><strong>propter</strong></span> <span class='ocrx_word' id='word_1_38' title='bbox 476 556 628 594; x_wconf 88' lang='lat' dir='ltr'>Nomen</span> <span class='ocrx_word' id='word_1_39' title='bbox 650 569 834 607; x_wconf 87' lang='lat' dir='ltr'><strong>magnum</strong></span> <span class='ocrx_word' id='word_1_40' title='bbox 869 555 976 607; x_wconf 88' lang='lat' dir='ltr'><strong>quod</strong></span> <span class='ocrx_word' id='word_1_41' title='bbox 996 554 1217 609; x_wconf 78' lang='lat' dir='ltr'><strong>Imaginum</strong></span> <span class='ocrx_word' id='word_1_42' title='bbox 1239 557 1475 596; x_wconf 83' lang='lat' dir='ltr'><strong>Defensione</strong></span> <span class='ocrx_word' id='word_1_43' title='bbox 1500 557 1534 596; x_wconf 89' lang='lat' dir='ltr'><strong>is</strong></span> <span class='ocrx_word' id='word_1_44' title='bbox 1556 556 1631 596; x_wconf 81' lang='lat' dir='ltr'><strong>sibi</strong></span> <span class='ocrx_word' id='word_1_45' title='bbox 1653 568 1760 596; x_wconf 86' lang='lat' dir='ltr'><strong>com-</strong></span> 
     </span>
     <span class='ocr_line' id='line_1_7' title="bbox 287 622 1760 679; baseline 0.003 -19"><span class='ocrx_word' id='word_1_46' title='bbox 287 629 458 674; x_wconf 86' lang='lat' dir='ltr'><strong>pararat.</strong></span> <span class='ocrx_word' id='word_1_47' title='bbox 520 623 576 660; x_wconf 92' lang='lat' dir='ltr'><strong>De</strong></span> <span class='ocrx_word' id='word_1_48' title='bbox 606 622 855 661; x_wconf 86' lang='lat' dir='ltr'><strong>Tractatibus</strong></span> <span class='ocrx_word' id='word_1_49' title='bbox 881 624 966 662; x_wconf 86' lang='lat' dir='ltr'><strong>istis</strong></span> <span class='ocrx_word' id='word_1_50' title='bbox 984 623 1136 674; x_wconf 85' lang='lat' dir='ltr'><strong>Variis,</strong></span> <span class='ocrx_word' id='word_1_51' title='bbox 1169 630 1206 663; x_wconf 86' lang='lat' dir='ltr'><strong>et</strong></span> <span class='ocrx_word' id='word_1_52' title='bbox 1229 623 1326 675; x_wconf 89' lang='lat' dir='ltr'><strong>quid</strong></span> <span class='ocrx_word' id='word_1_53' title='bbox 1350 624 1465 663; x_wconf 88' lang='lat' dir='ltr'><strong>nobis</strong></span> <span class='ocrx_word' id='word_1_54' title='bbox 1488 630 1675 679; x_wconf 76' lang='lat' dir='ltr'><strong>suppetat</strong></span> <span class='ocrx_word' id='word_1_55' title='bbox 1695 637 1760 665; x_wconf 76' lang='lat' dir='ltr'><strong>ar-</strong></span> 
     </span>
    </p>
   </div>
   <div class='ocr_carea' id='block_1_3' title="bbox 289 690 1760 811">
    <p class='ocr_par' dir='ltr' id='par_1_3' title="bbox 289 690 1760 811">
     <span class='ocr_line' id='line_1_8' title="bbox 290 690 1760 743; baseline 0.005 -17"><span class='ocrx_word' id='word_1_56' title='bbox 290 690 460 740; x_wconf 84' lang='lat' dir='ltr'><strong>gumenti</strong></span> <span class='ocrx_word' id='word_1_57' title='bbox 478 690 690 741; x_wconf 86' lang='lat' dir='ltr'><strong>peculiaris</strong></span> <span class='ocrx_word' id='word_1_58' title='bbox 716 696 853 728; x_wconf 86' lang='lat' dir='ltr'><strong>contra</strong></span> <span class='ocrx_word' id='word_1_59' title='bbox 874 690 1038 730; x_wconf 87' lang='lat' dir='ltr'><strong>Librum</strong></span> <span class='ocrx_word' id='word_1_60' title='bbox 1064 692 1336 743; x_wconf 87' lang='lat' dir='ltr'><strong>praedictum,</strong></span> <span class='ocrx_word' id='word_1_61' title='bbox 1365 691 1546 732; x_wconf 75' lang='lat' dir='ltr'><strong>videatur</strong></span> <span class='ocrx_word' id='word_1_62' title='bbox 1565 693 1605 733; x_wconf 90' lang='lat' dir='ltr'><strong>in</strong></span> <span class='ocrx_word' id='word_1_63' title='bbox 1624 699 1760 732; x_wconf 82' lang='lat' dir='ltr'><strong>nostra</strong></span> 
     </span>
     <span class='ocr_line' id='line_1_9' title="bbox 289 755 1045 811; baseline 0.004 -16"><span class='ocrx_word' id='word_1_64' title='bbox 289 756 476 795; x_wconf 78' lang='lat' dir='ltr'><strong>Diatriba</strong></span> <span class='ocrx_word' id='word_1_65' title='bbox 502 755 548 795; x_wconf 80' lang='lat' dir='ltr'><strong>de</strong></span> <span class='ocrx_word' id='word_1_66' title='bbox 569 756 713 811; x_wconf 79' lang='lat' dir='ltr'><strong>Scripi.</strong></span> <span class='ocrx_word' id='word_1_67' title='bbox 737 756 896 798; x_wconf 78' lang='lat' dir='ltr'><strong>Graecis</strong></span> <span class='ocrx_word' id='word_1_68' title='bbox 914 759 1045 799; x_wconf 74' lang='lat' dir='ltr'><strong>variis.</strong></span> 
     </span>
    </p>
   </div>
   <div class='ocr_carea' id='block_1_4' title="bbox 288 825 1761 1083">
    <p class='ocr_par' dir='ltr' id='par_1_4' title="bbox 288 825 1761 1083">
     <span class='ocr_line' id='line_1_10' title="bbox 401 825 1761 878; baseline 0.001 -14"><span class='ocrx_word' id='word_1_69' title='bbox 401 825 589 865; x_wconf 85' lang='lat' dir='ltr'>XXXIII.</span> <span class='ocrx_word' id='word_1_70' title='bbox 648 826 769 873; x_wconf 89' lang='lat' dir='ltr'><strong>Quod</strong></span> <span class='ocrx_word' id='word_1_71' title='bbox 789 826 840 865; x_wconf 87' lang='lat' dir='ltr'><strong>ad</strong></span> <span class='ocrx_word' id='word_1_72' title='bbox 864 825 1044 866; x_wconf 78' lang='lat' dir='ltr'><strong>ultimum</strong></span> <span class='ocrx_word' id='word_1_73' title='bbox 1062 827 1347 878; x_wconf 73' lang='lat' dir='ltr'><strong>Argumentum</strong></span> <span class='ocrx_word' id='word_1_74' title='bbox 1373 827 1422 867; x_wconf 83' lang='lat' dir='ltr'><strong>de</strong></span> <span class='ocrx_word' id='word_1_75' title='bbox 1446 825 1638 868; x_wconf 72' lang='lat' dir='ltr'><strong>Chronico</strong></span> <span class='ocrx_word' id='word_1_76' title='bbox 1655 825 1761 867; x_wconf 75' lang='lat' dir='ltr'><strong>Ale-</strong></span> 
     </span>
     <span class='ocr_line' id='line_1_11' title="bbox 290 891 1761 948; baseline 0.001 -17"><span class='ocrx_word' id='word_1_77' title='bbox 290 891 515 944; x_wconf 77' lang='lat' dir='ltr'><strong>xandrino,</strong></span> <span class='ocrx_word' id='word_1_78' title='bbox 548 893 661 947; x_wconf 87' lang='lat' dir='ltr'><strong>cujus</strong></span> <span class='ocrx_word' id='word_1_79' title='bbox 683 894 809 932; x_wconf 74' lang='lat' dir='ltr'><strong>Autor</strong></span> <span class='ocrx_word' id='word_1_80' title='bbox 835 896 956 946; x_wconf 87' lang='lat' dir='ltr'><strong>vulgo</strong></span> <span class='ocrx_word' id='word_1_81' title='bbox 977 901 1159 934; x_wconf 87' lang='lat' dir='ltr'><strong>censetur</strong></span> <span class='ocrx_word' id='word_1_82' title='bbox 1188 895 1260 932; x_wconf 87' lang='lat' dir='ltr'><strong>sub</strong></span> <span class='ocrx_word' id='word_1_83' title='bbox 1278 895 1459 934; x_wconf 83' lang='lat' dir='ltr'><strong>Heraclio</strong></span> <span class='ocrx_word' id='word_1_84' title='bbox 1478 896 1576 948; x_wconf 85' lang='lat' dir='ltr'>Imp.</span> <span class='ocrx_word' id='word_1_85' title='bbox 1597 895 1761 947; x_wconf 74' lang='lat' dir='ltr'><strong>vixisse,</strong></span> 
     </span>
     <span class='ocr_line' id='line_1_12' title="bbox 290 962 1760 1017; baseline 0.002 -18"><span class='ocrx_word' id='word_1_86' title='bbox 290 968 329 1000; x_wconf 89' lang='lat' dir='ltr'><strong>et</strong></span> <span class='ocrx_word' id='word_1_87' title='bbox 359 975 493 1000; x_wconf 87' lang='lat' dir='ltr'><strong>eorum</strong></span> <span class='ocrx_word' id='word_1_88' title='bbox 521 975 621 1014; x_wconf 85' lang='lat' dir='ltr'><strong>quae</strong></span> <span class='ocrx_word' id='word_1_89' title='bbox 652 962 773 1000; x_wconf 82' lang='lat' dir='ltr'><strong>tradit</strong></span> <span class='ocrx_word' id='word_1_90' title='bbox 802 962 990 1015; x_wconf 84' lang='lat' dir='ltr'><strong>pleraque</strong></span> <span class='ocrx_word' id='word_1_91' title='bbox 1025 977 1075 1002; x_wconf 84' lang='lat' dir='ltr'><strong>ex</strong></span> <span class='ocrx_word' id='word_1_92' title='bbox 1105 968 1241 1001; x_wconf 89' lang='lat' dir='ltr'><strong>nostro</strong></span> <span class='ocrx_word' id='word_1_93' title='bbox 1269 962 1416 1002; x_wconf 80' lang='lat' dir='ltr'><strong>Autore</strong></span> <span class='ocrx_word' id='word_1_94' title='bbox 1445 962 1760 1017; x_wconf 78' lang='lat' dir='ltr'><strong>deprompsisse5</strong></span> 
     </span>
     <span class='ocr_line' id='line_1_13' title="bbox 288 1029 1761 1083; baseline 0.001 -16"><span class='ocrx_word' id='word_1_95' title='bbox 288 1030 332 1068; x_wconf 87' lang='lat' dir='ltr'><strong>id</strong></span> <span class='ocrx_word' id='word_1_96' title='bbox 363 1043 522 1082; x_wconf 89' lang='lat' dir='ltr'><strong>quoque</strong></span> <span class='ocrx_word' id='word_1_97' title='bbox 547 1029 717 1068; x_wconf 74' lang='lat' dir='ltr'><strong>admittit</strong></span> <span class='ocrx_word' id='word_1_98' title='bbox 745 1031 993 1083; x_wconf 83' lang='lat' dir='ltr'><strong>Responsum</strong></span> <span class='ocrx_word' id='word_1_99' title='bbox 1016 1030 1182 1083; x_wconf 81' lang='lat' dir='ltr'><strong>duplex.</strong></span> <span class='ocrx_word' id='word_1_100' title='bbox 1237 1030 1337 1068; x_wconf 91' lang='lat' dir='ltr'><strong>Nam</strong></span> <span class='ocrx_word' id='word_1_101' title='bbox 1369 1031 1519 1083; x_wconf 88' lang='lat' dir='ltr'><strong>primo,</strong></span> <span class='ocrx_word' id='word_1_102' title='bbox 1549 1032 1584 1071; x_wconf 89' lang='lat' dir='ltr'><strong>si</strong></span> <span class='ocrx_word' id='word_1_103' title='bbox 1611 1031 1761 1080; x_wconf 85' lang='lat' dir='ltr'><strong>demus,</strong></span> 
     </span>
    </p>
   </div>
   <div class='ocr_carea' id='block_1_5' title="bbox 290 1095 1838 1154">
    <p class='ocr_par' dir='ltr' id='par_1_5' title="bbox 290 1095 1838 1154">
     <span class='ocr_line' id='line_1_14' title="bbox 290 1095 1838 1154; baseline 0.003 -20"><span class='ocrx_word' id='word_1_104' title='bbox 290 1095 431 1151; x_wconf 90' lang='lat' dir='ltr'><strong>(quod</strong></span> <span class='ocrx_word' id='word_1_105' title='bbox 461 1097 585 1147; x_wconf 83' lang='lat' dir='ltr'><strong>aliqui</strong></span> <span class='ocrx_word' id='word_1_106' title='bbox 613 1104 742 1136; x_wconf 84' lang='lat' dir='ltr'><strong>tamen</strong></span> <span class='ocrx_word' id='word_1_107' title='bbox 775 1099 903 1149; x_wconf 84' lang='lat' dir='ltr'><strong>magni</strong></span> <span class='ocrx_word' id='word_1_108' title='bbox 938 1099 1106 1137; x_wconf 84' lang='lat' dir='ltr'><strong>nominis</strong></span> <span class='ocrx_word' id='word_1_109' title='bbox 1141 1098 1223 1137; x_wconf 86' lang='lat' dir='ltr'><strong>Viri</strong></span> <span class='ocrx_word' id='word_1_110' title='bbox 1251 1097 1512 1154; x_wconf 85' lang='lat' dir='ltr'><strong>addubitant)</strong></span> <span class='ocrx_word' id='word_1_111' title='bbox 1540 1099 1588 1137; x_wconf 91' lang='lat' dir='ltr'><strong>ab</strong></span> <span class='ocrx_word' id='word_1_112' title='bbox 1614 1098 1763 1138; x_wconf 79' lang='lat' dir='ltr'><strong>Autore</strong></span> <span class='ocrx_word' id='word_1_113' title='bbox 1835 1136 1838 1138; x_wconf 78' lang='grc'><em>,</em></span> 
     </span>
    </p>
   </div>
   <div class='ocr_carea' id='block_1_6' title="bbox 288 1164 1803 2848">
    <p class='ocr_par' dir='ltr' id='par_1_6' title="bbox 288 1164 1803 2848">
     <span class='ocr_line' id='line_1_15' title="bbox 290 1164 1763 1218; baseline 0.001 -16"><span class='ocrx_word' id='word_1_114' title='bbox 290 1164 362 1203; x_wconf 90' lang='lat' dir='ltr'><strong>sub</strong></span> <span class='ocrx_word' id='word_1_115' title='bbox 390 1165 574 1204; x_wconf 86' lang='lat' dir='ltr'><strong>Heraclio</strong></span> <span class='ocrx_word' id='word_1_116' title='bbox 601 1165 767 1205; x_wconf 83' lang='lat' dir='ltr'><strong>florente</strong></span> <span class='ocrx_word' id='word_1_117' title='bbox 799 1167 849 1205; x_wconf 87' lang='lat' dir='ltr'><strong>ad</strong></span> <span class='ocrx_word' id='word_1_118' title='bbox 873 1166 986 1205; x_wconf 87' lang='lat' dir='ltr'><strong>finem</strong></span> <span class='ocrx_word' id='word_1_119' title='bbox 1010 1167 1133 1204; x_wconf 89' lang='lat' dir='ltr'><strong>fuisse</strong></span> <span class='ocrx_word' id='word_1_120' title='bbox 1157 1166 1370 1218; x_wconf 84' lang='lat' dir='ltr'><strong>perductos</strong></span> <span class='ocrx_word' id='word_1_121' title='bbox 1389 1164 1601 1207; x_wconf 76' lang='lat' dir='ltr'><strong>Paschalis</strong></span> <span class='ocrx_word' id='word_1_122' title='bbox 1619 1166 1763 1205; x_wconf 82' lang='lat' dir='ltr'><strong>Nume-</strong></span> 
     </span>
     <span class='ocr_line' id='line_1_16' title="bbox 289 1233 1763 1287; baseline 0.001 -17"><span class='ocrx_word' id='word_1_123' title='bbox 289 1246 379 1283; x_wconf 86' lang='lat' dir='ltr'><strong>ros,</strong></span> <span class='ocrx_word' id='word_1_124' title='bbox 410 1233 655 1284; x_wconf 81' lang='lat' dir='ltr'><strong>quis·tamen</strong></span> <span class='ocrx_word' id='word_1_125' title='bbox 686 1235 901 1286; x_wconf 81' lang='lat' dir='ltr'><strong>praestabit</strong></span> <span class='ocrx_word' id='word_1_126' title='bbox 929 1249 950 1273; x_wconf 89' lang='lat' dir='ltr'><strong>a</strong></span> <span class='ocrx_word' id='word_1_127' title='bbox 983 1233 1292 1287; x_wconf 87' lang='lat' dir='ltr'><strong>Chronographo</strong></span> <span class='ocrx_word' id='word_1_128' title='bbox 1323 1234 1433 1287; x_wconf 83' lang='lat' dir='ltr'><strong>ipso,</strong></span> <span class='ocrx_word' id='word_1_129' title='bbox 1465 1240 1504 1273; x_wconf 89' lang='lat' dir='ltr'><strong>et</strong></span> <span class='ocrx_word' id='word_1_130' title='bbox 1532 1248 1613 1273; x_wconf 87' lang='lat' dir='ltr'><strong>non</strong></span> <span class='ocrx_word' id='word_1_131' title='bbox 1640 1234 1688 1273; x_wconf 84' lang='lat' dir='ltr'><strong>ab</strong></span> <span class='ocrx_word' id='word_1_132' title='bbox 1715 1234 1763 1273; x_wconf 87' lang='lat' dir='ltr'><strong>il-</strong></span> 
     </span>
     <span class='ocr_line' id='line_1_17' title="bbox 288 1299 1765 1354; baseline 0.003 -18"><span class='ocrx_word' id='word_1_133' title='bbox 288 1299 364 1337; x_wconf 88' lang='lat' dir='ltr'><strong>lius</strong></span> <span class='ocrx_word' id='word_1_134' title='bbox 381 1299 739 1352; x_wconf 82' lang='lat' dir='ltr'><strong>Interpolatoribus</strong></span> <span class='ocrx_word' id='word_1_135' title='bbox 752 1331 762 1350; x_wconf 89' lang='lat'>‚</span> <span class='ocrx_word' id='word_1_136' title='bbox 792 1303 912 1341; x_wconf 87' lang='lat' dir='ltr'><strong>fuisse</strong></span> <span class='ocrx_word' id='word_1_137' title='bbox 941 1303 1088 1342; x_wconf 85' lang='lat' dir='ltr'><strong>inserta</strong></span> <span class='ocrx_word' id='word_1_138' title='bbox 1109 1302 1184 1341; x_wconf 86' lang='lat' dir='ltr'><strong>ista</strong></span> <span class='ocrx_word' id='word_1_139' title='bbox 1214 1315 1314 1354; x_wconf 90' lang='lat' dir='ltr'><strong>quae</strong></span> <span class='ocrx_word' id='word_1_140' title='bbox 1334 1301 1374 1340; x_wconf 92' lang='lat' dir='ltr'><strong>in</strong></span> <span class='ocrx_word' id='word_1_141' title='bbox 1397 1301 1543 1341; x_wconf 78' lang='lat' dir='ltr'><strong>Nostro</strong></span> <span class='ocrx_word' id='word_1_142' title='bbox 1565 1302 1682 1340; x_wconf 80' lang='lat' dir='ltr'><strong>etiam</strong></span> <span class='ocrx_word' id='word_1_143' title='bbox 1701 1314 1765 1340; x_wconf 82' lang='lat' dir='ltr'><strong>re-</strong></span> 
     </span>
     <span class='ocr_line' id='line_1_18' title="bbox 289 1367 1765 1423; baseline 0.002 -19"><span class='ocrx_word' id='word_1_144' title='bbox 289 1367 532 1420; x_wconf 75' lang='lat' dir='ltr'><strong>periuntur&#39;.&gt;</strong></span> <span class='ocrx_word' id='word_1_145' title='bbox 584 1371 682 1418; x_wconf 87' lang='lat' dir='ltr'><strong>Quis</strong></span> <span class='ocrx_word' id='word_1_146' title='bbox 713 1385 795 1409; x_wconf 87' lang='lat' dir='ltr'><strong>non</strong></span> <span class='ocrx_word' id='word_1_147' title='bbox 827 1371 1018 1423; x_wconf 84' lang='lat' dir='ltr'><strong>persentit</strong></span> <span class='ocrx_word' id='word_1_148' title='bbox 1056 1369 1217 1409; x_wconf 84' lang='lat' dir='ltr'><strong>infinitis</strong></span> <span class='ocrx_word' id='word_1_149' title='bbox 1250 1383 1351 1422; x_wconf 89' lang='lat' dir='ltr'><strong>pene</strong></span> <span class='ocrx_word' id='word_1_150' title='bbox 1392 1369 1765 1421; x_wconf 84' lang='lat' dir='ltr'><strong>interpolationibus</strong></span> 
     </span>
     <span class='ocr_line' id='line_1_19' title="bbox 290 1433 1764 1478; baseline -0.001 -5"><span class='ocrx_word' id='word_1_151' title='bbox 290 1433 484 1474; x_wconf 79' lang='lat' dir='ltr'><strong>Paschale</strong></span> <span class='ocrx_word' id='word_1_152' title='bbox 503 1437 603 1475; x_wconf 83' lang='lat' dir='ltr'><strong>illud</strong></span> <span class='ocrx_word' id='word_1_153' title='bbox 625 1437 844 1478; x_wconf 78' lang='lat' dir='ltr'><strong>chronicon</strong></span> <span class='ocrx_word' id='word_1_154' title='bbox 872 1452 955 1477; x_wconf 88' lang='lat' dir='ltr'><strong>esse</strong></span> <span class='ocrx_word' id='word_1_155' title='bbox 975 1438 1193 1478; x_wconf 72' lang='lat' dir='ltr'><strong>refertum?</strong></span> <span class='ocrx_word' id='word_1_156' title='bbox 1225 1439 1363 1476; x_wconf 87' lang='lat' dir='ltr'><strong>Nonne</strong></span> <span class='ocrx_word' id='word_1_157' title='bbox 1390 1438 1466 1475; x_wconf 87' lang='lat' dir='ltr'><strong>alte</strong></span> <span class='ocrx_word' id='word_1_158' title='bbox 1489 1436 1568 1475; x_wconf 85' lang='lat' dir='ltr'><strong>hoc</strong></span> <span class='ocrx_word' id='word_1_159' title='bbox 1590 1435 1764 1476; x_wconf 84' lang='lat' dir='ltr'><strong>clamant</strong></span> 
     </span>
     <span class='ocr_line' id='line_1_20' title="bbox 289 1501 1765 1559; baseline 0.001 -19"><span class='ocrx_word' id='word_1_160' title='bbox 289 1503 397 1541; x_wconf 83' lang='lat' dir='ltr'><strong>illius</strong></span> <span class='ocrx_word' id='word_1_161' title='bbox 420 1503 714 1559; x_wconf 77' lang='lat' dir='ltr'><strong>Tautologiae?</strong></span> <span class='ocrx_word' id='word_1_162' title='bbox 742 1507 881 1546; x_wconf 85' lang='lat' dir='ltr'><strong>Nonne</strong></span> <span class='ocrx_word' id='word_1_163' title='bbox 912 1505 1048 1546; x_wconf 76' lang='lat' dir='ltr'><strong>dicunt</strong></span> <span class='ocrx_word' id='word_1_164' title='bbox 1082 1506 1298 1544; x_wconf 85' lang='lat' dir='ltr'><strong>clarissime</strong></span> <span class='ocrx_word' id='word_1_165' title='bbox 1320 1501 1687 1544; x_wconf 74' lang='lat' dir='ltr'><strong>contradictiones?</strong></span> <span class='ocrx_word' id='word_1_166' title='bbox 1725 1503 1765 1541; x_wconf 92' lang='lat' dir='ltr'><strong>Si</strong></span> 
     </span>
     <span class='ocr_line' id='line_1_21' title="bbox 291 1570 1803 1630; baseline -0.003 -19"><span class='ocrx_word' id='word_1_167' title='bbox 291 1572 514 1611; x_wconf 89' lang='lat' dir='ltr'><strong>Editionem</strong></span> <span class='ocrx_word' id='word_1_168' title='bbox 545 1574 792 1613; x_wconf 86' lang='lat' dir='ltr'><strong>celeberrimi</strong></span> <span class='ocrx_word' id='word_1_169' title='bbox 809 1573 1016 1630; x_wconf 83' lang='lat' dir='ltr'><strong>Dufresnii</strong></span> <span class='ocrx_word' id='word_1_170' title='bbox 1044 1573 1250 1626; x_wconf 81' lang='lat' dir='ltr'><strong>inspicias,</strong></span> <span class='ocrx_word' id='word_1_171' title='bbox 1279 1572 1440 1611; x_wconf 85' lang='lat' dir='ltr'><strong>docebit</strong></span> <span class='ocrx_word' id='word_1_172' title='bbox 1470 1585 1535 1622; x_wconf 87' lang='lat' dir='ltr'><strong>ea,</strong></span> <span class='ocrx_word' id='word_1_173' title='bbox 1565 1570 1671 1623; x_wconf 87' lang='lat' dir='ltr'><strong>apud</strong></span> <span class='ocrx_word' id='word_1_174' title='bbox 1692 1571 1765 1608; x_wconf 86' lang='lat' dir='ltr'><strong>Co·</strong></span> <span class='ocrx_word' id='word_1_175' title='bbox 1793 1596 1803 1601; x_wconf 34' lang='grc' dir='ltr'><em>κ</em></span> 
     </span>
     <span class='ocr_line' id='line_1_22' title="bbox 293 1639 1767 1695; baseline -0.001 -17"><span class='ocrx_word' id='word_1_176' title='bbox 293 1640 420 1678; x_wconf 86' lang='lat' dir='ltr'><strong>dicem</strong></span> <span class='ocrx_word' id='word_1_177' title='bbox 445 1639 747 1681; x_wconf 82' lang='lat' dir='ltr'><strong>Holstenianum</strong></span> <span class='ocrx_word' id='word_1_178' title='bbox 765 1642 965 1695; x_wconf 87' lang='lat' dir='ltr'><strong>permulta</strong></span> <span class='ocrx_word' id='word_1_179' title='bbox 986 1641 1120 1680; x_wconf 85' lang='lat' dir='ltr'><strong>deesse</strong></span> <span class='ocrx_word' id='word_1_180' title='bbox 1141 1643 1229 1680; x_wconf 88' lang='lat' dir='ltr'><strong>loca</strong></span> <span class='ocrx_word' id='word_1_181' title='bbox 1252 1654 1351 1692; x_wconf 87' lang='lat' dir='ltr'><strong>quae</strong></span> <span class='ocrx_word' id='word_1_182' title='bbox 1369 1641 1408 1678; x_wconf 91' lang='lat' dir='ltr'><strong>in</strong></span> <span class='ocrx_word' id='word_1_183' title='bbox 1432 1639 1536 1678; x_wconf 85' lang='lat' dir='ltr'><strong>edito</strong></span> <span class='ocrx_word' id='word_1_184' title='bbox 1560 1643 1767 1690; x_wconf 81' lang='lat' dir='ltr'><strong>apparent,</strong></span> 
     </span>
     <span class='ocr_line' id='line_1_23' title="bbox 294 1703 1768 1760; baseline -0.001 -14"><span class='ocrx_word' id='word_1_185' title='bbox 294 1714 333 1747; x_wconf 90' lang='lat' dir='ltr'><strong>et</strong></span> <span class='ocrx_word' id='word_1_186' title='bbox 362 1709 465 1747; x_wconf 88' lang='lat' dir='ltr'><strong>inter</strong></span> <span class='ocrx_word' id='word_1_187' title='bbox 498 1709 597 1757; x_wconf 89' lang='lat' dir='ltr'><strong>ista,</strong></span> <span class='ocrx_word' id='word_1_188' title='bbox 638 1709 855 1748; x_wconf 80' lang='lat' dir='ltr'><strong>desiderari</strong></span> <span class='ocrx_word' id='word_1_189' title='bbox 896 1723 1034 1748; x_wconf 88' lang='lat' dir='ltr'><strong>eorum</strong></span> <span class='ocrx_word' id='word_1_190' title='bbox 1071 1710 1194 1748; x_wconf 90' lang='lat' dir='ltr'><strong>multa</strong></span> <span class='ocrx_word' id='word_1_191' title='bbox 1223 1722 1323 1760; x_wconf 90' lang='lat' dir='ltr'><strong>quae</strong></span> <span class='ocrx_word' id='word_1_192' title='bbox 1357 1705 1549 1747; x_wconf 78' lang='lat' dir='ltr'><strong>Chronico</strong></span> <span class='ocrx_word' id='word_1_193' title='bbox 1576 1703 1768 1746; x_wconf 75' lang='lat' dir='ltr'><strong>Paschali</strong></span> 
     </span>
     <span class='ocr_line' id='line_1_24' title="bbox 295 1774 1766 1819; baseline -0.002 -5"><span class='ocrx_word' id='word_1_194' title='bbox 295 1776 402 1814; x_wconf 85' lang='lat' dir='ltr'><strong>edito</strong></span> <span class='ocrx_word' id='word_1_195' title='bbox 433 1789 523 1815; x_wconf 89' lang='lat' dir='ltr'><strong>cum</strong></span> <span class='ocrx_word' id='word_1_196' title='bbox 551 1777 696 1816; x_wconf 83' lang='lat' dir='ltr'><strong>Nostro</strong></span> <span class='ocrx_word' id='word_1_197' title='bbox 724 1777 873 1816; x_wconf 86' lang='lat' dir='ltr'><strong>Autore</strong></span> <span class='ocrx_word' id='word_1_198' title='bbox 905 1778 1159 1819; x_wconf 85' lang='lat' dir='ltr'><strong>conveniunt,</strong></span> <span class='ocrx_word' id='word_1_199' title='bbox 1218 1777 1283 1814; x_wconf 89' lang='lat' dir='ltr'><strong>Sic</strong></span> <span class='ocrx_word' id='word_1_200' title='bbox 1315 1775 1444 1814; x_wconf 87' lang='lat' dir='ltr'><strong>omnia</strong></span> <span class='ocrx_word' id='word_1_201' title='bbox 1473 1775 1547 1813; x_wconf 84' lang='lat' dir='ltr'><strong>ista</strong></span> <span class='ocrx_word' id='word_1_202' title='bbox 1575 1774 1718 1813; x_wconf 85' lang='lat' dir='ltr'><strong>absunt</strong></span> <span class='ocrx_word' id='word_1_203' title='bbox 1744 1787 1766 1811; x_wconf 84' lang='lat' dir='ltr'><strong>a</strong></span> 
     </span>
     <span class='ocr_line' id='line_1_25' title="bbox 297 1841 1767 1899; baseline -0.001 -18"><span class='ocrx_word' id='word_1_204' title='bbox 297 1844 442 1882; x_wconf 77' lang='lat' dir='ltr'><strong>Codice</strong></span> <span class='ocrx_word' id='word_1_205' title='bbox 462 1842 725 1884; x_wconf 64' lang='lat' dir='ltr'><strong>Holsteniano</strong></span> <span class='ocrx_word' id='word_1_206' title='bbox 749 1859 848 1898; x_wconf 87' lang='lat' dir='ltr'><strong>quae</strong></span> <span class='ocrx_word' id='word_1_207' title='bbox 875 1845 1268 1899; x_wconf 84' lang='lat' dir='ltr'><strong>comprehenduntur</strong></span> <span class='ocrx_word' id='word_1_208' title='bbox 1295 1844 1398 1883; x_wconf 90' lang='lat' dir='ltr'><strong>inter</strong></span> <span class='ocrx_word' id='word_1_209' title='bbox 1417 1856 1504 1896; x_wconf 88' lang='lat' dir='ltr'><strong>pag.</strong></span> <span class='ocrx_word' id='word_1_210' title='bbox 1523 1843 1593 1886; x_wconf 82' lang='grc'><strong>25.</strong></span> <span class='ocrx_word' id='word_1_211' title='bbox 1621 1857 1642 1880; x_wconf 92' lang='lat' dir='ltr'><strong>a</strong></span> <span class='ocrx_word' id='word_1_212' title='bbox 1661 1841 1767 1880; x_wconf 86' lang='lat' dir='ltr'><strong>voci-</strong></span> 
     </span>
     <span class='ocr_line' id='line_1_26' title="bbox 294 1907 1767 1966; baseline 0 -14"><span class='ocrx_word' id='word_1_213' title='bbox 294 1913 367 1951; x_wconf 89' lang='lat' dir='ltr'><strong>bus</strong></span> <span class='ocrx_word' id='word_1_214' title='bbox 388 1911 490 1952; x_wconf 85' lang='grc' dir='ltr'><em>Επεὶ</em></span> <span class='ocrx_word' id='word_1_215' title='bbox 513 1907 588 1952; x_wconf 76' lang='grc' dir='ltr'><strong><em>οὖν</em></strong></span> <span class='ocrx_word' id='word_1_216' title='bbox 610 1909 761 1953; x_wconf 76' lang='grc' dir='ltr'><strong><em>τούτων</em></strong></span> <span class='ocrx_word' id='word_1_217' title='bbox 792 1910 1165 1966; x_wconf 76' lang='grc' dir='ltr'><strong><em>ἐμνημονεύσαμεν,</em></strong></span> <span class='ocrx_word' id='word_1_218' title='bbox 1195 1926 1322 1965; x_wconf 85' lang='lat' dir='ltr'><strong>usque</strong></span> <span class='ocrx_word' id='word_1_219' title='bbox 1345 1912 1394 1950; x_wconf 89' lang='lat' dir='ltr'><strong>ad</strong></span> <span class='ocrx_word' id='word_1_220' title='bbox 1418 1924 1507 1964; x_wconf 86' lang='lat' dir='ltr'><strong>pag.</strong></span> <span class='ocrx_word' id='word_1_221' title='bbox 1536 1910 1603 1952; x_wconf 87' lang='lat'><strong>48.</strong></span> <span class='ocrx_word' id='word_1_222' title='bbox 1625 1910 1675 1948; x_wconf 79' lang='lat' dir='ltr'><strong>ad</strong></span> <span class='ocrx_word' id='word_1_223' title='bbox 1693 1923 1767 1947; x_wconf 83' lang='lat' dir='ltr'><strong>VO-</strong></span> 
     </span>
     <span class='ocr_line' id='line_1_27' title="bbox 296 1978 1768 2033; baseline -0.002 -15"><span class='ocrx_word' id='word_1_224' title='bbox 296 1994 362 2018; x_wconf 89' lang='lat' dir='ltr'><strong>ces</strong></span> <span class='ocrx_word' id='word_1_225' title='bbox 377 1980 608 2033; x_wconf 77' lang='grc' dir='ltr'><strong><em>Αἰγυπτίων</em></strong></span> <span class='ocrx_word' id='word_1_226' title='bbox 629 1982 670 2021; x_wconf 85' lang='grc' dir='ltr'><strong>οῖ</strong></span> <span class='ocrx_word' id='word_1_227' title='bbox 683 1984 839 2022; x_wconf 84' lang='grc' dir='ltr'><strong><em>λοιποί·</em></strong></span> <span class='ocrx_word' id='word_1_228' title='bbox 869 1982 909 2019; x_wconf 89' lang='lat' dir='ltr'><strong>in</strong></span> <span class='ocrx_word' id='word_1_229' title='bbox 944 1982 1088 2033; x_wconf 81' lang='lat' dir='ltr'><strong>quibus</strong></span> <span class='ocrx_word' id='word_1_230' title='bbox 1119 1988 1211 2020; x_wconf 86' lang='lat' dir='ltr'><strong>sunt</strong></span> <span class='ocrx_word' id='word_1_231' title='bbox 1237 1978 1367 2019; x_wconf 81' lang='lat' dir='ltr'><strong>omnia</strong></span> <span class='ocrx_word' id='word_1_232' title='bbox 1389 1979 1479 2029; x_wconf 84' lang='lat' dir='ltr'><strong>illa,</strong></span> <span class='ocrx_word' id='word_1_233' title='bbox 1510 1978 1654 2030; x_wconf 88' lang='lat' dir='ltr'><strong>quibus</strong></span> <span class='ocrx_word' id='word_1_234' title='bbox 1673 1991 1768 2016; x_wconf 88' lang='lat' dir='ltr'><strong>con-</strong></span> 
     </span>
     <span class='ocr_line' id='line_1_28' title="bbox 294 2046 1767 2100; baseline -0.001 -13"><span class='ocrx_word' id='word_1_235' title='bbox 294 2048 405 2087; x_wconf 81' lang='lat' dir='ltr'><strong>venit</strong></span> <span class='ocrx_word' id='word_1_236' title='bbox 427 2054 565 2086; x_wconf 86' lang='lat' dir='ltr'><strong>nostro</strong></span> <span class='ocrx_word' id='word_1_237' title='bbox 592 2048 733 2087; x_wconf 86' lang='lat' dir='ltr'><strong>Autori</strong></span> <span class='ocrx_word' id='word_1_238' title='bbox 764 2063 851 2088; x_wconf 91' lang='lat' dir='ltr'><strong>cum</strong></span> <span class='ocrx_word' id='word_1_239' title='bbox 882 2050 1044 2100; x_wconf 85' lang='lat' dir='ltr'><strong>vulgato</strong></span> <span class='ocrx_word' id='word_1_240' title='bbox 1065 2047 1271 2088; x_wconf 78' lang='lat' dir='ltr'><strong>Paschalis</strong></span> <span class='ocrx_word' id='word_1_241' title='bbox 1293 2046 1547 2099; x_wconf 87' lang='lat' dir='ltr'><strong>Exemplari,</strong></span> <span class='ocrx_word' id='word_1_242' title='bbox 1578 2046 1626 2086; x_wconf 87' lang='lat' dir='ltr'><strong>de</strong></span> <span class='ocrx_word' id='word_1_243' title='bbox 1646 2046 1767 2086; x_wconf 83' lang='lat' dir='ltr'><strong>rebus</strong></span> 
     </span>
     <span class='ocr_line' id='line_1_29' title="bbox 297 2106 1768 2168; baseline -0.001 -14"><span class='ocrx_word' id='word_1_244' title='bbox 297 2106 541 2155; x_wconf 73' lang='lat' dir='ltr'><strong>‘Graecorum</strong></span> <span class='ocrx_word' id='word_1_245' title='bbox 573 2122 611 2153; x_wconf 88' lang='lat' dir='ltr'><strong>et</strong></span> <span class='ocrx_word' id='word_1_246' title='bbox 636 2116 922 2168; x_wconf 87' lang='lat' dir='ltr'><strong>Aegyptiorum</strong></span> <span class='ocrx_word' id='word_1_247' title='bbox 951 2118 1154 2156; x_wconf 87' lang='lat' dir='ltr'><strong>fabulosis.</strong></span> <span class='ocrx_word' id='word_1_248' title='bbox 1211 2116 1276 2154; x_wconf 87' lang='lat' dir='ltr'><strong>Sic</strong></span> <span class='ocrx_word' id='word_1_249' title='bbox 1306 2122 1344 2154; x_wconf 85' lang='lat' dir='ltr'><strong>et</strong></span> <span class='ocrx_word' id='word_1_250' title='bbox 1374 2115 1483 2153; x_wconf 85' lang='lat' dir='ltr'><strong>deest</strong></span> <span class='ocrx_word' id='word_1_251' title='bbox 1510 2128 1604 2167; x_wconf 87' lang='lat' dir='ltr'><strong>pars</strong></span> <span class='ocrx_word' id='word_1_252' title='bbox 1629 2127 1768 2165; x_wconf 86' lang='lat' dir='ltr'><strong>magna</strong></span> 
     </span>
     <span class='ocr_line' id='line_1_30' title="bbox 294 2182 1770 2236; baseline -0.002 -13"><span class='ocrx_word' id='word_1_253' title='bbox 294 2185 403 2223; x_wconf 84' lang='lat' dir='ltr'><strong>illius</strong></span> <span class='ocrx_word' id='word_1_254' title='bbox 423 2184 503 2222; x_wconf 86' lang='lat' dir='ltr'><strong>loci</strong></span> <span class='ocrx_word' id='word_1_255' title='bbox 540 2184 608 2236; x_wconf 88' lang='lat' dir='ltr'><strong>qui</strong></span> <span class='ocrx_word' id='word_1_256' title='bbox 637 2185 715 2235; x_wconf 80' lang='lat' dir='ltr'><strong>agit</strong></span> <span class='ocrx_word' id='word_1_257' title='bbox 744 2185 793 2222; x_wconf 92' lang='lat' dir='ltr'><strong>de</strong></span> <span class='ocrx_word' id='word_1_258' title='bbox 818 2185 922 2223; x_wconf 82' lang='lat' dir='ltr'><strong>Urbe</strong></span> <span class='ocrx_word' id='word_1_259' title='bbox 940 2186 1084 2236; x_wconf 83' lang='lat' dir='ltr'><strong>Roma,</strong></span> <span class='ocrx_word' id='word_1_260' title='bbox 1115 2184 1305 2235; x_wconf 87' lang='lat' dir='ltr'><strong>Romulo,</strong></span> <span class='ocrx_word' id='word_1_261' title='bbox 1336 2189 1373 2221; x_wconf 85' lang='lat' dir='ltr'><strong>et</strong></span> <span class='ocrx_word' id='word_1_262' title='bbox 1393 2184 1539 2235; x_wconf 83' lang='lat' dir='ltr'><strong>Remo,</strong></span> <span class='ocrx_word' id='word_1_263' title='bbox 1569 2182 1770 2234; x_wconf 87' lang='lat' dir='ltr'><strong>Ludisque</strong></span> 
     </span>
     <span class='ocr_line' id='line_1_31' title="bbox 297 2250 1768 2305; baseline -0.002 -14"><span class='ocrx_word' id='word_1_264' title='bbox 297 2252 567 2302; x_wconf 85' lang='lat' dir='ltr'><strong>Circensibus,</strong></span> <span class='ocrx_word' id='word_1_265' title='bbox 596 2266 690 2305; x_wconf 88' lang='lat' dir='ltr'><strong>pars</strong></span> <span class='ocrx_word' id='word_1_266' title='bbox 717 2265 772 2291; x_wconf 87' lang='lat' dir='ltr'><strong>sc.</strong></span> <span class='ocrx_word' id='word_1_267' title='bbox 802 2258 886 2290; x_wconf 84' lang='lat' dir='ltr'><strong>tota</strong></span> <span class='ocrx_word' id='word_1_268' title='bbox 916 2254 1150 2292; x_wconf 88' lang='lat' dir='ltr'><strong>intermedia</strong></span> <span class='ocrx_word' id='word_1_269' title='bbox 1181 2266 1281 2305; x_wconf 86' lang='lat' dir='ltr'><strong>quae</strong></span> <span class='ocrx_word' id='word_1_270' title='bbox 1308 2257 1454 2290; x_wconf 87' lang='lat' dir='ltr'><strong>tractat</strong></span> <span class='ocrx_word' id='word_1_271' title='bbox 1482 2251 1530 2289; x_wconf 85' lang='lat' dir='ltr'><strong>de</strong></span> <span class='ocrx_word' id='word_1_272' title='bbox 1551 2250 1768 2289; x_wconf 87' lang='lat' dir='ltr'><strong>Pisensium</strong></span> 
     </span>
     <span class='ocr_line' id='line_1_32' title="bbox 295 2319 1768 2372; baseline -0.002 -13"><span class='ocrx_word' id='word_1_273' title='bbox 295 2320 401 2371; x_wconf 84' lang='lat' dir='ltr'><strong>Rege</strong></span> <span class='ocrx_word' id='word_1_274' title='bbox 422 2321 644 2368; x_wconf 86' lang='lat' dir='ltr'><strong>Oenomao,</strong></span> <span class='ocrx_word' id='word_1_275' title='bbox 682 2320 882 2372; x_wconf 86' lang='lat' dir='ltr'><strong>Ludisque</strong></span> <span class='ocrx_word' id='word_1_276' title='bbox 911 2322 959 2359; x_wconf 88' lang='lat' dir='ltr'><strong>ab</strong></span> <span class='ocrx_word' id='word_1_277' title='bbox 989 2335 1034 2359; x_wconf 92' lang='lat' dir='ltr'><strong>eo</strong></span> <span class='ocrx_word' id='word_1_278' title='bbox 1061 2328 1098 2360; x_wconf 91' lang='lat' dir='ltr'><strong>et</strong></span> <span class='ocrx_word' id='word_1_279' title='bbox 1123 2321 1292 2360; x_wconf 88' lang='lat' dir='ltr'><strong>Romulo</strong></span> <span class='ocrx_word' id='word_1_280' title='bbox 1311 2319 1522 2368; x_wconf 85' lang='lat' dir='ltr'><strong>institutis,</strong></span> <span class='ocrx_word' id='word_1_281' title='bbox 1550 2333 1570 2357; x_wconf 89' lang='lat' dir='ltr'><strong>a</strong></span> <span class='ocrx_word' id='word_1_282' title='bbox 1588 2319 1768 2368; x_wconf 83' lang='lat' dir='ltr'><strong>vocibus,</strong></span> 
     </span>
     <span class='ocr_line' id='line_1_33' title="bbox 295 2385 1770 2442; baseline -0.004 -14"><span class='ocrx_word' id='word_1_283' title='bbox 295 2388 363 2428; x_wconf 82' lang='grc' dir='ltr'><strong>καὶ</strong></span> <span class='ocrx_word' id='word_1_284' title='bbox 379 2385 460 2431; x_wconf 71' lang='grc' dir='ltr'><strong>ὑπὸ</strong></span> <span class='ocrx_word' id='word_1_285' title='bbox 478 2391 559 2428; x_wconf 77' lang='grc' dir='ltr'><strong><em>τῶν</em></strong></span> <span class='ocrx_word' id='word_1_286' title='bbox 579 2386 780 2442; x_wconf 74' lang='grc' dir='ltr'><strong><em>τεσσάρων</em></strong></span> <span class='ocrx_word' id='word_1_287' title='bbox 808 2389 1009 2440; x_wconf 83' lang='grc' dir='ltr'><strong><em>στοιχείων</em></strong></span> <span class='ocrx_word' id='word_1_288' title='bbox 1037 2402 1124 2441; x_wconf 85' lang='lat' dir='ltr'><strong>pag.</strong></span> <span class='ocrx_word' id='word_1_289' title='bbox 1145 2392 1237 2431; x_wconf 85' lang='lat'><strong>110.</strong></span> <span class='ocrx_word' id='word_1_290' title='bbox 1268 2388 1316 2428; x_wconf 89' lang='lat' dir='ltr'><strong>D.</strong></span> <span class='ocrx_word' id='word_1_291' title='bbox 1345 2400 1471 2439; x_wconf 84' lang='lat' dir='ltr'><strong>usque</strong></span> <span class='ocrx_word' id='word_1_292' title='bbox 1494 2386 1543 2424; x_wconf 84' lang='lat' dir='ltr'><strong>ad</strong></span> <span class='ocrx_word' id='word_1_293' title='bbox 1562 2386 1671 2436; x_wconf 85' lang='lat' dir='ltr'><strong>illas,</strong></span> <span class='ocrx_word' id='word_1_294' title='bbox 1700 2385 1770 2425; x_wconf 79' lang='grc' dir='ltr'><strong>καὶ</strong></span> 
     </span>
     <span class='ocr_line' id='line_1_34' title="bbox 298 2452 1769 2511; baseline -0.003 -15"><span class='ocrx_word' id='word_1_295' title='bbox 298 2454 472 2510; x_wconf 76' lang='grc' dir='ltr'><strong><em>μεγάλην</em></strong></span> <span class='ocrx_word' id='word_1_296' title='bbox 490 2456 640 2511; x_wconf 77' lang='grc' dir='ltr'><strong><em>ἔχθραν</em></strong></span> <span class='ocrx_word' id='word_1_297' title='bbox 657 2453 762 2509; x_wconf 83' lang='grc' dir='ltr'><strong><em>εἶχον</em></strong></span> <span class='ocrx_word' id='word_1_298' title='bbox 790 2453 891 2510; x_wconf 77' lang='grc' dir='ltr'><strong><em>πρός</em></strong></span> <span class='ocrx_word' id='word_1_299' title='bbox 921 2452 1113 2508; x_wconf 67' lang='grc' dir='ltr'><em>ἀλλήλους</em></span> <span class='ocrx_word' id='word_1_300' title='bbox 1133 2453 1181 2495; x_wconf 72' lang='lat' dir='ltr'><strong>w?</strong></span> <span class='ocrx_word' id='word_1_301' title='bbox 1210 2455 1321 2510; x_wconf 80' lang='grc' dir='ltr'><strong><em>μέρη.</em></strong></span> <span class='ocrx_word' id='word_1_302' title='bbox 1348 2468 1437 2507; x_wconf 89' lang='lat' dir='ltr'><strong>pag.</strong></span> <span class='ocrx_word' id='word_1_303' title='bbox 1471 2458 1564 2496; x_wconf 86' lang='lat'><strong>112.</strong></span> <span class='ocrx_word' id='word_1_304' title='bbox 1592 2455 1638 2492; x_wconf 91' lang='lat' dir='ltr'><strong>D.</strong></span> <span class='ocrx_word' id='word_1_305' title='bbox 1670 2467 1769 2506; x_wconf 88' lang='lat' dir='ltr'><strong>quae</strong></span> 
     </span>
     <span class='ocr_line' id='line_1_35' title="bbox 296 2521 1768 2576; baseline -0.001 -15"><span class='ocrx_word' id='word_1_306' title='bbox 296 2524 337 2561; x_wconf 89' lang='lat' dir='ltr'><strong>in</strong></span> <span class='ocrx_word' id='word_1_307' title='bbox 368 2531 504 2563; x_wconf 85' lang='lat' dir='ltr'><strong>nostro</strong></span> <span class='ocrx_word' id='word_1_308' title='bbox 534 2523 844 2576; x_wconf 78' lang='lat' dir='ltr'><strong>chronographo</strong></span> <span class='ocrx_word' id='word_1_309' title='bbox 883 2524 1068 2574; x_wconf 84' lang='lat' dir='ltr'><strong>leguntur</strong></span> <span class='ocrx_word' id='word_1_310' title='bbox 1101 2539 1122 2561; x_wconf 81' lang='lat' dir='ltr'><strong>a</strong></span> <span class='ocrx_word' id='word_1_311' title='bbox 1153 2537 1241 2576; x_wconf 86' lang='lat' dir='ltr'><strong>pag.</strong></span> <span class='ocrx_word' id='word_1_312' title='bbox 1271 2526 1367 2565; x_wconf 83' lang='lat'><strong>218.</strong></span> <span class='ocrx_word' id='word_1_313' title='bbox 1397 2522 1466 2560; x_wconf 86' lang='lat' dir='ltr'><strong>lin.</strong></span> <span class='ocrx_word' id='word_1_314' title='bbox 1497 2524 1563 2564; x_wconf 83' lang='lat'><strong>28.</strong></span> <span class='ocrx_word' id='word_1_315' title='bbox 1596 2521 1647 2559; x_wconf 85' lang='lat' dir='ltr'><strong>ad</strong></span> <span class='ocrx_word' id='word_1_316' title='bbox 1676 2534 1768 2574; x_wconf 86' lang='lat' dir='ltr'><strong>pag.</strong></span> 
     </span>
     <span class='ocr_line' id='line_1_36' title="bbox 296 2589 1770 2644; baseline -0.006 -10"><span class='ocrx_word' id='word_1_317' title='bbox 296 2595 391 2634; x_wconf 79' lang='lat'><strong>223.</strong></span> <span class='ocrx_word' id='word_1_318' title='bbox 421 2593 488 2632; x_wconf 88' lang='lat' dir='ltr'><strong>lin.</strong></span> <span class='ocrx_word' id='word_1_319' title='bbox 519 2598 587 2636; x_wconf 80' lang='lat'><strong>20.</strong></span> <span class='ocrx_word' id='word_1_320' title='bbox 657 2595 771 2632; x_wconf 88' lang='lat' dir='ltr'><strong>Deest</strong></span> <span class='ocrx_word' id='word_1_321' title='bbox 813 2605 970 2644; x_wconf 84' lang='lat' dir='ltr'><strong>quoque</strong></span> <span class='ocrx_word' id='word_1_322' title='bbox 1005 2591 1046 2629; x_wconf 88' lang='lat' dir='ltr'><strong>in</strong></span> <span class='ocrx_word' id='word_1_323' title='bbox 1080 2591 1226 2629; x_wconf 86' lang='lat' dir='ltr'><strong>Codice</strong></span> <span class='ocrx_word' id='word_1_324' title='bbox 1256 2589 1519 2629; x_wconf 80' lang='lat' dir='ltr'><strong>Holsteniano</strong></span> <span class='ocrx_word' id='word_1_325' title='bbox 1558 2602 1651 2642; x_wconf 86' lang='lat' dir='ltr'><strong>pars</strong></span> <span class='ocrx_word' id='word_1_326' title='bbox 1688 2603 1770 2627; x_wconf 89' lang='lat' dir='ltr'><strong>ma-</strong></span> 
     </span>
     <span class='ocr_line' id='line_1_37' title="bbox 297 2656 1772 2714; baseline -0.003 -16"><span class='ocrx_word' id='word_1_327' title='bbox 297 2660 363 2712; x_wconf 91' lang='lat' dir='ltr'><strong>jor</strong></span> <span class='ocrx_word' id='word_1_328' title='bbox 377 2660 485 2700; x_wconf 84' lang='lat' dir='ltr'><strong>illius</strong></span> <span class='ocrx_word' id='word_1_329' title='bbox 505 2662 583 2700; x_wconf 85' lang='lat' dir='ltr'><strong>loci</strong></span> <span class='ocrx_word' id='word_1_330' title='bbox 604 2664 672 2714; x_wconf 90' lang='lat' dir='ltr'><strong>qui</strong></span> <span class='ocrx_word' id='word_1_331' title='bbox 701 2668 761 2701; x_wconf 88' lang='lat' dir='ltr'><strong>est</strong></span> <span class='ocrx_word' id='word_1_332' title='bbox 791 2661 841 2700; x_wconf 90' lang='lat' dir='ltr'><strong>de</strong></span> <span class='ocrx_word' id='word_1_333' title='bbox 860 2659 1228 2710; x_wconf 88' lang='lat' dir='ltr'><strong>Hierosolymorum</strong></span> <span class='ocrx_word' id='word_1_334' title='bbox 1260 2671 1332 2709; x_wconf 89' lang='lat' dir='ltr'><strong>per</strong></span> <span class='ocrx_word' id='word_1_335' title='bbox 1351 2656 1483 2694; x_wconf 91' lang='lat' dir='ltr'><strong>Titum</strong></span> <span class='ocrx_word' id='word_1_336' title='bbox 1511 2656 1772 2709; x_wconf 82' lang='lat' dir='ltr'><strong>expugnatio-</strong></span> 
     </span>
     <span class='ocr_line' id='line_1_38' title="bbox 300 2724 1770 2781; baseline -0.003 -15"><span class='ocrx_word' id='word_1_337' title='bbox 300 2742 370 2778; x_wconf 87' lang='lat' dir='ltr'><strong>ne,</strong></span> <span class='ocrx_word' id='word_1_338' title='bbox 403 2729 562 2781; x_wconf 71' lang='lat' dir='ltr'><strong>quoque</strong></span> <span class='ocrx_word' id='word_1_339' title='bbox 583 2731 768 2770; x_wconf 80' lang='lat' dir='ltr'><strong>Nostrum</strong></span> <span class='ocrx_word' id='word_1_340' title='bbox 790 2730 895 2768; x_wconf 87' lang='lat' dir='ltr'><strong>inter</strong></span> <span class='ocrx_word' id='word_1_341' title='bbox 925 2733 964 2766; x_wconf 87' lang='lat' dir='ltr'><strong>et</strong></span> <span class='ocrx_word' id='word_1_342' title='bbox 987 2725 1180 2766; x_wconf 76' lang='lat' dir='ltr'><strong>Paschale</strong></span> <span class='ocrx_word' id='word_1_343' title='bbox 1205 2724 1411 2773; x_wconf 82' lang='lat' dir='ltr'><strong>convenit3</strong></span> <span class='ocrx_word' id='word_1_344' title='bbox 1442 2725 1529 2765; x_wconf 88' lang='lat' dir='ltr'><strong>scil.</strong></span> <span class='ocrx_word' id='word_1_345' title='bbox 1548 2726 1676 2764; x_wconf 88' lang='lat' dir='ltr'><strong>omnia</strong></span> <span class='ocrx_word' id='word_1_346' title='bbox 1701 2725 1770 2763; x_wconf 91' lang='lat' dir='ltr'><strong>illa</strong></span> 
     </span>
     <span class='ocr_line' id='line_1_39' title="bbox 306 2790 1770 2848; baseline -0.001 -15"><span class='ocrx_word' id='word_1_347' title='bbox 306 2808 406 2848; x_wconf 87' lang='lat' dir='ltr'><strong>quae</strong></span> <span class='ocrx_word' id='word_1_348' title='bbox 438 2795 634 2836; x_wconf 85' lang='lat' dir='ltr'><strong>habentur</strong></span> <span class='ocrx_word' id='word_1_349' title='bbox 661 2813 682 2837; x_wconf 88' lang='lat' dir='ltr'><strong>a</strong></span> <span class='ocrx_word' id='word_1_350' title='bbox 716 2799 904 2846; x_wconf 88' lang='lat' dir='ltr'><strong>vocibus,</strong></span> <span class='ocrx_word' id='word_1_351' title='bbox 938 2790 1078 2843; x_wconf 79' lang='grc' dir='ltr'><strong><em>Πάσας</em></strong></span> <span class='ocrx_word' id='word_1_352' title='bbox 1106 2792 1148 2833; x_wconf 82' lang='grc' dir='ltr'><strong>δὲ</strong></span> <span class='ocrx_word' id='word_1_353' title='bbox 1178 2793 1386 2847; x_wconf 80' lang='grc' dir='ltr'><strong><em>ἐπαρχίας,</em></strong></span> <span class='ocrx_word' id='word_1_354' title='bbox 1418 2792 1469 2829; x_wconf 85' lang='lat' dir='ltr'><strong>ad</strong></span> <span class='ocrx_word' id='word_1_355' title='bbox 1498 2793 1571 2842; x_wconf 75' lang='grc' dir='ltr'><strong>ἕως</strong></span> <span class='ocrx_word' id='word_1_356' title='bbox 1598 2796 1669 2846; x_wconf 80' lang='grc' dir='ltr'><strong>τῆς</strong></span> <span class='ocrx_word' id='word_1_357' title='bbox 1693 2794 1770 2833; x_wconf 83' lang='grc' dir='ltr'><strong>νῦν</strong></span> 
     </span>
    </p>
   </div>
  </div>
 </body>
</html>
