1838 3230
0 0 174 178 Γ

110 351 179 394 καὶ
202 349 304 408 λέγει
323 354 386 411 τῷ
411 348 572 408 Φαραὼ
591 352 784 405 Μωσῆς,
819 348 926 392 Ἰδοὺ
956 347 1057 400 εἶδες
1078 348 1153 405 τὴν
1179 347 1351 406 δύναμιν
1373 354 1449 394 τοῦ
1479 354 1583 394 θεοῦ

105 417 285 476 Ἰσραήλ.
355 417 564 463 ἀπόλυσον
585 416 718 474 ἡμᾶς,
753 419 824 461 ’ίνα
849 417 960 477 αὐτῷ
986 416 1284 476 λατρεύσωμεν.
1357 417 1379 463 ὃ
1412 420 1458 463 δὲ
1490 423 1584 463 Φα-

111 487 202 544 ραὼ
232 485 561 543 συντασσόμενος
591 487 704 546 αὐτῷ
737 485 1006 541 ἀνεβάλλετο·
1044 490 1111 530 καὶ
1139 486 1292 543 ηὔξατο
1323 491 1488 544 Μωσῆς
1507 489 1580 531 τὸν
1603 497 1635 531 D

109 555 211 600 θεόν
239 555 344 600 ὥστε
371 556 533 611 πέμψαι
553 555 665 614 αὐτῷ
689 555 847 612 πληγὰς
866 558 933 599 καὶ
953 563 1039 607 τοῖς
1062 559 1306 613 Αἰγυπτίοις
1317 590 1330 610 ,
1366 559 1436 600 ἵνα
1456 558 1583 614 ἀναγ-

75 629 252 684 5κασθῇ
270 623 292 668 ὅ
311 625 505 680 βασιλευς
525 623 662 668 αὐτῶν
691 625 895 668 ἀπολῦσαι
916 625 987 668 τὸν
1009 623 1188 682 Ἰσραήλ.
1259 627 1325 668 καὶ
1351 625 1530 682 ἔπεμψεν
1559 624 1581 670 ὅ

108 693 210 744 θεὸς
232 693 399 751 Ἰσραὴλ
428 691 685 750 ἓπτάπληγον
705 692 827 751 ὀργήν
837 727 850 747 ,
888 693 992 737 ὥστε
1013 694 1084 737 τὸν
1102 695 1276 748 βασιλέα
1298 696 1581 752 παρακαλέσαι

107 761 180 806 τὸν
210 762 376 806 Μωσέα
409 764 476 805 καὶ
507 764 631 806 εἶπεΐν
660 762 773 821 αὐτῷ
797 762 858 806 ὅτι
878 758 1006 814 Εὗξαι
1028 767 1086 822 τῷ
1106 767 1193 822 θεῷ
1214 779 1289 806 σου
1306 764 1376 806 ἰ’να
1395 764 1535 822 §vo-93⁹7
1554 762 1579 819 ἥ

104 828 223 888 χῶρα
246 829 352 887 αὕτη
375 835 459 875 τῶν
486 829 698 875 τοσούτων
719 837 877 885 κακῶν,
917 834 984 874 καὶ
1003 833 1048 889 ζῇ
1065 829 1204 888 κύριος
1227 830 1247 874 ὁ
1272 830 1373 882 θεός
1394 849 1492 886 σου,
1533 832 1580 876 οὗ
1608 844 1639 877 Ο
1664 845 1710 889 79

108 898 281 944 κωλύσω
310 916 355 944 σε
388 903 528 955 λαβεῖν
558 900 630 943 τὸν
660 898 761 943 λαόν
790 918 865 944 σου
898 900 969 943 τὸν
994 900 1160 957 Ἰσραὴλ
1196 903 1253 950 εἷς
1281 900 1330 943 τὸ
1360 905 1583 958 λατρεῦσαι

52 967 218 1024 -1οὗμᾶς
248 969 375 1027 αὐτῷ.
446 974 580 1012 ταῦτα
609 970 653 1012 δὲ
685 971 727 1013 ἓν
757 977 847 1019 ταῖς
870 967 1104 1025 Ἑβραϊκαῖς
1138 969 1354 1026 ἐμφέρεται
1386 977 1578 1027 γραφαῖς.

108 1035 134 1081 ὅ
156 1038 202 1082 δὲ
220 1040 389 1093 Μωσῆς
411 1035 592 1089 ἀκούσας
615 1042 747 1081 ταῦτα
772 1038 885 1094 παρὰ
909 1042 983 1080 τοῦ
1005 1038 1231 1092 βασιλέως,
1266 1039 1437 1092 ἐξῆλθεν
1462 1038 1582 1089 εὔξα-

106 1110 213 1150 σθαι
233 1110 293 1165 τῷ
319 1110 408 1165 θεῷ
434 1105 623 1163 Ἰσραήλ,
663 1109 730 1150 καὶ
749 1105 830 1150 εἶπε
854 1114 939 1156 τοῖς
964 1106 1179 1157 Ἰουδαίοις
1185 1140 1199 1160 ,
1233 1106 1450 1150 Ἀπέλυσεν
1473 1105 1583 1162 ὑμᾶς

107 1172 266 1226 πάντας
295 1173 317 1218 ὅ
341 1175 534 1229 βασιλεὺς
555 1177 731 1226 ἐξελθεῖν
753 1180 973 1232 λατρεῦσαι
990 1179 1047 1233 τῷ
1064 1180 1166 1234 θεῷ.
1239 1173 1259 1218 ὃ
1292 1177 1336 1218 δὲ
1364 1174 1583 1219 Πετισσῶ-

107 1261 194 1294 νιος
225 1243 384 1302 Φαραὼ
408 1244 600 1298 βασιλεὺς
623 1244 776 1295 εὐθέως
797 1245 982 1300 ἀπῆλθεν
1009 1245 1051 1287 ἐν
1070 1249 1122 1302 τῇ
1142 1244 1307 1301 Μέμφῃ
1331 1247 1386 1294 εἷς
1404 1244 1452 1287 τὸ
1473 1262 1582 1300 μαν-
1605 1260 1638 1294 Ε

53 1320 98 1358 15
109 1320 218 1358 τεΐον
245 1312 295 1356 τὸ
324 1311 589 1369 περιβόητον·
625 1315 692 1356 καὶ
722 1312 895 1369 ποιήσας
923 1313 1078 1355 θυσίαν
1100 1311 1293 1369 ἐπηρώτα
1311 1314 1387 1368 τὴν
1407 1316 1582 1357 Πυθίαν

107 1382 259 1438 λέγων,
296 1379 534 1439 Σαφήνισόν
562 1400 635 1436 μοι
665 1384 727 1433 τίς
763 1384 872 1426 ἐστιν
902 1386 1067 1438 πρῶτος
1096 1380 1213 1437 ὑμῶν
1245 1383 1312 1424 καὶ
1339 1382 1465 1438 μέγας
1485 1383 1585 1433 θεὸς

107 1455 183 1495 τοῦ
202 1447 396 1508 Ἰσραήλς
430 1452 497 1494 καὶ
521 1449 651 1507 ἐδόθη
674 1451 786 1510 αὐτῷ
801 1451 990 1508 χρησμὸς
1012 1446 1145 1501 οὗτος.
1210 1450 1326 1494 ’Ἐστι
1348 1451 1435 1493 κατ’
1457 1451 1586 1508 οὖρα-

107 1526 194 1564 νοῒο
215 1517 407 1575 μεγάλοιο
422 1519 599 1575 βεβηκὸς
618 1521 769 1577 φλογὸς
785 1519 1045 1576 ὑπερβάλλον
1067 1521 1246 1576 αἴθριον,
1280 1519 1440 1573 ἀέναον,
1472 1518 1585 1563 ἀθά-

108 1606 233 1632 νατον
251 1592 334 1644 πῦρ
348 1620 362 1641 ,
402 1587 423 1631 ὃ
443 1588 577 1646 τρέμει
598 1593 693 1642 πᾶν,
730 1589 920 1646 οὐρανός,
953 1587 1050 1644 γαῖά
1071 1606 1114 1631 τε
1137 1590 1203 1631 καὶ
1225 1587 1439 1641 θάλασσα,
1480 1606 1589 1645 ‘coep-¹

52 1665 101 1702 20
111 1655 248 1716 τᾶριοί
267 1673 308 1700 τε
327 1654 473 1711 βύθιοι
492 1659 681 1713 δαίμονες
697 1658 925 1717 ε’ῤῥίγησαν.
999 1652 1119 1707 οὗτος
1144 1656 1164 1700 ὃ
1189 1657 1288 1707 θεὸς
1315 1655 1579 1713 αὐτοπάτωρ,

425 229 1061 275 CHRONOGRAPHIA.
1117 229 1274 274 L.111.
1517 234 1583 282 65

200 1781 235 1815 6.
269 1775 501 1824 ἑπτάπληγον
526 1774 659 1823 ὀργήν]
693 1779 868 1821 „Rectius
891 1777 1086 1819 Cedrenus,
1111 1775 1339 1822 δεκᾶπληγον
1362 1774 1496 1823 ὀργήν·
1521 1777 1582 1812 de-

202 1835 276 1859 cem
293 1823 380 1858 enim
398 1824 549 1870 Aegypti
569 1825 732 1870 plagae.“
756 1825 820 1859 Ch.
889 1826 922 1859 7.
948 1825 1064 1859 εἰπεῖν
1082 1824 1159 1865 Ch.‚
1185 1823 1371 1865 cedrenus,
1397 1823 1496 1859 εἶπεν
1512 1824 1581 1857 Ox.

203 1870 260 1907 14.
283 1871 439 1916 Μέμφῃ]
465 1869 616 1914 Μέμφει
635 1871 712 1912 Ch„
738 1871 925 1904 Cedrenus.
957 1870 1029 1903 Sed
1046 1882 1078 1903 v.
1098 1881 1130 1914 p.
1146 1881 1216 1914 seq.
1235 1882 1268 1903 v.
1280 1872 1313 1906 6.
1382 1871 1465 1904 ibid.
1490 1883 1583 1912 μαν-

202 1920 304 1953 τεῖον
328 1917 514 1959 Cedrenus,
538 1918 714 1960 μαντείαν
738 1918 804 1952 Ox.
899 1916 953 1952 17.
982 1914 1055 1950 ἔστι
1078 1916 1252 1950 Cedrenus
1276 1927 1311 1961 p.
1333 1914 1391 1951 41.
1413 1915 1456 1958 C,
1481 1916 1583 1951 ἔσται

202 1964 271 1998 Ox.
350 1964 405 1999 18.
429 1962 588 2009 βεβηκός
611 1963 805 2004 cedrenus,
830 1960 994 2009 βεβηκώς
1018 1962 1087 1996 Ox.
1160 1964 1214 1998 19.
1239 1959 1432 2006 ταρτάριοί
1454 1975 1493 1998 τε
1517 1963 1584 2009 βύ-

199 2010 301 2093 ιέθιοι]
322 2022 353 2045 τ.
377 2007 510 2091 βέἕὶθιοί
531 2022 570 2047 τε
594 2009 674 2052 Ch.‚
698 2009 888 2045 Cedrenus.
979 2009 1036 2044 20.
1059 2006 1255 2054 ἐρ’ῥίγησαν
1279 2009 1366 2051 ch„
1392 2009 1582 2051 Cedrenus,

223 2067 376 2104 ριγησαν
436 2067 471 2091 x.

110 2172 227 2216 Ecce,
262 2171 396 2218 inquit,
427 2171 621 2208 Potentiam
644 2172 710 2207 Dei
733 2171 866 2207 Israelis
890 2182 964 2207 cum
988 2170 1135 2214 videris,
1160 2170 1277 2207 missos
1300 2182 1361 2206 nos
1384 2169 1492 2205 facito
1506 2195 1516 2212 ‚
1542 2172 1581 2204 ut

110 2219 220 2264 ipsum
235 2218 391 2253 colamus.
438 2218 600 2254 Pharaoh
623 2219 742 2264 itaque
764 2218 865 2253 fidem
881 2229 972 2253 suam
997 2218 1132 2260 datam,
1157 2229 1233 2252 cum
1256 2222 1371 2252 tamen
1393 2228 1459 2251 non
1480 2227 1582 2260 prae-

110 2264 258 2306 stiterit3
305 2265 419 2300 Moses
461 2276 481 2299 a
510 2265 583 2299 Deo
618 2265 777 2311 precibus
811 2264 1005 2307 contendit,
1053 2268 1091 2299 ut
1124 2262 1372 2298 calamitatibus
1405 2262 1439 2295 in
1472 2261 1582 2307 ipsum

109 2309 368 2365 Aegyptiosque
389 2310 561 2353 immissis,
597 2312 727 2356 Regem
752 2310 796 2345 ad
821 2310 980 2356 populum
1003 2309 1228 2345 Israeliticum
1251 2309 1485 2344 dimittendum
1508 2307 1583 2341 adi-

110 2363 183 2402 gat.
231 2357 369 2391 Imtmsit
390 2356 497 2402 igitur
519 2357 610 2392 Deus
634 2357 817 2403 Aegyptiis
840 2356 1089 2402 septemplicem
1112 2355 1218 2396 iram3
1266 2355 1352 2389 adeo
1376 2359 1415 2387 ut
1439 2365 1460 2387 a
1483 2353 1582 2388 Mose

110 2402 253 2449 petierit
271 2403 442 2445 Pherecli,
466 2402 516 2437 uti
537 2408 709 2438 tantorum
728 2403 889 2437 malorum
907 2403 1141 2438 liberationem
1159 2414 1180 2436 a
1197 2401 1271 2435 Deo
1288 2400 1507 2446 impetraret3
1531 2398 1583 2432 ita

110 2447 221 2490 vivit,
243 2448 420 2494 inquiens,
443 2448 607 2484 Dominus
626 2450 717 2483 Deus
735 2455 831 2490 tuus,
856 2452 895 2483 ut
917 2461 981 2494 ego
1006 2461 1073 2483 non
1096 2448 1298 2493 impediam,
1324 2458 1390 2491 quo
1415 2445 1520 2478 minus
1544 2450 1583 2478 tu

111 2493 324 2574 Kppulusque
362 2499 439 2530 tuus
472 2494 677 2530 Israeliticus
710 2495 784 2529 Deo
817 2499 932 2530 vestro
967 2495 1091 2530 cultum
1124 2493 1314 2539 praestetis.
1371 2491 1434 2525 His
1468 2491 1582 2531 dictis,

119 2576 122 2579 ,
153 2551 226 2575 oses
257 2551 432 2585 egressus,
463 2540 573 2576 Deum
597 2541 731 2576 Israelis
755 2545 912 2586 precatus
936 2544 996 2576 est.
1045 2540 1253 2584 Judaeisque
1277 2538 1358 2571 dein
1383 2535 1580 2577 annunciat,

111 2585 241 2620 habere
264 2597 322 2621 eos
345 2598 458 2621 omnes
482 2599 503 2622 a
526 2587 624 2632 Rege
655 2598 868 2629 concessam,
905 2587 949 2621 ad
973 2586 1100 2621 cultum
1123 2586 1197 2620 Deo
1223 2583 1483 2630 praestandum,
1519 2593 1581 2615 ex-

113 2629 216 2665 eundi
237 2630 420 2667 licentiam.
466 2633 539 2667 Ista
563 2638 675 2668 autem
707 2633 743 2667 in
766 2632 946 2667 Hebraicis
970 2631 1107 2678 scriptis
1130 2631 1323 2665 traduntur.
1371 2627 1582 2663 Petissonius

112 2681 225 2711 autem
249 2676 408 2713 Pharaoh
431 2690 492 2713 rex
516 2679 700 2726 Memphim
724 2678 859 2721 statim,
903 2677 1162 2713 celeberrimum
1186 2676 1270 2709 illud
1293 2673 1477 2709 Oraculum
1501 2684 1582 2708 con-

114 2722 247 2757 sulendi
270 2734 392 2766 causa,
442 2726 611 2760 rofectus:
650 2725 824 2770 sacrisque
848 2724 1020 2770 peractis,
1046 2721 1207 2768 Pythiam
1229 2721 1264 2755 in
1289 2721 1375 2754 haec
1397 2720 1506 2754 verba
1529 2719 1583 2753 in-

112 2772 281 2813 terrogat.
328 2769 395 2811 „E
426 2781 486 2804 are
517 2771 624 2813 mihi,
654 2771 729 2817 quis
762 2771 852 2805 inter
884 2782 945 2805 vos
975 2769 1104 2815 primus
1137 2772 1208 2808 est,
1253 2777 1460 2811 magnusque
1490 2765 1584 2799 Deus

111 2813 310 2849 Israelis'l“
335 2814 482 2860 tulitque
504 2816 567 2850 hoc
589 2828 795 2863 responsum.
843 2816 904 2858 „A
930 2816 1024 2850 coelo
1049 2813 1253 2854 descendet,
1276 2811 1443 2846 flammam
1466 2811 1584 2857 aethe-

113 2871 207 2896 ream
228 2871 411 2905 superans,
447 2861 625 2906 perennis,
657 2860 852 2896 immortalis
878 2861 979 2905 Ignis.
1037 2860 1137 2893 Hunc
1160 2862 1310 2893 tremunt
1334 2857 1466 2900 omnia,
1502 2869 1583 2892 coe-

113 2905 200 2948 lum,
223 2913 338 2948 terra,
363 2917 544 2951 mareque,
566 2907 823 2953 Daemonesque
842 2906 985 2941 Inferni.
1035 2905 1124 2941 Deus
1146 2905 1210 2941 iste
1234 2903 1286 2939 sui
1310 2907 1431 2951 pater,
1456 2906 1491 2938 et
1512 2902 1584 2938 sine

172 2960 315 2994 loannes
345 2959 510 2994 Matalas.
1280 2952 1306 2995 5
