1838 3230
245 178 344 228 390
571 207 573 210 ι
643 171 1290 219 IOANNIS‘MALALAE

246 294 368 336 σίνων
387 287 469 336 τῶν
493 292 534 335 ἐν
557 291 796 351 Ἀντιοχείᾳ,
828 290 966 346 λέγων,
992 292 1078 335 Διὰ
1103 295 1146 336 τί
1161 293 1257 343 τοὺς
1277 293 1439 349 νεκροὺς
1463 290 1588 347 μόνον
1598 277 1692 339 ,τῶὶ

241 359 449 404 Ἰουδαίων
465 359 662 415 ἕκαυσανς
696 361 820 415 ἐχρῆν·
833 359 911 416 γὰρ
935 359 1082 411 αὐτοὺς
1101 363 1168 405 καὶ
1184 360 1280 410 τοὺς
1300 362 1452 414 ζῶντας
1465 361 1689 411 Ἰουδαίους

194 436 224 472 Β
248 432 406 472 καῦσαι.
475 430 542 470 καὶ
567 425 777 482 ἕσιωπήθη
797 427 843 469 τὸ
862 431 1040 484 πρᾶγμα.

344 516 392 561 Ὅ
419 518 466 560 ’δὲ
494 516 615 567 αὐτὸς
642 517 832 569 βασιλεὺς
849 515 994 572 Ζήνων
1023 515 1229 574 ἐρωτήσας
1252 517 1494 571 Μαυριανόν
1519 517 1592 560 τὸν
1615 532 1689 561 σο-

249 583 439 643 φώτατον
458 583 614 639 κόμητα
623 617 637 637 ,
675 583 784 634 ὅστις
805 585 936 627 πολλὰ
961 585 1070 642 αὐτῷ
1090 586 1316 642 προέλεγεν,
1353 582 1403 640 ἦν
1422 586 1500 642 γὰρ
1523 586 1589 628 καὶ
1608 594 1722 640 μιν-5

249 651 367 696 στικοὶ
394 669 484 695 τινα
515 650 649 704 εἰδώς,
694 653 760 694 καὶ
793 654 854 703 τίς
885 652 967 706 μετ’
998 653 1120 695 αὐτὸν
1148 651 1373 706 βασιλεύει,
1409 660 1594 709 προεῖπεν
1629 651 1692 695 ὅτι

249 723 316 763 καὶ
343 720 416 774 τὴν
442 721 650 773 βασιλείαν
682 719 808 762 αὐτοῦ
843 722 909 762 καὶ
931 720 1003 775 τὴν
1039 728 1206 775 γυναῖκα
1234 720 1360 763 αὐτοῦ
1382 721 1610 774 ὃιαὸἕχεταί
1630 736 1694 770 τις

250 788 330 830 ἀπὸ
357 789 640 843 σιλεντιαρίων.
704 789 794 842 [καὶ
812 792 943 830 ταῦτα
969 786 1185 837 ἀκούσαςὸ
1211 788 1399 841 βασιλεὺς
1418 786 1561 841 Ζήνων
1593 804 1694 830 συν-

251 856 339 910 έσχε
376 854 447 898 τὸν
486 855 695 910 πατρίκιον
732 853 934 911 Πελάγων
966 854 1036 897 τὸν
1073 854 1152 897 ἀπὸ
1190 856 1484 912 σιλεντιαρίων]
1526 852 1694 911 πληρώ-

252 940 383 965 σαντα
414 922 481 965 καὶ
510 920 687 965 ἐλθόντα
708 924 762 971 ε’ῗς
787 923 863 977 τὴν
883 926 955 965 τοῦ
986 923 1196 978 πατρικίου
1213 923 1349 974 ἀξίαν,
1387 922 1516 978 ἄνδρα
1539 919 1749 979 σοφόν·10

250 991 426 1033 ἐκέλευσε
458 988 662 1045 δημεύσας
691 989 993 1046 φυλάττεσθαι’
1031 989 1164 1032 ὅντινα
1195 989 1337 1039 νυκτὸς
1358 990 1396 1032 οἱ
1422 988 1696 1046 φυλάσσοντες

253 1057 412 1107 ἔπνιξαν
446 1059 512 1099 καὶ
554 1056 725 1114 ἕῤῥιψαν
766 1060 821 1107 εἲς
867 1056 1086 1100 θάλασσαν
1118 1057 1165 1099 τὸ
1196 1059 1388 1110 λείψανον
1429 1056 1554 1099 αὐτοῦ
1591 1057 1695 1100 κατὰ

254 1125 428 1167 κέλευσιν
446 1128 519 1167 τοῦ
542 1125 752 1177 βασιλέως.
804 1127 869 1167 καὶ
894 1123 1071 1174 ἀκούσας
1097 1130 1217 1167 τοῦτο
1241 1123 1261 1166 ὃ
1286 1125 1457 1180 ἔπαρχος
1477 1129 1559 1167 τῶν
1574 1142 1696 1180 πραι-

254 1194 411 1248 τωρίων
429 1190 639 1247 Ἀρκὰὃιος
673 1190 862 1247 ἐλοιδόρει
882 1193 952 1235 τὸν
973 1193 1143 1244 βασιλέα
1173 1190 1346 1247 Ζήνωνα
1381 1193 1447 1234 διὰ
1479 1189 1695 1247 Πελάγιον·

205 1261 235 1294 C
257 1261 322 1302 καὶ
347 1255 473 1313 ἦλθεν
502 1261 556 1308 εἷς
588 1258 661 1307 τὰς
690 1259 814 1309 ἀκοὰς
846 1258 1058 1314 Ζήνωνος,
1095 1262 1161 1301 καὶ
1192 1260 1389 1302 ἐκέλευσεν
1422 1257 1695 1315 εἷσερχόμενον
1707 1269 1750 1305 15

113 1307 146 1341 ⁰
170 1305 237 1342 1⁰4
258 1327 313 1376 εἷς
343 1326 390 1368 τὸ
417 1324 613 1368 παλάτιον
639 1331 853 1382 σφαγῆναι.
923 1325 943 1369 ὁ
973 1329 1016 1369 δὲ
1036 1326 1246 1378 Ἀρκάδιος
1276 1327 1426 1380 μαθὼν
1458 1331 1604 1379 τοῦτο,
1643 1325 1698 1377 ὥς

257 1391 479 1448 μετεστάλη
513 1393 593 1435 ἀπὸ
622 1398 693 1435 τοῦ
713 1395 935 1447 βασιλέως,
970 1393 1264 1450 παρερχόμενος
1284 1394 1362 1435 ἀπὸ
1393 1398 1464 1447 τῆς
1487 1395 1697 1449 ἐκκλησίας

260 1462 442 1514 ἐποίησεν
470 1458 524 1509 ὦς
553 1461 685 1503 θέλων
712 1460 930 1511 εὔξασθαι·
989 1464 1054 1503 καὶ
1079 1461 1288 1508 κατελθών
1316 1462 1358 1502 ἐκ
1387 1465 1459 1502 τοῦ
1493 1459 1697 1515 ὀχήματος

262 1530 446 1582 εῗσῆλθεν
476 1530 531 1577 εἷς
561 1528 633 1581 τὴν
660 1527 836 1583 μεγάλην
865 1530 1074 1583 ἐκκλησίαν
1106 1526 1593 1578 Κωνσταντινουπόλεως·
1630 1531 1696 1570 καὶ

262 1595 285 1609 υ
426 1594 449 1609 ν
608 1597 616 1610 x
647 1596 682 1612 τ’
698 1595 707 1607 ι
723 1594 734 1610 Ι
941 1594 951 1610 Ι
1165 1598 1173 1611 ε
1213 1594 1225 1609 6
1273 1596 1295 1611 ν
1399 1597 1411 1612 τ
1456 1602 1474 1611 -ι
1584 1594 1595 1611 1

261 1612 407 1650 εμεινεν
425 1611 516 1647 ww,
553 1612 618 1637 και
641 1600 822 1652 ερρυσθη
841 1600 1039 1639 θανατου,
1110 1614 1176 1638 και
1197 1613 1250 1645 ως
1270 1613 1375 1638 εστιν
1394 1612 1489 1647 εκει,
1525 1597 1693 1650 ἐὸημευ-
1705 1607 1752 1641 20

351 1693 385 1727 6.
408 1689 470 1725 καὶ
492 1691 567 1734 τίς]
591 1691 645 1731 τίς
668 1690 794 1725 Chron.
818 1691 937 1726 Pasch.
962 1703 995 1736 p.
1019 1690 1097 1726 328.
1122 1690 1162 1724 A.
1262 1692 1293 1725 8.
1316 1690 1377 1726 καὶ
1400 1691 1515 1725 ταῦτα
1538 1688 1700 1732 ἀκούσας

352 1737 443 1780 etc.]
479 1736 613 1777 „Quae
643 1736 735 1770 uncis
764 1736 891 1770 inclusa
926 1740 1022 1776 sunt,
1053 1748 1093 1769 ex
1124 1737 1205 1769 Chr.
1236 1736 1329 1769 Alex.
1360 1737 1601 1781 supplevimus,
1638 1737 1698 1782 qui

351 1781 437 1816 haec
467 1780 541 1826 ipsa
573 1792 614 1813 ex
645 1787 778 1822 nostro,
809 1782 863 1813 vel
888 1786 1029 1825 uterque
1052 1793 1093 1815 ex
1115 1781 1217 1815 tertio
1242 1782 1404 1824 quodam,
1435 1782 1700 1827 transscripsit.“

345 1826 416 1859 Ch.
508 1828 561 1861 11.
588 1824 742 1860 ἐκέλευσε
760 1824 939 1871 δημεύσας
956 1825 1225 1870 φυλάττεσθαι]
1250 1851 1271 1867 „
1284 1827 1363 1859 Chr.
1381 1827 1474 1860 Alex.
1493 1827 1613 1869 habet,
1638 1827 1698 1862 καὶ

352 1869 535 1915 δημεύσας
559 1869 672 1906 αὐτόν
697 1871 853 1907 ἐκέλευσε
872 1872 1139 1913 φυλάττεσθαι·
1174 1871 1317 1912 rectius;
1348 1872 1408 1906 καὶ
1426 1873 1511 1906 enim
1529 1873 1696 1917 particula

351 1917 442 1993 ἓςῖιιιό
467 1922 613 1951 nostrum
639 1916 885 1953 desiderat-urst
918 1918 982 1954 ch.
1074 1920 1128 1953 17.
1162 1915 1235 1952 ἀπὸ
1255 1918 1341 1962 τῆς]
1374 1916 1437 1952 διὰ
1457 1918 1522 1962 τῆς
1545 1917 1699 1964 μεγάλης

405 1971 478 1994 ron.

261 2041 432 2093 patratum
455 2039 586 2082 suerat,
609 2039 715 2074 iratus
738 2040 803 2083 eis,
842 2065 865 2082 ‚,
877 2041 1060 2082 Quorsum,
1084 2039 1211 2085 inquit,
1233 2040 1379 2076 Judaeos
1401 2043 1547 2074 mortuos
1569 2043 1698 2075 tantum

259 2083 395 2126 ignibus
417 2084 633 2124 mandarunt,
672 2097 752 2129 quos
776 2086 877 2120 etiam
899 2087 993 2121 vivos
1025 2097 1239 2130 concremare
1262 2085 1470 2130 oportuit2“
1514 2085 1583 2119 Res
1613 2096 1696 2120 vero

260 2128 340 2162 inde
361 2128 492 2162 silentio
517 2129 650 2173 sepulta
673 2136 731 2163 est.

349 2173 442 2207 Idem
464 2185 545 2207 vero
576 2176 762 2217 Imperator
784 2175 876 2208 Zeno
910 2175 1119 2209 Maurianum
1150 2174 1330 2216 Comitem,
1366 2174 1473 2208 virum
1495 2174 1699 2218 sapientissi-

262 2229 367 2259 mum,
391 2218 477 2262 (qui
500 2218 600 2251 multa
624 2219 655 2251 ei
679 2220 914 2262 praedixerat3
939 2226 1036 2254 norat
1060 2221 1143 2254 enim
1167 2221 1298 2254 occulta
1321 2220 1483 2264 quaedam
1507 2219 1696 2264 Mysteria)

262 2263 505 2306 interrogavit;
538 2263 656 2303 „Quis
681 2268 757 2306 post
778 2277 813 2297 se
836 2266 1059 2309 imperaturus
1083 2265 1192 2299 esset?
1215 2264 1400 2308 Respondit
1421 2265 1498 2302 ille3
1521 2265 1698 2309 Imperium

264 2308 377 2348 siml,
417 2313 452 2341 et
475 2319 607 2340 uxorem
631 2314 719 2350 tuam
755 2310 898 2353 accipiet
920 2311 1055 2354 quidam
1088 2322 1129 2343 ex
1153 2309 1390 2343 Silentiariis.“
1438 2310 1534 2352 [Hoc
1566 2310 1697 2351 audito,

263 2353 451 2397 Imperator
481 2352 730 2396 comprehendit
762 2353 932 2397 Pelagium
964 2355 1166 2396 Patricium,
1205 2354 1261 2398 qui
1289 2355 1358 2398 jam
1380 2353 1455 2387 olim
1487 2354 1699 2389 Silentiario—

262 2398 358 2440 rum]
391 2398 528 2440 gradum
562 2409 744 2441 supremum
776 2400 991 2441 ascenderat,
1026 2406 1061 2433 et
1085 2399 1127 2433 ad
1151 2399 1349 2444 dignitatem
1371 2399 1551 2433 Patricium
1575 2411 1698 2443 prove-

263 2447 335 2476 ctus
358 2443 492 2484 fuerat,
528 2443 632 2476 virum
655 2443 857 2487 sapientem:
892 2445 1050 2489 bonisque
1074 2445 1143 2487 ejus
1168 2444 1362 2488 publicatis,
1396 2444 1499 2488 ipsum
1525 2445 1697 2479 custodiae
1751 2446 1755 2452 “

263 2486 415 2520 tradidit.
472 2487 572 2520 Hunc
594 2498 694 2529 vero,
729 2487 943 2531 Imperatoris
965 2490 1065 2533 ipsius
1088 2500 1129 2522 ex
1152 2489 1329 2530 mandato,
1365 2489 1528 2523 Custodes
1550 2501 1611 2533 per
1633 2501 1696 2524 no-

265 2537 350 2564 ctem
384 2532 653 2575 strangularunt,
700 2543 887 2577 corpusque
917 2533 952 2566 in
983 2546 1072 2566 mare
1106 2535 1328 2577 projecerunt.
1396 2533 1556 2568 Arcadius
1585 2539 1695 2569 autem

265 2576 445 2610 Praetorio
471 2577 668 2611 Praefectus
690 2577 748 2610 ubi
779 2577 842 2611 hoc
864 2578 1025 2611 audierat.
1071 2579 1309 2622 Imperatorem
1339 2579 1382 2611 ob
1405 2578 1536 2622 Pelagii
1559 2580 1694 2613 caedem

266 2621 423 2655 conviciis
445 2621 626 2655 insectatus
649 2626 717 2655 est:
743 2623 831 2666 quod
853 2622 912 2655 ubi
935 2623 978 2655 ad
1001 2623 1145 2656 Zenonis
1173 2634 1268 2656 aures
1291 2623 1513 2666 pervenisset,
1533 2624 1632 2666 jussit
1654 2625 1695 2657 il-

265 2664 352 2707 lum,
389 2666 524 2700 simulac
546 2666 705 2710 palatium
727 2666 971 2710 ingrederetur,
997 2667 1116 2700 occidi.
1162 2668 1236 2700 Hoc
1261 2668 1316 2700 ubi
1339 2670 1500 2703 rescierat
1522 2669 1696 2710 Arcadius,

268 2721 340 2743 cum
373 2712 415 2744 ab
440 2711 646 2754 Imperatore
676 2712 855 2747 accersitus
878 2711 1059 2746 Ecclesiam
1089 2712 1332 2755 pertransiret,
1371 2725 1413 2747 ex
1434 2725 1536 2747 curru
1558 2713 1695 2748 descen-

266 2753 370 2795 dens,
406 2755 571 2791 simulavit
592 2757 679 2790 velle
707 2769 743 2790 se
765 2757 916 2801 precari:
952 2756 1202 2800 Ecclesiamque
1229 2757 1386 2800 Magnam
1409 2757 1695 2803 Constantinopoli

267 2799 446 2845 ingressus,
467 2799 515 2836 ibi
537 2801 668 2844 mansit,
690 2813 710 2836 a
731 2807 838 2839 morte
862 2803 910 2838 sic
931 2802 1109 2845 liberatus3
1143 2801 1237 2838 bouis
1258 2802 1391 2840 interim
1413 2804 1483 2850 ejus
1506 2803 1652 2839 oumibus
1673 2813 1695 2838 a
