1838 3230
291 185 387 232 176
677 180 963 228 loANMs
994 152 1334 231 MALALAE

287 295 419 356 θρόν,
454 303 512 358 τῷ
542 300 587 344 δὲ
617 300 702 357 ἀέρι
728 300 775 344 τὸ
801 299 949 355 ’Άλβον
975 302 1120 360 με’ρος,
1159 302 1215 355 ὦς
1237 302 1399 348 λευκόν·
1434 306 1620 352 κᾶκεῒθεν
1639 307 1732 353 ἔπε-

286 365 420 423 νοήθη
441 367 492 410 τὰ
512 368 690 426 τέσσαρα
708 369 811 425 με’ρη
839 370 881 412 ἓν
895 367 1041 427 Ῥώμῃ.
1110 369 1270 416 ε’κάλεσε
1298 374 1342 416 δὲ
1362 373 1407 417 τὸ
1424 373 1635 432 Πράσινον
1656 377 1732 431 με’-”ι

288 452 373 493 ρος,
403 434 426 478 ὅ
446 436 530 478 ἐστι
553 436 750 493 ῥωμαϊστὶ
773 436 819 479 τὸ
845 436 1145 495 ἓμπαράμονον,
1167 439 1459 497 πραισεντεῦειν
1481 443 1560 499 γὰρ
1579 444 1731 500 λέγεται

286 504 334 546 τὸ
362 503 623 560 παραμένειν,
661 502 763 547 διότι
786 503 812 560 ἡ
831 504 1018 562 χλοώδης
1036 511 1085 563 γῆ
1109 508 1175 550 διὰ
1192 509 1344 559 παντὸς
1364 512 1528 553 ’ίσταται
1549 511 1624 554 σὺν
1645 519 1731 563 τοῖς
1760 549 1763 556 ,

287 571 438 614 ἄλσεσι.
507 571 556 614 τὸ
585 573 629 615 δὲ
654 573 826 616 Βένετον
854 572 1036 618 ἐκάλεσεν
1070 576 1113 619 ἐκ
1141 580 1213 618 τοῦ
1242 575 1339 619 εἶναι
1366 575 1446 621 ὕπὸ
1479 578 1554 635 τὴν
1573 577 1763 635 Ῥώμην5

287 640 481 695 ἐπαρχίαν
507 638 683 695 μεγάλην
712 639 853 698 χώραν
880 642 1092 698 λεγομένην
1121 645 1352 699 Βενετζίαν,
1388 640 1552 702 ἧστινος
1573 645 1732 705 μητρό-

139 702 172 736 0
195 703 264 782 9Ξέ
286 709 403 757 πολίς
425 708 531 750 ἐστιν
548 707 762 764 Ἀκυληία,
800 709 986 753 κάκεῖθεν
1017 711 1214 768 ἐξέρχεται
1242 712 1294 755 τὰ
1325 712 1454 757 κυανά
1465 747 1480 767 ,
1513 714 1622 758 τοῦτ’
1644 717 1731 759 ἐστὶ

285 775 339 818 τὰ
355 776 541 827 Βενέτζια
559 774 759 831 βάμματα
777 782 858 820 τῶν
876 778 1059 832 ἱματίων.
1129 781 1193 822 καὶ
1215 779 1508 838 προσεκόλλησε
1525 787 1583 841 τῷ
1604 786 1729 840 Πρα-

285 844 383 902 σίνῳ
400 843 524 901 μέρει,
550 843 572 887 ὅ
592 846 676 887 ἔστι
698 849 749 902 τῇ
767 850 831 902 γῇ,
858 845 904 889 τὸ
921 844 1076 900 λευκόν,
1113 849 1227 903 φησί,
1262 849 1334 892 τὸν
1351 849 1469 907 ἀέρα,
1491 849 1639 894 καθότι
1661 853 1728 895 καὶ

283 911 416 968 βρέχει
443 913 509 954 καὶ
535 910 730 970 ὗπουργεΐ
751 915 818 955 καὶ
849 911 1039 970 ἁρμόττει
1067 919 1117 972 τῇ
1145 920 1216 972 γῇ·
1252 918 1318 959 καὶ
1342 921 1400 975 τῷ
1423 917 1580 977 Βενέτῳ
1600 919 1724 975 με’ρει,
1739 929 1784 966 10

283 978 307 1023 ὅ
326 981 409 1023 ε’στι
428 987 513 1030 τοΐς
531 980 674 1034 ὕδασι,
712 981 1004 1039 προσεκόλλησε
1033 985 1234 1038 συμμίξας
1264 984 1312 1027 τὸ
1330 983 1509 1029 Ῥούσιον
1524 987 1669 1042 με’ρος,
1704 987 1727 1030 ὅ

284 1048 370 1091 ἔστι
387 1048 432 1091 τὸ
455 1053 561 1106 πῦρ,
599 1047 747 1092 καθότι
769 1050 955 1103 σβέννυσι
974 1050 1020 1094 τὸ
1038 1050 1149 1108 ὕδωρ
1170 1051 1217 1094 τὸ
1235 1056 1341 1109 πῦρ,
1377 1051 1432 1103 ὥς
1456 1051 1729 1111 ὑποτεταγμέ-

283 1133 355 1159 νον
387 1116 512 1174 αὐτῷ.
581 1119 647 1160 καὶ
680 1118 820 1162 λοιπὸν
850 1119 887 1161 οἱ
917 1119 990 1174 τὴν
1015 1117 1174 1174 Ῥώμην
1197 1121 1395 1171 οἰκοῦντες
1414 1123 1728 1179 διεμερίσθησαν

284 1190 341 1238 εἰς
367 1188 420 1230 τὰ
445 1187 571 1244 με’ρη,
610 1188 676 1229 καὶ
696 1186 824 1229 οὐκέτι
842 1185 1082 1242 ὦμονόησαν
1108 1187 1209 1243 πρὸς
1234 1186 1434 1244 ἀλλήλους
1467 1190 1534 1232 διὰ
1565 1189 1612 1233 τὸ
1631 1191 1728 1247 ἐρᾶν

284 1256 425 1299 λοιπὸν
466 1261 540 1311 τῆς
578 1256 683 1305 ἰδίας
719 1256 830 1310 νίκης
864 1257 931 1298 καὶ
968 1255 1262 1298 ἀντιποιεῖσθαι
1297 1261 1370 1300 τοῦ
1419 1259 1523 1301 ἰδίου
1557 1257 1721 1314 μέρους,
1737 1269 1782 1306 15

286 1323 421 1380 ὥσπερ
448 1325 669 1379 θρησκείας
692 1320 812 1373 τινός.
881 1325 948 1366 καὶ
979 1324 1128 1379 ἐγένετο
1150 1324 1252 1379 μέγα
1275 1325 1426 1379 σχίσμα
1446 1326 1488 1368 ἓν
1508 1330 1559 1383 τῇ
1575 1324 1724 1384 Ῥώμῃ,

231 1406 264 1442 1)
287 1394 354 1434 καὶ
383 1390 558 1447 μεγάλην
590 1391 743 1448 ἔχθραν
773 1389 877 1445 εἶχον
905 1391 1006 1448 πρὸς
1031 1389 1229 1445 ἀλλήλους
1253 1393 1295 1434 ἓν
1314 1397 1365 1449 τῇ
1379 1390 1511 1450 Ῥώμῃ
1535 1393 1586 1437 τὰ
1606 1394 1724 1449 μέρη,

282 1458 409 1517 ἇῳότε
430 1457 638 1515 ἐπενόησεν
661 1459 796 1509 αὐτοῖς
818 1459 892 1513 τὴν
912 1464 985 1502 τοῦ
1009 1460 1172 1502 ἱππικοῦ
1190 1458 1294 1502 θεάν
1315 1457 1336 1503 ὃ
1356 1458 1522 1515 Ῥῶμος.
1573 1463 1638 1503 καὶ
1659 1460 1726 1504 ὅτε

280 1529 323 1571 ἐν
344 1525 565 1586 οἱῳδήποτε
586 1527 695 1584 με’ρει
717 1525 816 1570 εἶδεν
839 1525 859 1569 ὃ
879 1525 1032 1581 Ῥῶμος
1058 1531 1277 1584 φιλοῦντας
1305 1528 1403 1577 τοὺς
1432 1528 1727 1583 λελυπημένους

282 1597 347 1638 καὶ
383 1595 703 1648 ἀνθισταμένους
742 1594 852 1653 αὐτῷ
889 1594 1042 1651 δήμους
1072 1595 1097 1650 ἢ
1131 1595 1414 1651 συγκλητικοὺς
1448 1596 1515 1638 διὰ
1543 1596 1613 1639 τὸν
1637 1594 1780 1642 &oi-20

282 1681 407 1707 νατον
425 1667 498 1706 τοῦ
519 1663 696 1721 ἀδελφοῦ
725 1663 850 1706 αὐτοῦ
889 1662 914 1719 ἢ
945 1663 1002 1707 δι’
1034 1661 1160 1719 ἄλλην
1183 1665 1316 1707 αἰτίαν
1337 1662 1599 1720 οἱανδήποτε,
1633 1662 1726 1708 ε’δό-

371 1807 406 1842 3.
441 1803 702 1850 ἒμπαρὰμονον
735 1805 883 1851 chron„
917 1803 1169 1852 ἐμπαράμενον
1192 1805 1259 1841 ΟΧ.
1394 1804 1427 1841 4.
1462 1801 1624 1852 χλοαῖδης
1646 1806 1723 1849 clx„

371 1852 519 1894 Chron.‚
542 1854 696 1896 χλοῶδες
719 1852 786 1887 ΟΧ.
898 1854 931 1889 5.
955 1851 1076 1888 ἄλσεσι
1099 1853 1164 1887 ΟΧ.
1278 1853 1310 1888 8.
1334 1852 1385 1899 τῷ
1408 1851 1486 1894 ch,
1510 1853 1657 1893 Chron.‚
1679 1851 1722 1887 τὸ

372 1898 442 1934 ΟΧ.
532 1899 566 1933 9.
591 1910 680 1944 φησι
701 1904 777 1943 post
798 1897 935 1934 καθότι
958 1899 1051 1944 ponit
1069 1898 1195 1933 Chron.
1288 1896 1342 1933 14.
1365 1896 1450 1942 ἐρᾶν
1471 1897 1607 1939 Chron.‚
1632 1896 1724 1941 ὁρᾶν

372 1943 441 1977 Ox.
542 1944 595 1979 15.
618 1944 768 1991 λοιπὸν]
794 1944 945 1982 ἕκαστον
968 1945 1092 1980 chron.
1194 1944 1248 1980 18.
1273 1940 1389 1990 ἀφότε
1412 1943 1498 1986 Ch.,
1521 1941 1633 1980 ἇπότε
1654 1944 1723 1979 ΟΧ.

282 2070 424 2112 propter
447 2067 566 2102 coloris
596 2068 793 2104 albedinem.
839 2070 920 2104 Inde
943 2073 1089 2114 quatuor
1117 2068 1195 2103 illae
1213 2067 1249 2103 in
1270 2067 1377 2102 Roma
1398 2065 1589 2101 Factiones.
1634 2065 1722 2101 Pra-

282 2113 386 2147 sinam
419 2118 528 2147 autem
548 2114 727 2148 factionem
755 2114 831 2148 ideo
854 2116 1010 2156 vocavit,
1048 2115 1127 2160 quia
1160 2119 1255 2149 terra
1286 2113 1397 2147 virens
1431 2123 1504 2146 cum
1533 2111 1722 2146 nemoribus

280 2158 348 2192 suis
374 2158 470 2192 firma
491 2163 559 2193 stat
581 2171 722 2204 semper.
769 2160 942 2195 Prasinum
966 2161 1050 2195 enim
1074 2160 1201 2195 Latinis
1223 2160 1423 2193 permanens
1453 2162 1513 2192 est.
1557 2158 1721 2191 Venetam

283 2209 393 2237 autem
414 2203 594 2239 factionem
616 2206 821 2249 appellavit,
852 2207 941 2251 quod
964 2218 1005 2240 ex
1027 2207 1160 2240 Veneta
1182 2204 1377 2250 provincia,
1409 2203 1536 2237 Romae
1557 2203 1720 2246 subjecta,

282 2249 375 2292 cujus
398 2249 598 2294 Metropolis
621 2256 671 2285 est
693 2251 866 2295 Aquileia,
897 2252 998 2297 panni
1021 2251 1164 2292 Veneti,
1186 2249 1222 2284 id
1245 2254 1316 2290 est,
1337 2248 1493 2282 coeruleo
1517 2249 1630 2283 colore
1651 2247 1721 2281 tin-

282 2295 343 2335 cti,
367 2295 566 2330 afferuntur.
612 2296 772 2330 Prasinae
794 2301 904 2330 autem
927 2296 1093 2338 Factioni,
1115 2296 1185 2330 sive
1203 2295 1336 2329 Terrae
1355 2294 1485 2335 Albam,
1507 2293 1578 2328 sive
1599 2297 1719 2326 Aerem

280 2340 472 2383 conjunxit3
493 2353 535 2375 ex
558 2353 598 2376 co
620 2342 711 2386 quod
734 2342 803 2375 Aer
826 2342 958 2376 Terrae
977 2342 1021 2376 sit
1044 2340 1321 2380 accommodatus,
1345 2350 1418 2373 eam
1438 2338 1597 2382 irrigans,
1619 2337 1719 2381 eique

280 2386 498 2421 subserviens.
543 2387 700 2422 Factioni
720 2392 828 2420 autem
852 2388 1015 2429 Venetae,
1036 2387 1107 2421 sive
1129 2386 1233 2431 aquis,
1264 2385 1436 2425 Russeam,
1457 2384 1495 2417 id
1517 2388 1579 2423 est,
1601 2381 1718 2426 Ignem

279 2431 485 2474 assignavit3
529 2444 569 2467 eo
601 2433 690 2478 quod
712 2433 808 2476 Aqua
836 2432 968 2476 ignem,
1009 2436 1169 2477 tanquam
1191 2430 1254 2465 sibi
1285 2431 1488 2473 subjectum,
1531 2427 1719 2471 extinguat.

280 2475 461 2510 Caeterum
492 2478 632 2513 Romani
655 2479 716 2512 hoc
739 2478 836 2511 modo
868 2478 904 2510 in
926 2477 1102 2511 Factiones
1124 2476 1298 2517 distracti,
1332 2478 1474 2527 propter
1501 2471 1611 2526 studia
1633 2473 1721 2506 Par-

279 2520 383 2563 tium3
420 2524 496 2557 dum
520 2524 658 2569 quisque
680 2534 752 2558 eam
784 2522 911 2567 cupivit
932 2523 1137 2567 superiorem
1160 2532 1252 2561 esse,
1289 2530 1344 2553 cul
1364 2519 1438 2562 ipse
1460 2529 1600 2552 maxime
1621 2518 1720 2571 feve-

277 2565 358 2607 bat3
382 2579 447 2601 non
470 2570 607 2613 amplius
626 2570 712 2603 inter
734 2580 769 2602 se
791 2568 971 2602 concordes
994 2569 1140 2601 fuerunt.
1187 2565 1339 2609 Quisque
1361 2564 1448 2597 enim
1471 2574 1533 2608 pro
1555 2563 1720 2597 Factlone

277 2623 340 2644 sua
362 2616 521 2657 tanquam
555 2626 618 2659 pro
641 2614 816 2658 Religione
839 2612 1081 2658 propugnavit:
1121 2611 1201 2645 inde
1225 2610 1302 2644 odia
1323 2609 1481 2642 intestina
1504 2607 1719 2653 gravissima-

278 2667 346 2700 que
369 2658 506 2693 dissidia
528 2659 617 2694 inter
639 2661 804 2694 factiones
826 2659 861 2693 in
883 2659 967 2692 urbe
991 2658 1194 2697 extiterunt,
1231 2666 1273 2688 ex
1297 2666 1364 2699 quo
1387 2660 1538 2698 tempore
1560 2653 1717 2688 Romulus

277 2702 417 2746 primum
442 2705 615 2749 Equestris
638 2706 725 2739 illius
758 2703 948 2740 certaminis
970 2702 1194 2748 spectaculum
1217 2700 1378 2734 exhibuit.
1425 2699 1581 2733 Romulus
1604 2698 1718 2738 etiam,

276 2746 305 2779 si
329 2749 461 2792 quando
485 2750 684 2785 advertisset
707 2762 748 2784 ex
770 2750 915 2795 populo,
945 2748 999 2783 vel
1023 2746 1493 2790 senatoribuquuoscunque,
1526 2744 1640 2787 hujus,
1662 2741 1718 2776 vel

276 2793 364 2827 illius
388 2795 562 2837 factionis,
598 2797 632 2830 in
656 2801 768 2841 partes
793 2806 905 2829 eorum
927 2796 1060 2834 euntes,
1092 2792 1152 2838 qui
1173 2791 1250 2825 odio
1272 2791 1380 2835 ipsum
1404 2790 1593 2838 babuerunt
1615 2791 1718 2831 atque

277 2839 542 2875 adversabantur
565 2843 619 2883 ei,
652 2841 707 2875 vel
730 2842 773 2875 ob
795 2841 911 2875 fratris
934 2839 1089 2880 caedem,
1119 2837 1174 2872 vel
1197 2836 1296 2871 aliam
1320 2837 1363 2871 ob
1386 2845 1517 2870 causam
1540 2842 1719 2878 quamcun-
