1838 3230
317 189 416 237 492
712 185 997 231 IOANNIS
1025 187 1364 233 MALALAE

266 309 299 343 E
324 302 427 346 ὥστε
451 303 626 353 πολλοὺς
653 310 785 346 πεσεῖν
811 303 852 354 ἐξ
873 303 1114 362 ἀμφοτέρων
1135 310 1215 349 τῶν
1245 311 1392 366 μερῶν.
1462 308 1503 352 ἔν
1525 308 1694 368 “istst-(52
1710 316 1762 369 τῇ

319 369 430 428 μάχῃ
447 372 517 413 καί
531 388 619 413 τινα
644 375 726 414 τῶν
749 373 871 415 ἐκεΐσε
892 371 1162 431 κατεστράφη.
1584 398 1590 404 -
1659 398 1664 419 .-

418 440 536 493 Μηνὶ
566 436 778 498 αὗγούστῳ
817 441 1061 492 ἶνὸικτιῶνος
1082 439 1251 498 δεκάτης
1284 441 1462 498 ἐγένοντο
1499 444 1554 488 τὰ
1587 445 1762 500 ἔγκαίνια

320 510 394 560 τῆς
417 505 532 561 ἁγίας
550 504 759 563 μάρτυρος
782 506 998 566 Θεοδῶρας
1019 513 1092 564 τῆς
1120 510 1246 566 οὔσης
1276 511 1447 565 πλησίον
1474 516 1549 568 τῆς
1569 510 1759 570 γεφύρης.

321 574 425 616 κατὰ
443 573 618 616 κέλευσιν
641 575 685 617 δὲ
706 579 778 618 τοῦ
800 576 924 619 αὐτοῦ
944 578 1142 630 βασιλέως
1174 580 1240 620 καὶ
1279 577 1504 636 πρόβλησις
1524 580 1568 623 ἐκ
1585 585 1669 625 τῶν
1685 580 1794 639 (ἔρ-5

319 646 586 698 γυροπρατῶν
611 644 677 684 καὶ
698 647 816 700 φῶτα
834 641 1054 698 πάμπολλα
1080 646 1240 701 ἐγένετο.

203 718 233 752 V
255 719 300 754 83
428 711 542 764 Μηνὶ
564 709 773 769 ὀκτωβρίῳ
808 713 1054 762 ῗνδικτιῶνος
1085 711 1139 755 ια’
1175 714 1331 770 διμερές
1351 713 1506 770 γέγονεν
1526 716 1569 758 ἐκ
1593 720 1673 760 τῶν
1682 719 1764 760 Βε-

319 775 442 819 νέτων
469 778 510 819 ἐν
532 780 764 836 Βυζαντίῳ·
800 781 867 821 καὶ
894 780 1104 836 γενομένης
1130 786 1338 837 συμβολῆς
1367 782 1469 838 πρὸς
1496 781 1696 838 ἀλλήλους
1723 785 1764 827 ἓν

176 855 208 888 Ο
231 856 299 891 239
322 851 407 894 τοῖς
425 845 588 900 ἐπίκλην
606 848 856 899 Πιττακίοις,
879 850 1006 904 ξιφῶν
1019 849 1233 905 συρέντων,
1259 850 1519 906 ἀπεχωρίσθη
1540 849 1757 908 Κληρικός,

319 911 374 963 ὥς
392 911 578 968 μάχεται,
597 914 684 964 υἱὸς
707 914 762 958 ὢν
774 913 961 958 Ἰωάννου
986 919 1308 973 Κομενταρισίου
1334 922 1406 960 τοῦ
1427 919 1588 974 ἐπίκλην
1608 922 1650 962 Γ
1645 917 1758 966 ύλου.
1773 928 1818 967 10

419 983 538 1036 Μηνὶ
565 983 765 1041 νοεμβρίῳ
794 983 920 1038 πολλὴ
944 984 1116 1040 ἀβροχία
1138 985 1286 1040 ἐγένετο
1310 986 1351 1027 ἐν
1372 985 1764 1031 Κωνσταντινουπό-

318 1054 389 1101 za,
415 1047 470 1099 ὡς
488 1051 553 1091 καὶ
570 1051 724 1100 πολλὰς
741 1049 876 1106 μάχας
895 1052 1082 1107 γενέσθαι
1100 1053 1140 1094 ἓν
1160 1059 1244 1102 τοῖς
1261 1051 1444 1108 ὖὸρείοις.
1476 1055 1542 1096 καὶ
1561 1058 1695 1111 βορεΐς
1718 1055 1764 1097 δὲ

319 1120 494 1166 πολλοὺς
526 1122 727 1174 φυσῆσαι’
798 1118 878 1161 ἀπὸ
913 1120 989 1177 γὰρ
1018 1124 1090 1174 τῆς
1124 1119 1249 1175 ἀρχῆς
1278 1124 1351 1163 τοῦ
1381 1119 1608 1177 αὖγούστου
1635 1121 1764 1176 μηνὸς

320 1184 393 1226 οὐκ
406 1182 580 1241 ἐφύσησε
597 1184 727 1238 νότος,
749 1187 816 1229 καὶ
837 1185 858 1229 ὃ
879 1188 1014 1243 τρίτος
1039 1189 1083 1230 δὲ
1103 1187 1248 1238 στόλος
1267 1192 1348 1231 τῶν
1368 1190 1518 1232 πλοίων
1537 1189 1611 1232 οὒκ
1628 1191 1763 1244 εἰσῆλ-

317 1257 408 1306 θεν,
441 1251 543 1295 ὥστε
564 1255 630 1295 καὶ
662 1255 859 1304 λιτανείας
877 1254 1075 1310 Εὗτύχιον
1097 1255 1167 1299 τὸν
1198 1254 1449 1314 πατριάρχην
1468 1256 1681 1315 ἐπιτρέψαι
1697 1274 1762 1314 γε·
1775 1264 1816 1299 15

318 1320 464 1363 νὲσθαι
487 1322 540 1370 εἷς
556 1319 829 1376 Ἰερουσαλήμ.

265 1397 296 1431 Β
419 1390 504 1431 Καὶ
519 1393 576 1446 τῷ
596 1389 706 1447 αὐτῷ
732 1391 829 1443 μηνὶ
857 1390 1025 1432 ἐπινίκια
1043 1385 1173 1445 ἦλθον
1203 1390 1282 1433 ἀπὸ
1311 1389 1466 1447 Ῥώμης
1489 1391 1569 1434 ἀπὸ
1589 1395 1762 1448 Ναρσοῧ

318 1459 393 1498 τοῦ
414 1458 647 1511 πατρικίου,
684 1455 738 1506 ὡς
761 1456 895 1513 ὅτιπερ
917 1458 1119 1514 παρέλαβε
1142 1456 1275 1508 πόλεις
1296 1459 1446 1516 ὄχυράς
1466 1463 1546 1503 τῶν
1569 1463 1609 1501 Γ
1605 1458 1758 1512 ότθων,

319 1524 428 1566 τοῦτ’
463 1525 546 1566 ἐστὶ
581 1527 749 1580 Βεροΐαν
777 1526 842 1566 καὶ
873 1527 1062 1582 Βρίνκας.
1131 1524 1283 1581 ἔπεμψέ
1308 1529 1374 1570 καὶ
1404 1527 1478 1577 τὰς
1513 1530 1595 1571 τῶν
1626 1527 1762 1571 αὐτῶν

320 1588 474 1635 πόλεων
494 1596 595 1642 κλεῖς
609 1593 712 1646 μετὰ
734 1594 800 1634 καὶ
819 1597 898 1635 τῶν
918 1592 1124 1650 λαφύρων.
1770 1600 1816 1635 20

410 1746 464 1781 10.
487 1746 555 1781 τοῦ
578 1747 664 1789 Ch„
687 1747 729 1783 τὸ
753 1747 820 1781 Ox.
913 1747 966 1782 12.
989 1745 1133 1791 ὑδρίαις
1155 1747 1222 1782 Ox.
1316 1748 1370 1783 15.
1392 1748 1572 1789 λιτανείας
1593 1747 1679 1790 ch„
1709 1751 1762 1783 λι-

405 1793 574 1832 τανείους
597 1793 665 1827 Ox.
757 1795 811 1828 19.
837 1791 1015 1837 Βεροΐαν]
1053 1793 1218 1827 Veronam
1248 1792 1331 1827 dicit
1352 1797 1388 1828 et
1411 1795 1576 1835 Brixiam,
1600 1798 1639 1827 ut
1660 1794 1762 1829 docet

407 1838 618 1872 Anastasius:
642 1838 761 1874 vitiosa
778 1838 911 1873 nomina
933 1842 1063 1884 ponunt
1089 1841 1191 1874 etiam
1213 1839 1442 1885 Theophanes
1466 1844 1502 1874 et
1524 1839 1706 1874 cedrenus.

320 1983 394 2051 qul·
408 1973 622 2026 ceciderunt3
647 1974 829 2019 aedificiis,
865 1985 997 2021 quoque
1019 1975 1201 2018 nonnullis,
1224 1974 1313 2010 inter
1336 1974 1564 2010 velitationem
1586 1974 1676 2010 illam
1699 1975 1760 2010 ‹le-

317 2029 371 2051 mo
386 2025 452 2052 ms.

409 2065 525 2098 Mense
547 2066 717 2110 Augusto,
750 2065 944 2100 Indictionis
968 2077 1002 2106 x,
1025 2065 1215 2100 dedicatum
1244 2068 1294 2100 est
1315 2066 1472 2110 templum
1494 2065 1532 2099 S.
1556 2065 1761 2101 Theodorae

317 2109 500 2153 Martyris,
531 2122 635 2155 prope
665 2114 799 2155 pontem
832 2111 944 2146 situm.
990 2112 1046 2145 Ex
1065 2113 1157 2156 jussu
1180 2114 1290 2144 autem
1312 2111 1416 2156 ipsius
1437 2111 1672 2156 Imperatoris,
1695 2114 1760 2146 Ar-

318 2154 466 2198 gentarii
488 2155 640 2190 officinas
663 2156 870 2200 aperientes,
893 2168 975 2192 vasa
997 2168 1058 2191 sua
1081 2159 1325 2202 exposuerunt,
1346 2155 1536 2201 luminaque
1558 2167 1622 2201 per
1645 2157 1759 2191 urbem

318 2199 462 2245 plurima
485 2211 623 2234 accensa
646 2205 731 2235 sunt.

410 2245 555 2280 Octobri
581 2258 712 2287 mense,
745 2247 867 2281 Indict.
898 2257 954 2289 XI,
984 2247 1074 2281 inter
1102 2248 1250 2282 Venetos
1280 2246 1567 2291 Constantinopoli
1602 2250 1679 2282 orta
1708 2250 1759 2282 est

321 2291 513 2325 commotio:
544 2290 601 2336 qui
629 2290 665 2324 in
698 2297 812 2336 partes
835 2292 1007 2334 distracti,
1040 2293 1076 2326 in
1098 2292 1252 2327 Pittaciis
1280 2292 1370 2327 inter
1391 2303 1427 2326 se
1455 2291 1757 2326 conflictabantur:

319 2335 549 2381 districtisque
563 2335 706 2380 gladiis,
731 2336 880 2371 Clericus
904 2337 1051 2382 quidam,
1073 2337 1209 2372 Joannis
1232 2335 1563 2379 Commentariensis‚
1588 2337 1759 2382 cognomi·-

320 2393 364 2415 ne
387 2381 489 2425 Gyli,
511 2382 615 2423 filius,
639 2381 787 2415 manibus
809 2382 899 2415 inter
922 2383 1130 2427 pugnandum
1153 2387 1324 2418 truncatus
1346 2388 1408 2417 est.

408 2427 526 2461 Mense
547 2427 732 2461 Novembri
754 2427 883 2471 ingenti
905 2427 1056 2462 imbrium
1086 2428 1222 2462 defectu
1250 2427 1418 2463 laboravit
1440 2427 1758 2473 Constantinopolis,

318 2471 404 2505 adeo
435 2474 474 2505 ut
503 2472 711 2516 saepiuscule
740 2478 922 2518 pugnatum
946 2478 1032 2507 esset
1055 2474 1099 2507 ad
1123 2474 1252 2515 fontes,
1284 2474 1326 2507 ab
1349 2472 1391 2506 iis
1414 2473 1472 2517 qui
1496 2477 1654 2517 aquatum
1676 2484 1757 2507 con-
1813 2511 1815 2513 ,

317 2520 499 2550 venerant:
537 2517 627 2557 Quin
649 2518 743 2552 venti
767 2529 900 2562 quoque
932 2518 1091 2553 Boreales
1123 2518 1253 2560 crebri,
1285 2518 1456 2553 Australes
1488 2530 1591 2559 vero,
1613 2518 1757 2562 Augusti

316 2562 435 2596 mensis
458 2563 501 2596 ab
522 2561 632 2603 initio,
647 2562 736 2598 'nulli
757 2562 987 2608 spiraverunt3
1026 2564 1111 2598 adeo
1145 2568 1182 2597 ut
1213 2574 1275 2597 nec
1298 2564 1401 2598 tertia
1424 2563 1536 2598 classis
1567 2562 1601 2596 in
1624 2568 1756 2607 portum

316 2607 480 2641 advenire
503 2607 662 2652 potuerit.
717 2609 840 2653 Itaque
861 2607 961 2642 etiam
984 2608 1171 2652 Eutychius
1202 2608 1402 2644 Patriarcha
1423 2609 1574 2644 Litanias
1595 2608 1756 2645 Hieroso-

315 2652 410 2696 lymis
433 2652 603 2686 habendas
625 2653 781 2688 instituit.

406 2698 537 2731 Eodem
560 2709 669 2733 mense
692 2699 1014 2745 Constantinopolim
1036 2699 1155 2733 allatus
1178 2702 1228 2733 est
1250 2700 1408 2741 nuncius,
1443 2699 1486 2734 de
1511 2698 1666 2734 Narsetis
1685 2698 1756 2733 Pa-

315 2741 408 2776 tricii
430 2742 614 2784 Victoriis3
649 2744 708 2788 qui
731 2746 896 2780 Beroeam
929 2746 1155 2790 Brincasque,
1187 2746 1329 2779 munitas
1352 2745 1541 2780 Gothorum
1563 2746 1674 2784 urbes,
1697 2755 1755 2778 oc-

318 2792 523 2867 pupaveratz
560 2800 698 2834 quarum
729 2802 796 2825 una
828 2802 903 2826 cum
933 2790 1066 2838 spoliis,
1109 2793 1145 2825 et
1184 2790 1273 2837 ipsas
1310 2802 1443 2837 quoque
1475 2789 1604 2826 urbium
1648 2789 1756 2824 claves

336 2834 507 2868 ransmsit.
