1838 3230
259 201 357 282 228
654 223 948 270 10ANN15
977 225 1313 270 MALALAE

255 364 355 398 στου
396 347 607 403 Καίσαρος
649 343 717 400 ἔτη
758 341 906 403 ,βῆξξ
916 376 928 395 ,
977 342 1032 393 ὥς
1067 341 1317 400 συνάγεσθαι
1352 343 1432 386 ἀπὸ
1466 343 1597 399 Ἀδὰμ
1635 348 1709 402 τοῦ

256 413 579 473 πρωτοπλάστου
617 414 690 461 ἕως
721 417 794 466 τῆς
826 411 930 454 κατὰ
954 411 1085 468 σάρκα
1107 410 1323 467 γεννήσεως
1340 415 1414 454 τοῦ
1433 412 1573 469 κυρίου
1594 409 1710 467 ἡμῶν

252 485 386 539 Ἰησοῦ
412 485 599 537 Χριστοῦ
633 482 698 523 καὶ
727 484 800 522 τοῦ
829 477 901 533 μβ’
920 478 1033 528 ἴτους
1051 484 1123 534 τῆς
1143 481 1354 533 βασιλείας
1375 484 1448 522 τοῦ
1469 479 1595 522 αὐτοῦ
1616 480 1711 523 Αὖ-

257 550 430 608 γούστου
451 551 663 603 Καίσαρος
685 547 753 602 ἔτη
774 545 863 606 ‘⁸9⁰'-

396 619 481 661 Καὶ
505 616 644 659 λοιπὸν
664 611 974 671 συνανεστράφη
994 615 1055 656 ἐπὶ
1077 618 1150 669 τῆς
1167 619 1238 670 γῆς
1257 621 1341 663 τοῖς
1355 611 1623 669 ἆνθριῦποιςό
1636 610 1742 657 »εὗ-5

260 704 346 743 ριος
367 683 483 741 ἡμῶν
503 687 568 727 καὶ
585 681 684 732 θεός
695 716 708 735 ,
745 681 800 732 ὡς
820 684 861 725 ἓν
881 689 970 731 ταῖς
989 690 1165 738 γραφαῖς
1183 682 1411 738 ἐμφέρεται,
1448 682 1516 736 ἔτη
1540 679 1614 736 λγ’,
1655 680 1711 731 ὥς

255 757 438 810 γίνεσθαι
473 752 552 795 ἀπὸ
573 751 705 804 Ἀδὰμ
740 751 814 800 ἕως
844 754 916 804 τῆς
948 754 1022 792 τοῦ
1059 751 1197 805 κυρίου
1221 748 1336 804 ἡμῶν
1362 750 1496 805 Ἰησοῦ
1522 753 1710 806 Χριστοῦ

258 822 362 865 κατὰ
390 819 522 877 σάρκα
553 817 771 874 γεννήσεως
800 820 865 860 καὶ
892 815 1156 873 σταυρώσεως
1183 816 1251 872 ἔτη
1273 815 1409 875 ,εφλγῖ
1482 815 1597 873 ὁγὰρ
1619 821 1711 859 Φοι-

258 892 324 934 λὲκ
359 889 462 932 κατὰ
494 887 567 942 τὴν
597 886 850 943 προφητικὴν
884 885 1022 942 φωνὴν
1040 885 1229 934 Μωσέως
1254 885 1299 927 τὸ
1319 883 1443 939 ἥμισυ
1466 885 1617 940 λέγεται
1634 888 1710 927 τοῦ

254 956 404 1014 χρόνου
426 961 499 1011 τῆς
516 954 741 1010 μελλούσης
761 958 834 997 τοῦ
854 957 1040 1009 Χριστοῦ
1058 954 1296 1009 παρουσίας.
1367 951 1500 1009 ὥσπερ
1531 952 1610 1010 γὰρ
1638 951 1710 995 τὸν
1721 963 1766 997 10

204 1036 235 1069 C
259 1026 481 1081 ἄνθρωπον
502 1027 552 1079 τῇ
573 1023 666 1079 ἕκτῃ
697 1021 828 1080 ἡμέρᾳ
850 1021 1041 1074 ἔπλασεν,
1080 1019 1135 1070 ὥς
1154 1024 1316 1074 Μωσῆς
1337 1020 1495 1070 ἐξέθετο
1506 1051 1520 1073 ,
1558 1017 1710 1063 συντά-

256 1097 329 1145 ξας
351 1095 392 1134 ἓν
414 1099 499 1141 τοῖς
519 1088 802 1144 ὗπομνήμασιν
822 1090 946 1131 αὐτοῦ
969 1091 1035 1131 καὶ
1051 1093 1188 1140 τοῦτο,
1223 1089 1321 1141 ,,καὶ
1342 1089 1449 1130 ἐστὶν
1468 1085 1494 1142 ἦ
1516 1088 1591 1142 μία
1609 1085 1711 1142 ἦμέ-

256 1179 311 1217 ρα
343 1162 481 1215 κυρίου
518 1157 610 1201 ὡσεὶ
641 1159 752 1211 χίλια
783 1157 902 1211 ἴτη,“
945 1161 996 1213 τῇ
1029 1157 1073 1198 δὲ
1099 1156 1192 1214 ἕκτῃ
1213 1155 1368 1215 ἡμέρᾳ,
1406 1153 1462 1205 ὥς
1481 1153 1708 1212 προεΐπενῆ

113 1242 146 1275 O
169 1241 239 1278 295
259 1226 397 1286 γραφή
410 1261 421 1279 ,
460 1226 629 1269 ἔπλασεν
661 1223 681 1268 ὃ
712 1224 811 1273 θεὸς
828 1224 898 1266 τὸν
914 1224 1158 1280 ἄνθρωπον,
1190 1225 1255 1266 καὶ
1278 1222 1445 1266 ὑπέπεσε
1461 1228 1513 1280 τῇ
1531 1217 1712 1283 ἁμαρτίᾳ

255 1297 277 1340 ὃ
305 1297 547 1351 ἄνθρωπος·
601 1291 655 1341 ὥς
687 1294 811 1347 δῆλον
840 1290 938 1334 εἶναι
970 1290 1031 1334 ὅτι
1064 1291 1171 1334 οὕτω
1192 1294 1258 1334 καὶ
1281 1296 1332 1347 τῇ
1363 1292 1456 1348 ἕκτῃ
1482 1289 1614 1351 ἡμέρᾳ
1634 1296 1709 1346 τῆς
1721 1300 1764 1336 15

251 1363 435 1421 χιλιάδος
469 1363 532 1404 ἐπὶ
558 1365 630 1414 τῆς
659 1364 732 1415 γῆς
754 1358 881 1415 ἐφάνη
901 1358 921 1401 ὃ
947 1357 1145 1413 δεσπότης
1161 1357 1275 1414 ἡμῶν
1290 1359 1446 1414 Ἰησοῦς
1467 1357 1488 1401 ὃ
1509 1357 1706 1415 Χριστός,

255 1434 322 1475 καὶ
345 1432 468 1474 ἔσωσε
489 1429 558 1471 τὸν
588 1427 809 1484 ἄνθρωπον
844 1427 911 1468 διὰ
941 1431 1013 1469 τοῦ
1037 1431 1216 1482 σταυροῦ
1237 1428 1302 1468 καὶ
1331 1430 1403 1480 τῆς
1423 1424 1706 1475 ἀναστάσεως·

256 1500 374 1547 ἅτινα
405 1494 688 1552 συνεγράψατο
717 1492 914 1549 Κλήμης,
955 1493 1177 1550 Θεόφιλος,
1212 1496 1278 1535 καὶ
1311 1492 1540 1546 Τιμόθεος,
1577 1493 1616 1535 οἳ
1635 1509 1708 1536 σο-

256 1570 328 1624 φοὶ
356 1562 652 1622 χρονογράφοι,
689 1561 1036 1618 ὃμοφωνήσαντες.
1109 1560 1129 1603 ὁ
1159 1563 1203 1604 δὲ
1225 1562 1542 1618 θεοφιλέστατος
1557 1578 1707 1617 χρονο-

255 1633 413 1691 γράφος
446 1631 637 1683 Εὐσέβιος
676 1628 696 1672 ὁ
734 1631 960 1684 Παμφίλου
997 1627 1018 1671 ὃ
1059 1627 1267 1684 γενόμενος
1300 1630 1513 1678 ἐπίσκοπος
1544 1627 1762 1672 Kalaa-20

258 1704 365 1760 ρειάς
385 1700 666 1753 Παλαιστίνης
699 1701 749 1754 τῇ
778 1698 851 1751 μὲν
883 1697 975 1753 ἕκτῃ
1000 1695 1150 1751 χιλιάὸἰ
1182 1701 1262 1739 τῶν
1294 1698 1484 1739 ἐνιαυτῶν
1511 1696 1609 1752 λέγει
1640 1698 1707 1738 καὶ

349 1844 402 1879 11.
427 1838 606 1883 συντάξας
630 1837 669 1875 ἐν
691 1840 768 1880 τοῖς
789 1835 1050 1882 ’ὑπομνήμασιν
1074 1835 1212 1882 αὐτοῦ]
1239 1837 1367 1879 „Haec
1390 1836 1494 1872 Mosis
1516 1839 1620 1873 verba
1643 1839 1705 1874 ha-

347 1889 469 1922 bentur
487 1887 523 1920 in
541 1887 662 1931 hymno
680 1886 761 1930 ejus,
783 1886 873 1918 inter
891 1885 1037 1919 Psalmos
1058 1884 1239 1918 Davidicos
1255 1894 1390 1917 numero
1409 1884 1483 1917 XC.
1501 1895 1587 1929 quae
1604 1884 1706 1919 etiam

345 1936 565 1978 repetuntur,
600 1932 696 1965 Petri
729 1931 841 1975 Epist.
866 1930 912 1963 11.
948 1940 1024 1974 cap.
1046 1930 1108 1963 III.
1139 1940 1213 1964 ver.
1236 1929 1330 1964 VIII.
1351 1924 1423 1963 ’Ἐν
1453 1927 1494 1964 δὲ
1519 1930 1628 1965 τοῦτο
1651 1928 1705 1975 μή

344 1977 556 2014 λανθανέτω
589 1975 687 2020 ὑμᾶς
717 1974 917 2020 ἀγαπητοὶ,
953 1972 1011 2009 ὅτι
1038 1976 1105 2019 μία
1128 1971 1244 2019 ἡμέρα
1267 1972 1368 2017 παρὰ
1391 1975 1517 2020 Κυρίῳ
1540 1972 1590 2015 οἷς
1610 1975 1705 2019 χίλια

342 2023 427 2068 ἔτη,
450 2022 512 2057 καὶ
533 2022 630 2067 χίλια
654 2021 715 2067 ἔτη
740 2020 788 2061 ὡς
810 2022 878 2065 μία
899 2017 1050 2065 ήμέρα.“
1074 2021 1137 2056 Ch.
1230 2021 1287 2056 20.
1324 2015 1525 2066 Εὐσέβιος]
1555 2021 1636 2056 Vid.
1660 2021 1704 2057 ad

343 2081 378 2114 p.
403 2071 460 2105 22.
485 2069 525 2101 A.
617 2069 678 2103 21.
696 2065 784 2112 μὲν]
807 2066 873 2112 μὲν
895 2065 963 2112 γὰρ
988 2067 1056 2101 Ox.

250 2196 330 2229 sunt
351 2201 633 2228 nnunccccnxvn:
658 2191 743 2225 adeo
766 2195 804 2225 ut
827 2193 870 2226 ab
893 2191 1041 2232 Adamo,
1063 2190 1170 2236 primo
1193 2189 1344 2232 homine,
1369 2189 1412 2224 ad
1435 2190 1703 2225 Incarnationem

251 2241 296 2274 D.
320 2239 366 2274 N.
390 2239 469 2272 Jesu
493 2237 639 2277 Christi,
676 2236 711 2270 id
736 2240 806 2279 est,
844 2236 888 2271 ad
910 2236 1052 2281 Augusti
1074 2235 1230 2270 Caesaris
1251 2235 1449 2281 Imperantis
1473 2247 1593 2270 annum
1615 2247 1701 2277 xmx,

251 2284 330 2325 anni
353 2283 546 2318 effluxerint
573 2290 742 2316 mmmmm.

343 2328 640 2363 conversationem
663 2338 753 2360 suam
776 2326 919 2370 denique
942 2326 1061 2360 habuit
1082 2326 1117 2359 in
1139 2328 1234 2360 terra
1256 2337 1329 2360 cum
1351 2325 1536 2360 hominibus
1554 2336 1617 2370 per
1640 2337 1702 2359 an·-

211 2389 213 2392 ·
252 2387 311 2410 nos
335 2385 470 2416 xxx1113·
507 2372 594 2407 sicut
616 2375 783 2406 testantur
807 2372 843 2404 S.
869 2372 1081 2416 Scripturae.
1127 2371 1179 2405 Ab
1203 2371 1330 2406 Adamo
1353 2371 1479 2416 igitur,
1519 2370 1562 2404 ad
1585 2370 1629 2404 D.
1652 2371 1700 2404 N.

250 2423 362 2455 Jesum
388 2419 557 2455 Christum
578 2417 614 2452 in
637 2427 738 2452 carne
761 2416 977 2458 Crucffixum,
1003 2417 1081 2450 anni
1104 2416 1271 2450 habentur
1293 2426 1575 2450 mmmmmnxxxnn
1609 2415 1701 2450 Pha-

251 2468 342 2501 lecus
365 2465 469 2506 enim,
493 2463 671 2498 secundum
692 2462 795 2496 Mosis
814 2462 1053 2506 Prophetiam,
1077 2461 1245 2495 dimidium
1269 2461 1393 2495 dicitur
1417 2461 1578 2506 temporis
1597 2460 1700 2494 chri-

251 2512 295 2546 sti
325 2510 432 2546 futuri
466 2509 640 2544 adventus.
687 2506 972 2548 Quemadmodum
1007 2507 1093 2540 enim
1117 2507 1281 2540 hominem
1311 2506 1402 2539 Deus
1426 2505 1482 2539 die
1509 2510 1603 2540 sexto
1626 2507 1701 2540 for—

250 2556 367 2598 mavit,
391 2555 442 2589 uti
463 2555 575 2588 Moses
597 2553 729 2599 scriptis
752 2551 819 2586 suis
840 2555 982 2585 testatus
1006 2556 1075 2592 est3
1098 2551 1182 2595 (qui
1205 2551 1304 2584 etiam
1328 2554 1363 2584 et
1387 2551 1452 2584 hoc
1475 2551 1583 2593 addit,
1606 2551 1701 2596 apud

250 2602 439 2644 Dominum,
462 2599 606 2641 scilicet,
628 2599 728 2632 unum
751 2597 837 2631 diem
860 2595 947 2629 idem
970 2608 1053 2637 esse,
1079 2607 1118 2629 ac
1134 2596 1228 2629 Mille
1250 2607 1371 2629 annos:
1401 2595 1457 2630 die
1482 2607 1566 2631 vero
1589 2600 1700 2638 sexto,

252 2650 290 2680 ut
312 2650 412 2680 antea
441 2644 579 2678 diximus
600 2655 643 2678 ex
677 2642 864 2688 scriptura,
901 2641 992 2675 Deus
1016 2641 1179 2675 hominem
1210 2640 1393 2682 formavit3
1435 2641 1495 2685 qui
1518 2641 1640 2675 deinde
1662 2641 1698 2675 in

250 2698 429 2734 peccatum
451 2691 562 2734 lapsus
585 2689 682 2733 esta)
717 2691 970 2722 consentaneum
994 2686 1123 2720 omnino
1146 2685 1304 2728 videtur,
1337 2689 1375 2719 ut
1398 2690 1493 2720 sexto
1515 2686 1616 2721 etiam
1640 2686 1696 2720 die

250 2735 442 2771 Millenario
465 2735 501 2768 in
524 2735 623 2768 terris
646 2736 830 2779 appareret
853 2728 896 2768 D.
919 2732 964 2766 N.
987 2731 1083 2764 Jesus
1107 2730 1280 2772 Christus,
1312 2731 1493 2773 Passione,
1527 2735 1562 2766 et
1583 2742 1697 2765 resur-

251 2781 402 2816 rectione
424 2791 482 2814 sun¹
505 2779 668 2814 hominem
690 2779 890 2813 salvaturus.
934 2776 1031 2810 Haec
1054 2787 1136 2810 vero
1164 2787 1185 2809 a
1209 2776 1454 2820 sapientissimis
1477 2776 1696 2820 Chronogra·

251 2824 326 2870 phis
350 2825 541 2865 Clemente,
570 2823 762 2869 Theophilo
785 2826 820 2856 et
844 2822 1042 2862 Timotheo,
1067 2820 1156 2855 inter
1179 2832 1213 2854 se
1237 2822 1534 2864 con-sentientibus,
1558 2821 1695 2865 accepi-

252 2881 333 2906 mus,
378 2870 542 2903 Eusebius
565 2872 675 2904 autem
694 2868 873 2914 Pamphili,
896 2867 1084 2902 Caesareae
1104 2865 1318 2902 Palaestinae
1341 2866 1540 2913 Episcopus,
1564 2869 1600 2901 et
1620 2866 1694 2912 ipse
