<?xml version="1.0" encoding="UTF-8"?>
<!DOCTYPE html PUBLIC "-//W3C//DTD XHTML 1.0 Transitional//EN"
    "http://www.w3.org/TR/xhtml1/DTD/xhtml1-transitional.dtd">
<html xmlns="http://www.w3.org/1999/xhtml" xml:lang="en" lang="en">
 <head>
  <title>
</title>
<meta http-equiv="Content-Type" content="text/html;charset=utf-8" />
  <meta name='ocr-system' content='tesseract 3.04.00' />
  <meta name='ocr-capabilities' content='ocr_page ocr_carea ocr_par ocr_line ocrx_word'/>
</head>
<body>
  <div class='ocr_page' id='page_1' title='image "./corpusscriptorum28niebuoft_0534.png"; bbox 0 0 1838 3230; ppageno 0'>
   <div class='ocr_carea' id='block_1_1' title="bbox 277 176 1330 232">
    <p class='ocr_par' dir='ltr' id='par_1_1' title="bbox 277 176 1330 232">
     <span class='ocr_line' id='line_1_1' title="bbox 277 176 1330 232; baseline -0.01 1"><span class='ocrx_word' id='word_1_1' title='bbox 277 183 375 232; x_wconf 73' lang='lat'><strong>452</strong></span> <span class='ocrx_word' id='word_1_2' title='bbox 675 176 971 223; x_wconf 88' lang='lat' dir='ltr'><strong>IOANNIS</strong></span> <span class='ocrx_word' id='word_1_3' title='bbox 1000 177 1330 222; x_wconf 85' lang='lat' dir='ltr'><strong>MALALAE</strong></span> 
     </span>
    </p>
   </div>
   <div class='ocr_carea' id='block_1_2' title="bbox 128 292 1792 1912">
    <p class='ocr_par' dir='ltr' id='par_1_2' title="bbox 275 292 1724 489">
     <span class='ocr_line' id='line_1_2' title="bbox 370 292 1723 356; baseline -0.002 -15"><span class='ocrx_word' id='word_1_4' title='bbox 370 298 437 341; x_wconf 90' lang='grc' dir='ltr'><strong><em>Ἕν</em></strong></span> <span class='ocrx_word' id='word_1_5' title='bbox 467 297 580 356; x_wconf 76' lang='grc' dir='ltr'><strong><em>αὐτῷ</em></strong></span> <span class='ocrx_word' id='word_1_6' title='bbox 608 298 652 341; x_wconf 76' lang='grc' dir='ltr'><strong>δὲ</strong></span> <span class='ocrx_word' id='word_1_7' title='bbox 682 300 740 356; x_wconf 78' lang='grc' dir='ltr'><strong>τῷ</strong></span> <span class='ocrx_word' id='word_1_8' title='bbox 760 292 896 353; x_wconf 82' lang='grc' dir='ltr'><em>χρόνῳ</em></span> <span class='ocrx_word' id='word_1_9' title='bbox 919 296 1152 353; x_wconf 74' lang='grc' dir='ltr'><strong><em>παρεσχὲθη</em></strong></span> <span class='ocrx_word' id='word_1_10' title='bbox 1189 296 1328 351; x_wconf 73' lang='grc' dir='ltr'><strong><em>ἓτησία</em></strong></span> <span class='ocrx_word' id='word_1_11' title='bbox 1354 292 1558 352; x_wconf 81' lang='grc' dir='ltr'><strong><em>πρόσοδος</em></strong></span> <span class='ocrx_word' id='word_1_12' title='bbox 1593 294 1636 338; x_wconf 76' lang='grc' dir='ltr'><strong><em>ἓν</em></strong></span> <span class='ocrx_word' id='word_1_13' title='bbox 1663 299 1723 354; x_wconf 75' lang='grc' dir='ltr'><strong>τῷ</strong></span> 
     </span>
     <span class='ocr_line' id='line_1_3' title="bbox 276 361 1724 422; baseline -0.003 -12"><span class='ocrx_word' id='word_1_14' title='bbox 276 370 411 418; x_wconf 83' lang='grc' dir='ltr'><strong><em>ξενῶνι</em></strong></span> <span class='ocrx_word' id='word_1_15' title='bbox 436 365 678 421; x_wconf 77' lang='grc' dir='ltr'><strong><em>Ἀντιοχείας</em></strong></span> <span class='ocrx_word' id='word_1_16' title='bbox 714 361 972 419; x_wconf 77' lang='grc' dir='ltr'><em>νομισμάτων</em></span> <span class='ocrx_word' id='word_1_17' title='bbox 998 365 1325 422; x_wconf 77' lang='grc' dir='ltr'><strong><em>τετρακισχιλίων</em></strong></span> <span class='ocrx_word' id='word_1_18' title='bbox 1366 361 1456 421; x_wconf 46' lang='grc' dir='ltr'><strong>ὖπό,</strong></span> <span class='ocrx_word' id='word_1_19' title='bbox 1486 367 1561 406; x_wconf 84' lang='grc' dir='ltr'><strong>τοῦ</strong></span> <span class='ocrx_word' id='word_1_20' title='bbox 1595 361 1724 406; x_wconf 80' lang='grc' dir='ltr'><strong><em>αῧτοῦ</em></strong></span> 
     </span>
     <span class='ocr_line' id='line_1_4' title="bbox 275 433 693 489; baseline -0.007 -11"><span class='ocrx_word' id='word_1_21' title='bbox 275 435 466 489; x_wconf 75' lang='grc' dir='ltr'><strong><em>εὐσεβοῦς</em></strong></span> <span class='ocrx_word' id='word_1_22' title='bbox 483 433 693 488; x_wconf 72' lang='grc' dir='ltr'><strong><em>βασιλέως.</em></strong></span> 
     </span>
    </p>

    <p class='ocr_par' dir='ltr' id='par_1_3' title="bbox 128 495 1792 1912">
     <span class='ocr_line' id='line_1_5' title="bbox 157 495 1725 558; baseline -0.003 -14"><span class='ocrx_word' id='word_1_23' title='bbox 157 515 185 550; x_wconf 89' lang='lat' dir='ltr'><strong>v</strong></span> <span class='ocrx_word' id='word_1_24' title='bbox 210 514 254 551; x_wconf 86' lang='lat'><strong>65</strong></span> <span class='ocrx_word' id='word_1_25' title='bbox 378 500 544 557; x_wconf 82' lang='grc' dir='ltr'><strong><em>Εὖρέθη</em></strong></span> <span class='ocrx_word' id='word_1_26' title='bbox 574 501 618 543; x_wconf 78' lang='grc' dir='ltr'><strong>δὲ</strong></span> <span class='ocrx_word' id='word_1_27' title='bbox 649 501 691 543; x_wconf 79' lang='grc' dir='ltr'><strong><em>ἓν</em></strong></span> <span class='ocrx_word' id='word_1_28' title='bbox 720 498 832 558; x_wconf 76' lang='grc' dir='ltr'><strong><em>αὐτῷ</em></strong></span> <span class='ocrx_word' id='word_1_29' title='bbox 861 503 920 558; x_wconf 79' lang='grc' dir='ltr'><strong>τῷ</strong></span> <span class='ocrx_word' id='word_1_30' title='bbox 947 495 1083 558; x_wconf 81' lang='grc' dir='ltr'><em>χρόνῳ</em></span> <span class='ocrx_word' id='word_1_31' title='bbox 1105 500 1171 541; x_wconf 78' lang='grc' dir='ltr'><strong>καὶ</strong></span> <span class='ocrx_word' id='word_1_32' title='bbox 1204 499 1251 542; x_wconf 85' lang='grc' dir='ltr'><strong>τὸ</strong></span> <span class='ocrx_word' id='word_1_33' title='bbox 1280 500 1412 554; x_wconf 86' lang='grc' dir='ltr'><strong><em>τίμιον</em></strong></span> <span class='ocrx_word' id='word_1_34' title='bbox 1435 499 1630 552; x_wconf 75' lang='grc' dir='ltr'><strong><em>λείψανον</em></strong></span> <span class='ocrx_word' id='word_1_35' title='bbox 1651 500 1725 540; x_wconf 79' lang='grc' dir='ltr'><strong>τοῦ</strong></span> 
     </span>
     <span class='ocr_line' id='line_1_6' title="bbox 275 565 1759 625; baseline -0.001 -12"><span class='ocrx_word' id='word_1_36' title='bbox 275 568 390 625; x_wconf 71' lang='grc' dir='ltr'><strong><em>ἁγίου</em></strong></span> <span class='ocrx_word' id='word_1_37' title='bbox 406 567 616 625; x_wconf 82' lang='grc' dir='ltr'><strong><em>μάρτυρος</em></strong></span> <span class='ocrx_word' id='word_1_38' title='bbox 641 569 837 624; x_wconf 87' lang='grc' dir='ltr'><strong><em>Μαρίνου</em></strong></span> <span class='ocrx_word' id='word_1_39' title='bbox 874 570 929 617; x_wconf 76' lang='grc' dir='ltr'><strong>εἷς</strong></span> <span class='ocrx_word' id='word_1_40' title='bbox 957 567 1031 622; x_wconf 83' lang='grc' dir='ltr'><strong>τὴν</strong></span> <span class='ocrx_word' id='word_1_41' title='bbox 1058 565 1224 622; x_wconf 81' lang='grc' dir='ltr'><strong><em>πρώτην</em></strong></span> <span class='ocrx_word' id='word_1_42' title='bbox 1244 569 1398 623; x_wconf 78' lang='grc' dir='ltr'><strong><em>Συρίαν</em></strong></span> <span class='ocrx_word' id='word_1_43' title='bbox 1421 566 1499 617; x_wconf 66' lang='grc' dir='ltr'><strong>ἔξω</strong></span> <span class='ocrx_word' id='word_1_44' title='bbox 1519 570 1591 620; x_wconf 78' lang='grc' dir='ltr'><strong>τῆς</strong></span> <span class='ocrx_word' id='word_1_45' title='bbox 1610 569 1759 621; x_wconf 79' lang='grc' dir='ltr'><strong><em>λεγο-5</em></strong></span> 
     </span>
     <span class='ocr_line' id='line_1_7' title="bbox 128 632 1727 693; baseline -0.004 -12"><span class='ocrx_word' id='word_1_46' title='bbox 128 651 160 684; x_wconf 92' lang='grc'>0</span> <span class='ocrx_word' id='word_1_47' title='bbox 188 651 253 686; x_wconf 80' lang='lat'><strong>183</strong></span> <span class='ocrx_word' id='word_1_48' title='bbox 276 638 399 693; x_wconf 76' lang='grc' dir='ltr'><strong><em>μένης</em></strong></span> <span class='ocrx_word' id='word_1_49' title='bbox 417 640 457 679; x_wconf 91' lang='grc' dir='ltr'><em>Γ</em></span> <span class='ocrx_word' id='word_1_50' title='bbox 454 634 620 693; x_wconf 78' lang='grc' dir='ltr'><strong><em>ινδοῖρου</em></strong></span> <span class='ocrx_word' id='word_1_51' title='bbox 640 634 815 688; x_wconf 86' lang='grc' dir='ltr'><strong><em>πόλεως,</em></strong></span> <span class='ocrx_word' id='word_1_52' title='bbox 852 639 926 678; x_wconf 77' lang='grc' dir='ltr'><strong>τοῦ</strong></span> <span class='ocrx_word' id='word_1_53' title='bbox 965 637 1224 690; x_wconf 77' lang='grc' dir='ltr'><strong><em>περιοὸευτοῢ</em></strong></span> <span class='ocrx_word' id='word_1_54' title='bbox 1262 639 1337 690; x_wconf 77' lang='grc' dir='ltr'><strong>τῆς</strong></span> <span class='ocrx_word' id='word_1_55' title='bbox 1365 633 1504 692; x_wconf 79' lang='grc' dir='ltr'><strong><em>χώρας</em></strong></span> <span class='ocrx_word' id='word_1_56' title='bbox 1531 634 1571 676; x_wconf 75' lang='grc' dir='ltr'><strong><em>ἓν</em></strong></span> <span class='ocrx_word' id='word_1_57' title='bbox 1597 632 1727 676; x_wconf 78' lang='grc' dir='ltr'><strong><em>ὄπτα-</em></strong></span> 
     </span>
     <span class='ocr_line' id='line_1_8' title="bbox 278 700 1728 764; baseline -0.003 -16"><span class='ocrx_word' id='word_1_58' title='bbox 278 707 347 764; x_wconf 67' lang='grc' dir='ltr'><strong>σία</strong></span> <span class='ocrx_word' id='word_1_59' title='bbox 370 703 599 754; x_wconf 76' lang='grc' dir='ltr'><strong><em>πλειστάκις</em></strong></span> <span class='ocrx_word' id='word_1_60' title='bbox 619 701 847 760; x_wconf 68' lang='grc' dir='ltr'><strong><em>ἑωρακότος</em></strong></span> <span class='ocrx_word' id='word_1_61' title='bbox 873 703 944 746; x_wconf 81' lang='grc' dir='ltr'><strong>τὸν</strong></span> <span class='ocrx_word' id='word_1_62' title='bbox 971 700 1097 745; x_wconf 85' lang='grc' dir='ltr'><strong><em>τόπον</em></strong></span> <span class='ocrx_word' id='word_1_63' title='bbox 1124 701 1227 745; x_wconf 65' lang='grc' dir='ltr'><strong><em>ἔνθα</em></strong></span> <span class='ocrx_word' id='word_1_64' title='bbox 1253 702 1375 746; x_wconf 68' lang='grc' dir='ltr'><strong><em>ἔκειτο</em></strong></span> <span class='ocrx_word' id='word_1_65' title='bbox 1408 701 1428 745; x_wconf 84' lang='grc' dir='ltr'>ὃ</span> <span class='ocrx_word' id='word_1_66' title='bbox 1458 702 1591 758; x_wconf 78' lang='grc' dir='ltr'><strong><em>ἅγιος,</em></strong></span> <span class='ocrx_word' id='word_1_67' title='bbox 1627 700 1728 755; x_wconf 64' lang='grc' dir='ltr'><strong><em>ἔχων</em></strong></span> 
     </span>
     <span class='ocr_line' id='line_1_9' title="bbox 277 768 1729 829; baseline -0.003 -14"><span class='ocrx_word' id='word_1_68' title='bbox 277 773 357 816; x_wconf 77' lang='grc' dir='ltr'><strong>ἀπὸ</strong></span> <span class='ocrx_word' id='word_1_69' title='bbox 386 777 459 828; x_wconf 80' lang='grc' dir='ltr'><strong>τῆς</strong></span> <span class='ocrx_word' id='word_1_70' title='bbox 489 776 667 829; x_wconf 75' lang='grc' dir='ltr'><strong><em>κεφαλῆς</em></strong></span> <span class='ocrx_word' id='word_1_71' title='bbox 709 771 813 814; x_wconf 80' lang='grc' dir='ltr'><strong><em>κατὰ</em></strong></span> <span class='ocrx_word' id='word_1_72' title='bbox 844 769 997 819; x_wconf 83' lang='grc' dir='ltr'><strong><em>παντὸς</em></strong></span> <span class='ocrx_word' id='word_1_73' title='bbox 1028 774 1101 812; x_wconf 82' lang='grc' dir='ltr'><strong>τοῦ</strong></span> <span class='ocrx_word' id='word_1_74' title='bbox 1129 768 1319 823; x_wconf 82' lang='grc' dir='ltr'><strong><em>σώματος</em></strong></span> <span class='ocrx_word' id='word_1_75' title='bbox 1351 770 1477 813; x_wconf 77' lang='grc' dir='ltr'><strong><em>αὐτοῦ</em></strong></span> <span class='ocrx_word' id='word_1_76' title='bbox 1511 768 1636 823; x_wconf 73' lang='grc' dir='ltr'><strong><em>ἥλους</em></strong></span> <span class='ocrx_word' id='word_1_77' title='bbox 1666 785 1729 811; x_wconf 81' lang='grc' dir='ltr'><strong><em>σι·-</em></strong></span> 
     </span>
     <span class='ocr_line' id='line_1_10' title="bbox 278 835 1730 898; baseline -0.004 -14"><span class='ocrx_word' id='word_1_78' title='bbox 278 843 444 898; x_wconf 76' lang='grc' dir='ltr'><strong><em>δηροῦς,</em></strong></span> <span class='ocrx_word' id='word_1_79' title='bbox 482 842 537 890; x_wconf 80' lang='grc' dir='ltr'><strong>εἷς</strong></span> <span class='ocrx_word' id='word_1_80' title='bbox 556 842 702 883; x_wconf 73' lang='grc' dir='ltr'><strong><em>σανίδα</em></strong></span> <span class='ocrx_word' id='word_1_81' title='bbox 722 839 1015 895; x_wconf 82' lang='grc' dir='ltr'><strong><em>παραπλωθεὶς</em></strong></span> <span class='ocrx_word' id='word_1_82' title='bbox 1035 836 1287 894; x_wconf 81' lang='grc' dir='ltr'><strong><em>προσηλιόθη</em></strong></span> <span class='ocrx_word' id='word_1_83' title='bbox 1299 871 1312 891; x_wconf 83' lang='grc'>,</span> <span class='ocrx_word' id='word_1_84' title='bbox 1351 840 1417 880; x_wconf 85' lang='grc' dir='ltr'><strong>καὶ</strong></span> <span class='ocrx_word' id='word_1_85' title='bbox 1443 838 1565 892; x_wconf 77' lang='grc' dir='ltr'><strong><em>ἐτέθη</em></strong></span> <span class='ocrx_word' id='word_1_86' title='bbox 1585 838 1639 886; x_wconf 78' lang='grc' dir='ltr'><strong>εἷς</strong></span> <span class='ocrx_word' id='word_1_87' title='bbox 1658 835 1730 878; x_wconf 81' lang='grc' dir='ltr'><strong>πέ-</strong></span> 
     </span>
     <span class='ocr_line' id='line_1_11' title="bbox 276 904 1786 965; baseline -0.005 -13"><span class='ocrx_word' id='word_1_88' title='bbox 276 926 379 965; x_wconf 86' lang='grc' dir='ltr'><strong><em>τραν</em></strong></span> <span class='ocrx_word' id='word_1_89' title='bbox 400 913 618 965; x_wconf 84' lang='grc' dir='ltr'><strong><em>γλυφεΐσαν</em></strong></span> <span class='ocrx_word' id='word_1_90' title='bbox 637 908 749 965; x_wconf 77' lang='grc' dir='ltr'><strong><em>αὐτῷ</em></strong></span> <span class='ocrx_word' id='word_1_91' title='bbox 771 905 917 964; x_wconf 82' lang='grc' dir='ltr'><strong><em>τάφον.</em></strong></span> <span class='ocrx_word' id='word_1_92' title='bbox 989 907 1054 948; x_wconf 81' lang='grc' dir='ltr'><strong>καὶ</strong></span> <span class='ocrx_word' id='word_1_93' title='bbox 1085 904 1247 962; x_wconf 79' lang='grc' dir='ltr'><strong><em>ἐπήρθη</em></strong></span> <span class='ocrx_word' id='word_1_94' title='bbox 1290 905 1337 948; x_wconf 83' lang='grc' dir='ltr'><strong>τὸ</strong></span> <span class='ocrx_word' id='word_1_95' title='bbox 1371 907 1564 960; x_wconf 82' lang='grc' dir='ltr'><strong><em>λείψανον</em></strong></span> <span class='ocrx_word' id='word_1_96' title='bbox 1582 904 1725 956; x_wconf 76' lang='grc' dir='ltr'><strong><em>αὐτοῦ,</em></strong></span> <span class='ocrx_word' id='word_1_97' title='bbox 1741 917 1786 950; x_wconf 87' lang='lat'><strong>10</strong></span> 
     </span>
     <span class='ocr_line' id='line_1_12' title="bbox 277 969 1730 1032; baseline -0.003 -14"><span class='ocrx_word' id='word_1_98' title='bbox 277 979 344 1019; x_wconf 90' lang='grc' dir='ltr'><strong>καὶ</strong></span> <span class='ocrx_word' id='word_1_99' title='bbox 362 977 516 1032; x_wconf 76' lang='grc' dir='ltr'><strong><em>ἠνέχθη</em></strong></span> <span class='ocrx_word' id='word_1_100' title='bbox 538 977 605 1018; x_wconf 88' lang='grc' dir='ltr'><strong>καὶ</strong></span> <span class='ocrx_word' id='word_1_101' title='bbox 626 975 826 1031; x_wconf 80' lang='grc' dir='ltr'><strong><em>κατετέθη</em></strong></span> <span class='ocrx_word' id='word_1_102' title='bbox 842 974 920 1025; x_wconf 66' lang='grc' dir='ltr'><strong>ἔξω</strong></span> <span class='ocrx_word' id='word_1_103' title='bbox 940 978 1015 1030; x_wconf 80' lang='grc' dir='ltr'><strong>τῆς</strong></span> <span class='ocrx_word' id='word_1_104' title='bbox 1029 973 1260 1028; x_wconf 74' lang='grc' dir='ltr'><strong><em>Ἀντιοχέων</em></strong></span> <span class='ocrx_word' id='word_1_105' title='bbox 1281 972 1434 1024; x_wconf 76' lang='grc' dir='ltr'><strong><em>πόλεως</em></strong></span> <span class='ocrx_word' id='word_1_106' title='bbox 1478 974 1520 1016; x_wconf 74' lang='grc' dir='ltr'><strong><em>ἓν</em></strong></span> <span class='ocrx_word' id='word_1_107' title='bbox 1547 975 1606 1032; x_wconf 76' lang='grc' dir='ltr'><strong>τῷ</strong></span> <span class='ocrx_word' id='word_1_108' title='bbox 1631 969 1730 1031; x_wconf 69' lang='grc' dir='ltr'><strong><em>ἁγίῳ</em></strong></span> 
     </span>
     <span class='ocr_line' id='line_1_13' title="bbox 273 1044 491 1102; baseline 0 -15"><span class='ocrx_word' id='word_1_109' title='bbox 273 1044 491 1102; x_wconf 77' lang='grc' dir='ltr'><strong><em>Ἰουλιανῷ.</em></strong></span> 
     </span>
     <span class='ocr_line' id='line_1_14' title="bbox 371 1105 1732 1169; baseline -0.004 -15"><span class='ocrx_word' id='word_1_110' title='bbox 371 1113 439 1155; x_wconf 88' lang='grc' dir='ltr'><strong><em>Ἐν</em></strong></span> <span class='ocrx_word' id='word_1_111' title='bbox 461 1111 571 1169; x_wconf 77' lang='grc' dir='ltr'><strong><em>αὐτῷ</em></strong></span> <span class='ocrx_word' id='word_1_112' title='bbox 591 1111 634 1153; x_wconf 76' lang='grc' dir='ltr'><strong>δὲ</strong></span> <span class='ocrx_word' id='word_1_113' title='bbox 653 1115 714 1168; x_wconf 64' lang='grc' dir='ltr'><strong>»τῷ</strong></span> <span class='ocrx_word' id='word_1_114' title='bbox 729 1108 865 1169; x_wconf 83' lang='grc' dir='ltr'><strong><em>χρόνῳ</em></strong></span> <span class='ocrx_word' id='word_1_115' title='bbox 896 1109 1244 1166; x_wconf 69' lang='grc' dir='ltr'><strong><em>κατεπέμφθησαν</em></strong></span> <span class='ocrx_word' id='word_1_116' title='bbox 1263 1108 1449 1165; x_wconf 73' lang='grc' dir='ltr'><strong><em>πρέσβεις</em></strong></span> <span class='ocrx_word' id='word_1_117' title='bbox 1461 1105 1671 1162; x_wconf 85' lang='grc' dir='ltr'><strong><em>Ῥωμαίων</em></strong></span> <span class='ocrx_word' id='word_1_118' title='bbox 1690 1105 1732 1149; x_wconf 74' lang='grc' dir='ltr'><strong><em>ἓν</em></strong></span> 
     </span>
     <span class='ocr_line' id='line_1_15' title="bbox 279 1172 1734 1237; baseline -0.004 -15"><span class='ocrx_word' id='word_1_119' title='bbox 279 1186 364 1230; x_wconf 83' lang='grc' dir='ltr'><strong><em>τοῖς</em></strong></span> <span class='ocrx_word' id='word_1_120' title='bbox 392 1183 609 1237; x_wconf 83' lang='grc' dir='ltr'><strong><em>Περσικοῖς</em></strong></span> <span class='ocrx_word' id='word_1_121' title='bbox 647 1179 806 1234; x_wconf 80' lang='grc' dir='ltr'><strong><em>μέρεσιν</em></strong></span> <span class='ocrx_word' id='word_1_122' title='bbox 853 1177 1092 1234; x_wconf 75' lang='grc' dir='ltr'><strong><em>Ἑρμογένης</em></strong></span> <span class='ocrx_word' id='word_1_123' title='bbox 1127 1179 1194 1219; x_wconf 85' lang='grc' dir='ltr'><strong>καὶ</strong></span> <span class='ocrx_word' id='word_1_124' title='bbox 1227 1175 1438 1233; x_wconf 80' lang='grc' dir='ltr'><strong><em>Ῥουφῖνος</em></strong></span> <span class='ocrx_word' id='word_1_125' title='bbox 1458 1174 1479 1219; x_wconf 85' lang='grc' dir='ltr'><strong>ὅ</strong></span> <span class='ocrx_word' id='word_1_126' title='bbox 1499 1172 1734 1232; x_wconf 76' lang='grc' dir='ltr'><strong><em>στρατηλά-</em></strong></span> 
     </span>
     <span class='ocr_line' id='line_1_16' title="bbox 226 1239 1788 1303; baseline -0.001 -13"><span class='ocrx_word' id='word_1_127' title='bbox 226 1265 256 1299; x_wconf 84' lang='grc' dir='ltr'>Β</span> <span class='ocrx_word' id='word_1_128' title='bbox 279 1265 375 1303; x_wconf 85' lang='grc' dir='ltr'><strong><em>της,</em></strong></span> <span class='ocrx_word' id='word_1_129' title='bbox 411 1249 474 1289; x_wconf 76' lang='grc' dir='ltr'><strong>ἐπὶ</strong></span> <span class='ocrx_word' id='word_1_130' title='bbox 492 1251 566 1297; x_wconf 75' lang='grc' dir='ltr'><strong>τῆς</strong></span> <span class='ocrx_word' id='word_1_131' title='bbox 585 1245 778 1295; x_wconf 70' lang='grc' dir='ltr'><strong><em>ὑπατείας</em></strong></span> <span class='ocrx_word' id='word_1_132' title='bbox 794 1248 1053 1300; x_wconf 77' lang='grc' dir='ltr'><strong><em>Λαμπαὸίου</em></strong></span> <span class='ocrx_word' id='word_1_133' title='bbox 1082 1247 1147 1287; x_wconf 84' lang='grc' dir='ltr'><strong>καὶ</strong></span> <span class='ocrx_word' id='word_1_134' title='bbox 1171 1244 1377 1302; x_wconf 76' lang='grc' dir='ltr'><strong><em>Ὀρέστου.</em></strong></span> <span class='ocrx_word' id='word_1_135' title='bbox 1448 1246 1515 1286; x_wconf 83' lang='grc' dir='ltr'><strong>καὶ</strong></span> <span class='ocrx_word' id='word_1_136' title='bbox 1538 1239 1732 1300; x_wconf 79' lang='grc' dir='ltr'><strong><em>φθασάν-</em></strong></span> <span class='ocrx_word' id='word_1_137' title='bbox 1746 1254 1788 1288; x_wconf 85' lang='grc'><strong>15</strong></span> 
     </span>
     <span class='ocr_line' id='line_1_17' title="bbox 279 1308 1734 1369; baseline -0.004 -10"><span class='ocrx_word' id='word_1_138' title='bbox 279 1333 361 1359; x_wconf 91' lang='grc' dir='ltr'><strong>των</strong></span> <span class='ocrx_word' id='word_1_139' title='bbox 388 1315 524 1358; x_wconf 76' lang='grc' dir='ltr'><strong><em>αὐτῶν</em></strong></span> <span class='ocrx_word' id='word_1_140' title='bbox 551 1313 598 1356; x_wconf 81' lang='grc' dir='ltr'><strong>τὸ</strong></span> <span class='ocrx_word' id='word_1_141' title='bbox 630 1312 774 1369; x_wconf 87' lang='grc' dir='ltr'><strong><em>Δόρας</em></strong></span> <span class='ocrx_word' id='word_1_142' title='bbox 807 1313 852 1356; x_wconf 83' lang='grc' dir='ltr'><strong>τὸ</strong></span> <span class='ocrx_word' id='word_1_143' title='bbox 881 1314 1137 1368; x_wconf 79' lang='grc' dir='ltr'><strong><em>μετακληθὲν</em></strong></span> <span class='ocrx_word' id='word_1_144' title='bbox 1159 1309 1566 1364; x_wconf 78' lang='grc' dir='ltr'><strong><em>Ἀναστασιούπολις,</em></strong></span> <span class='ocrx_word' id='word_1_145' title='bbox 1603 1308 1734 1367; x_wconf 82' lang='grc' dir='ltr'><strong><em>μήνυ-</em></strong></span> 
     </span>
     <span class='ocr_line' id='line_1_18' title="bbox 282 1373 1732 1439; baseline -0.004 -13"><span class='ocrx_word' id='word_1_146' title='bbox 282 1399 346 1426; x_wconf 90' lang='grc' dir='ltr'><strong>σιν</strong></span> <span class='ocrx_word' id='word_1_147' title='bbox 376 1383 641 1436; x_wconf 79' lang='grc' dir='ltr'><strong><em>κατέπεμψαν</em></strong></span> <span class='ocrx_word' id='word_1_148' title='bbox 673 1373 730 1439; x_wconf 75' lang='grc' dir='ltr'><strong>τῷ</strong></span> <span class='ocrx_word' id='word_1_149' title='bbox 759 1385 922 1436; x_wconf 83' lang='grc' dir='ltr'><strong><em>βασιλεῖ</em></strong></span> <span class='ocrx_word' id='word_1_150' title='bbox 946 1385 1122 1437; x_wconf 84' lang='grc' dir='ltr'><strong><em>Περσῶν</em></strong></span> <span class='ocrx_word' id='word_1_151' title='bbox 1151 1378 1331 1436; x_wconf 78' lang='grc' dir='ltr'><strong><em>Κωάὸῃ·</em></strong></span> <span class='ocrx_word' id='word_1_152' title='bbox 1368 1381 1435 1423; x_wconf 79' lang='grc' dir='ltr'><strong>καὶ</strong></span> <span class='ocrx_word' id='word_1_153' title='bbox 1460 1377 1681 1434; x_wconf 77' lang='grc' dir='ltr'><strong><em>ὖπερέθετο</em></strong></span> <span class='ocrx_word' id='word_1_154' title='bbox 1711 1375 1732 1420; x_wconf 84' lang='grc' dir='ltr'><em>ὃ</em></span> 
     </span>
     <span class='ocr_line' id='line_1_19' title="bbox 283 1444 1735 1505; baseline -0.004 -12"><span class='ocrx_word' id='word_1_155' title='bbox 283 1450 407 1501; x_wconf 76' lang='grc' dir='ltr'><strong><em>αὐτὸς</em></strong></span> <span class='ocrx_word' id='word_1_156' title='bbox 432 1449 625 1504; x_wconf 74' lang='grc' dir='ltr'><strong><em>βασιλεῦς</em></strong></span> <span class='ocrx_word' id='word_1_157' title='bbox 657 1453 731 1491; x_wconf 80' lang='grc' dir='ltr'><strong>τοῦ</strong></span> <span class='ocrx_word' id='word_1_158' title='bbox 762 1449 962 1499; x_wconf 78' lang='grc' dir='ltr'><strong><em>δέξασθαι</em></strong></span> <span class='ocrx_word' id='word_1_159' title='bbox 1001 1446 1163 1497; x_wconf 80' lang='grc' dir='ltr'><strong><em>αὐτούς.</em></strong></span> <span class='ocrx_word' id='word_1_160' title='bbox 1241 1450 1309 1489; x_wconf 80' lang='grc' dir='ltr'><strong>καὶ</strong></span> <span class='ocrx_word' id='word_1_161' title='bbox 1339 1449 1381 1490; x_wconf 79' lang='grc' dir='ltr'><strong><em>ἓν</em></strong></span> <span class='ocrx_word' id='word_1_162' title='bbox 1400 1451 1458 1505; x_wconf 75' lang='grc' dir='ltr'><strong>τῷ</strong></span> <span class='ocrx_word' id='word_1_163' title='bbox 1487 1445 1634 1501; x_wconf 75' lang='grc' dir='ltr'><strong><em>διάγειν</em></strong></span> <span class='ocrx_word' id='word_1_164' title='bbox 1657 1444 1735 1488; x_wconf 79' lang='grc' dir='ltr'><strong><em>αὐ-</em></strong></span> 
     </span>
     <span class='ocr_line' id='line_1_20' title="bbox 281 1513 1736 1575; baseline -0.005 -14"><span class='ocrx_word' id='word_1_165' title='bbox 281 1518 379 1568; x_wconf 78' lang='grc' dir='ltr'><strong><em>τοὺς</em></strong></span> <span class='ocrx_word' id='word_1_166' title='bbox 418 1520 474 1567; x_wconf 81' lang='grc' dir='ltr'><strong>εἷς</strong></span> <span class='ocrx_word' id='word_1_167' title='bbox 504 1517 551 1560; x_wconf 81' lang='grc' dir='ltr'><strong>τὸ</strong></span> <span class='ocrx_word' id='word_1_168' title='bbox 577 1515 721 1573; x_wconf 87' lang='grc' dir='ltr'><strong><em>Δόρας</em></strong></span> <span class='ocrx_word' id='word_1_169' title='bbox 763 1515 850 1571; x_wconf 83' lang='grc' dir='ltr'><strong><em>ἅμα</em></strong></span> <span class='ocrx_word' id='word_1_170' title='bbox 880 1519 1108 1575; x_wconf 81' lang='grc' dir='ltr'><strong><em>Βελισαρίῳ</em></strong></span> <span class='ocrx_word' id='word_1_171' title='bbox 1136 1519 1194 1574; x_wconf 79' lang='grc' dir='ltr'><strong>τῷ</strong></span> <span class='ocrx_word' id='word_1_172' title='bbox 1226 1513 1487 1573; x_wconf 83' lang='grc' dir='ltr'><strong><em>στρατηλάτῃ</em></strong></span> <span class='ocrx_word' id='word_1_173' title='bbox 1535 1513 1610 1557; x_wconf 75' lang='grc' dir='ltr'><strong><em>σὺν</em></strong></span> <span class='ocrx_word' id='word_1_174' title='bbox 1649 1519 1736 1562; x_wconf 80' lang='grc' dir='ltr'><strong><em>τοῖς</em></strong></span> 
     </span>
     <span class='ocr_line' id='line_1_21' title="bbox 284 1579 1792 1642; baseline -0.001 -14"><span class='ocrx_word' id='word_1_175' title='bbox 284 1586 424 1635; x_wconf 73' lang='grc' dir='ltr'><strong><em>ἄλλοις</em></strong></span> <span class='ocrx_word' id='word_1_176' title='bbox 442 1583 623 1642; x_wconf 76' lang='grc' dir='ltr'><strong><em>ἐξάρχοις</em></strong></span> <span class='ocrx_word' id='word_1_177' title='bbox 639 1586 705 1627; x_wconf 85' lang='grc' dir='ltr'><strong>καὶ</strong></span> <span class='ocrx_word' id='word_1_178' title='bbox 723 1589 774 1642; x_wconf 78' lang='grc' dir='ltr'><strong>τῇ</strong></span> <span class='ocrx_word' id='word_1_179' title='bbox 796 1589 1064 1642; x_wconf 81' lang='grc' dir='ltr'><strong><em>στρατιωτικῇ</em></strong></span> <span class='ocrx_word' id='word_1_180' title='bbox 1093 1584 1292 1642; x_wconf 69' lang='grc' dir='ltr'><strong><em>βοηθείᾳ,</em></strong></span> <span class='ocrx_word' id='word_1_181' title='bbox 1330 1585 1395 1626; x_wconf 82' lang='grc' dir='ltr'><strong>καὶ</strong></span> <span class='ocrx_word' id='word_1_182' title='bbox 1425 1579 1792 1637; x_wconf 81' lang='grc' dir='ltr'><strong><em>ἀπληκευόντων20</em></strong></span> 
     </span>
     <span class='ocr_line' id='line_1_22' title="bbox 284 1650 1736 1709; baseline -0.003 -13"><span class='ocrx_word' id='word_1_183' title='bbox 284 1654 419 1697; x_wconf 82' lang='grc' dir='ltr'><strong><em>αὐτῶν</em></strong></span> <span class='ocrx_word' id='word_1_184' title='bbox 442 1652 520 1704; x_wconf 67' lang='grc' dir='ltr'><strong>ἔξω</strong></span> <span class='ocrx_word' id='word_1_185' title='bbox 540 1656 611 1695; x_wconf 77' lang='grc' dir='ltr'><strong>τοῦ</strong></span> <span class='ocrx_word' id='word_1_186' title='bbox 631 1650 796 1709; x_wconf 88' lang='grc' dir='ltr'><strong><em>Λόρας,</em></strong></span> <span class='ocrx_word' id='word_1_187' title='bbox 831 1653 905 1708; x_wconf 82' lang='grc' dir='ltr'><strong>τὴν</strong></span> <span class='ocrx_word' id='word_1_188' title='bbox 925 1651 1135 1707; x_wconf 85' lang='grc' dir='ltr'><strong><em>ἀπόκρισιν</em></strong></span> <span class='ocrx_word' id='word_1_189' title='bbox 1157 1655 1229 1694; x_wconf 85' lang='grc' dir='ltr'><strong>τοῦ</strong></span> <span class='ocrx_word' id='word_1_190' title='bbox 1256 1651 1455 1704; x_wconf 76' lang='grc' dir='ltr'><strong><em>βασιλέως</em></strong></span> <span class='ocrx_word' id='word_1_191' title='bbox 1471 1651 1647 1706; x_wconf 77' lang='grc' dir='ltr'><strong><em>Περσῶν</em></strong></span> <span class='ocrx_word' id='word_1_192' title='bbox 1669 1650 1736 1691; x_wconf 76' lang='grc' dir='ltr'><strong>δε-</strong></span> 
     </span>
     <span class='ocr_line' id='line_1_23' title="bbox 135 1709 1736 1778; baseline -0.004 -13"><span class='ocrx_word' id='word_1_193' title='bbox 135 1738 167 1771; x_wconf 90' lang='lat'>0</span> <span class='ocrx_word' id='word_1_194' title='bbox 194 1737 259 1773; x_wconf 82' lang='lat'><strong>189</strong></span> <span class='ocrx_word' id='word_1_195' title='bbox 281 1720 469 1778; x_wconf 83' lang='grc' dir='ltr'><strong><em>χόμενοι,</em></strong></span> <span class='ocrx_word' id='word_1_196' title='bbox 508 1719 529 1764; x_wconf 82' lang='grc' dir='ltr'>ὅ</span> <span class='ocrx_word' id='word_1_197' title='bbox 568 1720 732 1775; x_wconf 64' lang='grc' dir='ltr'><strong><em>ΖΗηράμ</em></strong></span> <span class='ocrx_word' id='word_1_198' title='bbox 768 1718 788 1763; x_wconf 82' lang='grc' dir='ltr'>ὅ</span> <span class='ocrx_word' id='word_1_199' title='bbox 812 1725 973 1777; x_wconf 86' lang='grc' dir='ltr'><strong><em>πρῶτος</em></strong></span> <span class='ocrx_word' id='word_1_200' title='bbox 992 1720 1160 1776; x_wconf 69' lang='grc' dir='ltr'><strong><em>ἔξαρχος</em></strong></span> <span class='ocrx_word' id='word_1_201' title='bbox 1181 1723 1354 1774; x_wconf 79' lang='grc' dir='ltr'><strong><em>Περσῶν</em></strong></span> <span class='ocrx_word' id='word_1_202' title='bbox 1397 1720 1463 1760; x_wconf 82' lang='grc' dir='ltr'><strong>καὶ</strong></span> <span class='ocrx_word' id='word_1_203' title='bbox 1498 1715 1519 1759; x_wconf 82' lang='grc' dir='ltr'>ὅ</span> <span class='ocrx_word' id='word_1_204' title='bbox 1548 1709 1636 1767; x_wconf 62' lang='grc' dir='ltr'><strong><em>οἷὸς</em></strong></span> <span class='ocrx_word' id='word_1_205' title='bbox 1661 1720 1736 1759; x_wconf 82' lang='grc' dir='ltr'><strong>τοῦ</strong></span> 
     </span>
     <span class='ocr_line' id='line_1_24' title="bbox 283 1783 1738 1845; baseline -0.004 -13"><span class='ocrx_word' id='word_1_206' title='bbox 283 1789 485 1845; x_wconf 78' lang='grc' dir='ltr'><strong><em>βασιλέως</em></strong></span> <span class='ocrx_word' id='word_1_207' title='bbox 506 1791 683 1844; x_wconf 82' lang='grc' dir='ltr'><strong><em>Περσῶν</em></strong></span> <span class='ocrx_word' id='word_1_208' title='bbox 720 1788 795 1831; x_wconf 78' lang='grc' dir='ltr'><strong><em>σὺν</em></strong></span> <span class='ocrx_word' id='word_1_209' title='bbox 828 1788 966 1838; x_wconf 74' lang='grc' dir='ltr'><strong><em>ἄλλοις</em></strong></span> <span class='ocrx_word' id='word_1_210' title='bbox 997 1787 1178 1842; x_wconf 76' lang='grc' dir='ltr'><strong><em>ἐξάρχοις</em></strong></span> <span class='ocrx_word' id='word_1_211' title='bbox 1212 1790 1388 1843; x_wconf 84' lang='grc' dir='ltr'><strong><em>Περσῶν</em></strong></span> <span class='ocrx_word' id='word_1_212' title='bbox 1427 1783 1651 1840; x_wconf 81' lang='grc' dir='ltr'><strong><em>καθήμενοι</em></strong></span> <span class='ocrx_word' id='word_1_213' title='bbox 1682 1786 1738 1833; x_wconf 82' lang='grc' dir='ltr'><strong>εἷς</strong></span> 
     </span>
     <span class='ocr_line' id='line_1_25' title="bbox 283 1850 1736 1912; baseline -0.005 -11"><span class='ocrx_word' id='word_1_214' title='bbox 283 1857 331 1901; x_wconf 83' lang='grc' dir='ltr'><strong>τὸ</strong></span> <span class='ocrx_word' id='word_1_215' title='bbox 350 1858 514 1911; x_wconf 72' lang='grc' dir='ltr'><strong><em>Νίσιβι,</em></strong></span> <span class='ocrx_word' id='word_1_216' title='bbox 552 1858 618 1898; x_wconf 84' lang='grc' dir='ltr'><strong>καὶ</strong></span> <span class='ocrx_word' id='word_1_217' title='bbox 636 1853 795 1911; x_wconf 75' lang='grc' dir='ltr'><strong><em>γνόντες</em></strong></span> <span class='ocrx_word' id='word_1_218' title='bbox 822 1855 882 1899; x_wconf 88' lang='grc' dir='ltr'><strong>ὅτι</strong></span> <span class='ocrx_word' id='word_1_219' title='bbox 905 1856 981 1907; x_wconf 72' lang='grc' dir='ltr'><strong>ἔξω</strong></span> <span class='ocrx_word' id='word_1_220' title='bbox 1010 1861 1082 1898; x_wconf 79' lang='grc' dir='ltr'><strong>τοῦ</strong></span> <span class='ocrx_word' id='word_1_221' title='bbox 1102 1853 1246 1912; x_wconf 86' lang='grc' dir='ltr'><strong><em>Δόρας</em></strong></span> <span class='ocrx_word' id='word_1_222' title='bbox 1269 1851 1561 1909; x_wconf 79' lang='grc' dir='ltr'><strong><em>ἇπληκεύουσιν</em></strong></span> <span class='ocrx_word' id='word_1_223' title='bbox 1582 1853 1620 1895; x_wconf 83' lang='grc' dir='ltr'><strong>οἳ</strong></span> <span class='ocrx_word' id='word_1_224' title='bbox 1636 1850 1736 1895; x_wconf 85' lang='grc' dir='ltr'><strong><em>Ῥω·-</em></strong></span> 
     </span>
    </p>
   </div>
   <div class='ocr_carea' id='block_1_3' title="bbox 374 1961 1279 2011">
    <p class='ocr_par' dir='ltr' id='par_1_4' title="bbox 374 1961 1279 2011">
     <span class='ocr_line' id='line_1_26' title="bbox 374 1961 1279 2011; baseline -0.004 -11"><span class='ocrx_word' id='word_1_225' title='bbox 374 1966 407 2000; x_wconf 88' lang='grc'><strong>6.</strong></span> <span class='ocrx_word' id='word_1_226' title='bbox 433 1961 759 2010; x_wconf 79' lang='grc' dir='ltr'><strong><em>Γινδαρουπόλεως</em></strong></span> <span class='ocrx_word' id='word_1_227' title='bbox 782 1964 850 1999; x_wconf 85' lang='lat' dir='ltr'><strong>Ox.</strong></span> <span class='ocrx_word' id='word_1_228' title='bbox 945 1964 1000 1999; x_wconf 88' lang='grc'><strong>13.</strong></span> <span class='ocrx_word' id='word_1_229' title='bbox 1023 1964 1189 2011; x_wconf 81' lang='grc' dir='ltr'><strong><em>πρεσβεῖς</em></strong></span> <span class='ocrx_word' id='word_1_230' title='bbox 1211 1963 1279 1997; x_wconf 86' lang='lat' dir='ltr'><strong>Ox.</strong></span> 
     </span>
    </p>
   </div>
   <div class='ocr_carea' id='block_1_4' title="bbox 286 2055 1736 2871">
    <p class='ocr_par' dir='ltr' id='par_1_5' title="bbox 286 2055 1735 2140">
     <span class='ocr_line' id='line_1_27' title="bbox 376 2055 1735 2105; baseline -0.002 -13"><span class='ocrx_word' id='word_1_231' title='bbox 376 2057 506 2092; x_wconf 86' lang='lat' dir='ltr'><strong>Eodem</strong></span> <span class='ocrx_word' id='word_1_232' title='bbox 527 2062 680 2104; x_wconf 87' lang='lat' dir='ltr'><strong>ternpore</strong></span> <span class='ocrx_word' id='word_1_233' title='bbox 703 2059 777 2105; x_wconf 90' lang='lat' dir='ltr'><strong>pius</strong></span> <span class='ocrx_word' id='word_1_234' title='bbox 800 2060 988 2105; x_wconf 79' lang='lat' dir='ltr'><strong>Imperator</strong></span> <span class='ocrx_word' id='word_1_235' title='bbox 1009 2058 1202 2105; x_wconf 78' lang='lat' dir='ltr'><strong>Hospitium</strong></span> <span class='ocrx_word' id='word_1_236' title='bbox 1224 2056 1469 2094; x_wconf 78' lang='lat' dir='ltr'><strong>Antiochenam</strong></span> <span class='ocrx_word' id='word_1_237' title='bbox 1489 2055 1602 2090; x_wconf 85' lang='lat' dir='ltr'><strong>reditu</strong></span> <span class='ocrx_word' id='word_1_238' title='bbox 1624 2066 1735 2090; x_wconf 82' lang='lat' dir='ltr'><strong>annuo</strong></span> 
     </span>
     <span class='ocr_line' id='line_1_28' title="bbox 286 2105 888 2140; baseline 0 -1"><span class='ocrx_word' id='word_1_239' title='bbox 286 2116 324 2140; x_wconf 76' lang='grc' dir='ltr'><strong><em>ιν</em></strong></span> <span class='ocrx_word' id='word_1_240' title='bbox 346 2115 549 2138; x_wconf 88' lang='lat' dir='ltr'><strong>nummorum</strong></span> <span class='ocrx_word' id='word_1_241' title='bbox 570 2105 713 2139; x_wconf 90' lang='lat' dir='ltr'><strong>millibus</strong></span> <span class='ocrx_word' id='word_1_242' title='bbox 737 2105 888 2140; x_wconf 83' lang='lat' dir='ltr'><strong>donavit.</strong></span> 
     </span>
    </p>

    <p class='ocr_par' dir='ltr' id='par_1_6' title="bbox 286 2144 1736 2465">
     <span class='ocr_line' id='line_1_29' title="bbox 376 2144 1735 2195; baseline -0.004 -12"><span class='ocrx_word' id='word_1_243' title='bbox 376 2149 512 2184; x_wconf 79' lang='lat' dir='ltr'><strong>Eisdem</strong></span> <span class='ocrx_word' id='word_1_244' title='bbox 542 2149 643 2183; x_wconf 87' lang='lat' dir='ltr'><strong>etiam</strong></span> <span class='ocrx_word' id='word_1_245' title='bbox 676 2151 882 2195; x_wconf 80' lang='lat' dir='ltr'><strong>temporibus</strong></span> <span class='ocrx_word' id='word_1_246' title='bbox 902 2149 1117 2184; x_wconf 83' lang='lat' dir='ltr'><strong>venerandae</strong></span> <span class='ocrx_word' id='word_1_247' title='bbox 1140 2149 1176 2182; x_wconf 88' lang='lat' dir='ltr'><strong>S.</strong></span> <span class='ocrx_word' id='word_1_248' title='bbox 1202 2147 1326 2183; x_wconf 86' lang='lat' dir='ltr'><strong>Marini</strong></span> <span class='ocrx_word' id='word_1_249' title='bbox 1359 2145 1523 2191; x_wconf 83' lang='lat' dir='ltr'><strong>Martyris</strong></span> <span class='ocrx_word' id='word_1_250' title='bbox 1544 2144 1735 2190; x_wconf 79' lang='lat' dir='ltr'><strong>Reliquiae,</strong></span> 
     </span>
     <span class='ocr_line' id='line_1_30' title="bbox 286 2191 1734 2240; baseline -0.003 -12"><span class='ocrx_word' id='word_1_251' title='bbox 286 2195 406 2240; x_wconf 85' lang='lat' dir='ltr'><strong>(cujus</strong></span> <span class='ocrx_word' id='word_1_252' title='bbox 428 2194 620 2240; x_wconf 81' lang='lat' dir='ltr'><strong>sepulturae</strong></span> <span class='ocrx_word' id='word_1_253' title='bbox 642 2194 733 2229; x_wconf 90' lang='lat' dir='ltr'><strong>locus</strong></span> <span class='ocrx_word' id='word_1_254' title='bbox 755 2196 902 2239; x_wconf 78' lang='lat' dir='ltr'><strong>regionis</strong></span> <span class='ocrx_word' id='word_1_255' title='bbox 925 2195 1020 2230; x_wconf 86' lang='lat' dir='ltr'><strong>istius</strong></span> <span class='ocrx_word' id='word_1_256' title='bbox 1043 2194 1225 2235; x_wconf 83' lang='lat' dir='ltr'><strong>Circitori,</strong></span> <span class='ocrx_word' id='word_1_257' title='bbox 1259 2193 1468 2239; x_wconf 77' lang='lat' dir='ltr'><strong>saepiuscule</strong></span> <span class='ocrx_word' id='word_1_258' title='bbox 1489 2202 1552 2236; x_wconf 79' lang='lat' dir='ltr'><strong>per</strong></span> <span class='ocrx_word' id='word_1_259' title='bbox 1574 2191 1734 2225; x_wconf 83' lang='lat' dir='ltr'><strong>somnium</strong></span> 
     </span>
     <span class='ocr_line' id='line_1_31' title="bbox 287 2239 1734 2286; baseline -0.004 -11"><span class='ocrx_word' id='word_1_260' title='bbox 287 2241 485 2276; x_wconf 85' lang='lat' dir='ltr'><strong>obversatus</strong></span> <span class='ocrx_word' id='word_1_261' title='bbox 508 2240 595 2284; x_wconf 87' lang='lat' dir='ltr'><strong>est‚)</strong></span> <span class='ocrx_word' id='word_1_262' title='bbox 631 2244 729 2274; x_wconf 81' lang='lat' dir='ltr'><strong>extra</strong></span> <span class='ocrx_word' id='word_1_263' title='bbox 756 2241 1018 2286; x_wconf 87' lang='lat' dir='ltr'><strong>Gindaropolim</strong></span> <span class='ocrx_word' id='word_1_264' title='bbox 1033 2240 1157 2285; x_wconf 80' lang='lat' dir='ltr'><strong>Syriae</strong></span> <span class='ocrx_word' id='word_1_265' title='bbox 1176 2239 1308 2273; x_wconf 78' lang='lat' dir='ltr'><strong>Primae</strong></span> <span class='ocrx_word' id='word_1_266' title='bbox 1330 2239 1446 2271; x_wconf 85' lang='lat' dir='ltr'><strong>urbem</strong></span> <span class='ocrx_word' id='word_1_267' title='bbox 1468 2241 1627 2282; x_wconf 78' lang='lat' dir='ltr'><strong>repertae</strong></span> <span class='ocrx_word' id='word_1_268' title='bbox 1645 2241 1734 2270; x_wconf 84' lang='lat' dir='ltr'><strong>sunt.</strong></span> 
     </span>
     <span class='ocr_line' id='line_1_32' title="bbox 287 2281 1736 2331; baseline -0.003 -12"><span class='ocrx_word' id='word_1_269' title='bbox 287 2286 448 2320; x_wconf 83' lang='lat' dir='ltr'><strong>Excisum</strong></span> <span class='ocrx_word' id='word_1_270' title='bbox 471 2284 550 2319; x_wconf 90' lang='lat' dir='ltr'><strong>huic</strong></span> <span class='ocrx_word' id='word_1_271' title='bbox 572 2288 646 2318; x_wconf 83' lang='lat' dir='ltr'><strong>erat</strong></span> <span class='ocrx_word' id='word_1_272' title='bbox 668 2284 704 2318; x_wconf 89' lang='lat' dir='ltr'><strong>in</strong></span> <span class='ocrx_word' id='word_1_273' title='bbox 726 2291 827 2330; x_wconf 81' lang='lat' dir='ltr'><strong>petra</strong></span> <span class='ocrx_word' id='word_1_274' title='bbox 848 2287 1078 2331; x_wconf 80' lang='lat' dir='ltr'><strong>sepulchrum,</strong></span> <span class='ocrx_word' id='word_1_275' title='bbox 1102 2284 1162 2319; x_wconf 90' lang='lat' dir='ltr'><strong>ubi</strong></span> <span class='ocrx_word' id='word_1_276' title='bbox 1182 2288 1273 2318; x_wconf 86' lang='lat' dir='ltr'><strong>totus</strong></span> <span class='ocrx_word' id='word_1_277' title='bbox 1295 2294 1396 2328; x_wconf 87' lang='lat' dir='ltr'><strong>super</strong></span> <span class='ocrx_word' id='word_1_278' title='bbox 1419 2282 1562 2317; x_wconf 83' lang='lat' dir='ltr'><strong>asserem</strong></span> <span class='ocrx_word' id='word_1_279' title='bbox 1585 2281 1736 2326; x_wconf 85' lang='lat' dir='ltr'><strong>explica-</strong></span> 
     </span>
     <span class='ocr_line' id='line_1_33' title="bbox 287 2327 1735 2376; baseline -0.003 -12"><span class='ocrx_word' id='word_1_280' title='bbox 287 2335 342 2364; x_wconf 89' lang='lat' dir='ltr'><strong>tus</strong></span> <span class='ocrx_word' id='word_1_281' title='bbox 362 2330 520 2374; x_wconf 83' lang='lat' dir='ltr'><strong>jacebat,</strong></span> <span class='ocrx_word' id='word_1_282' title='bbox 551 2329 653 2364; x_wconf 83' lang='lat' dir='ltr'><strong>clavis</strong></span> <span class='ocrx_word' id='word_1_283' title='bbox 677 2328 709 2363; x_wconf 89' lang='lat' dir='ltr'><strong>ei</strong></span> <span class='ocrx_word' id='word_1_284' title='bbox 731 2330 851 2364; x_wconf 85' lang='lat' dir='ltr'><strong>ferreis</strong></span> <span class='ocrx_word' id='word_1_285' title='bbox 874 2342 936 2376; x_wconf 87' lang='lat' dir='ltr'><strong>per</strong></span> <span class='ocrx_word' id='word_1_286' title='bbox 958 2334 1067 2365; x_wconf 88' lang='lat' dir='ltr'><strong>totum</strong></span> <span class='ocrx_word' id='word_1_287' title='bbox 1090 2341 1210 2375; x_wconf 86' lang='lat' dir='ltr'><strong>corpus</strong></span> <span class='ocrx_word' id='word_1_288' title='bbox 1232 2329 1303 2372; x_wconf 86' lang='lat' dir='ltr'><strong>ejus</strong></span> <span class='ocrx_word' id='word_1_289' title='bbox 1326 2327 1409 2362; x_wconf 87' lang='lat' dir='ltr'><strong>actis</strong></span> <span class='ocrx_word' id='word_1_290' title='bbox 1432 2327 1563 2361; x_wconf 85' lang='lat' dir='ltr'><strong>affixus.</strong></span> <span class='ocrx_word' id='word_1_291' title='bbox 1609 2327 1735 2360; x_wconf 83' lang='lat' dir='ltr'><strong>Subla-</strong></span> 
     </span>
     <span class='ocr_line' id='line_1_34' title="bbox 289 2371 1734 2421; baseline -0.002 -13"><span class='ocrx_word' id='word_1_292' title='bbox 289 2380 342 2409; x_wconf 83' lang='lat' dir='ltr'><strong>tas</strong></span> <span class='ocrx_word' id='word_1_293' title='bbox 361 2379 470 2409; x_wconf 88' lang='lat' dir='ltr'><strong>autem</strong></span> <span class='ocrx_word' id='word_1_294' title='bbox 488 2374 567 2409; x_wconf 90' lang='lat' dir='ltr'><strong>inde</strong></span> <span class='ocrx_word' id='word_1_295' title='bbox 587 2374 749 2419; x_wconf 79' lang='lat' dir='ltr'><strong>Martyris</strong></span> <span class='ocrx_word' id='word_1_296' title='bbox 766 2376 863 2419; x_wconf 86' lang='lat' dir='ltr'><strong>hujus</strong></span> <span class='ocrx_word' id='word_1_297' title='bbox 889 2375 1059 2421; x_wconf 82' lang='lat' dir='ltr'><strong>reliquias,</strong></span> <span class='ocrx_word' id='word_1_298' title='bbox 1084 2375 1127 2410; x_wconf 84' lang='lat' dir='ltr'><strong>ad</strong></span> <span class='ocrx_word' id='word_1_299' title='bbox 1151 2376 1188 2408; x_wconf 88' lang='lat' dir='ltr'><strong>S.</strong></span> <span class='ocrx_word' id='word_1_300' title='bbox 1205 2374 1386 2416; x_wconf 86' lang='lat' dir='ltr'><strong>Julianum,</strong></span> <span class='ocrx_word' id='word_1_301' title='bbox 1409 2376 1507 2407; x_wconf 83' lang='lat' dir='ltr'><strong>extra</strong></span> <span class='ocrx_word' id='word_1_302' title='bbox 1521 2371 1734 2407; x_wconf 79' lang='lat' dir='ltr'><strong>Antiochiam</strong></span> 
     </span>
     <span class='ocr_line' id='line_1_35' title="bbox 289 2421 661 2465; baseline 0 -11"><span class='ocrx_word' id='word_1_303' title='bbox 289 2421 405 2455; x_wconf 88' lang='lat' dir='ltr'><strong>urbem</strong></span> <span class='ocrx_word' id='word_1_304' title='bbox 428 2424 661 2465; x_wconf 86' lang='lat' dir='ltr'><strong>reposuerunt.</strong></span> 
     </span>
    </p>

    <p class='ocr_par' dir='ltr' id='par_1_7' title="bbox 287 2461 1736 2871">
     <span class='ocr_line' id='line_1_36' title="bbox 380 2461 1736 2511; baseline -0.002 -12"><span class='ocrx_word' id='word_1_305' title='bbox 380 2465 511 2499; x_wconf 84' lang='lat' dir='ltr'><strong>Eodem</strong></span> <span class='ocrx_word' id='word_1_306' title='bbox 532 2469 695 2511; x_wconf 87' lang='lat' dir='ltr'><strong>tempore,</strong></span> <span class='ocrx_word' id='word_1_307' title='bbox 717 2464 901 2509; x_wconf 79' lang='lat' dir='ltr'><strong>Lampadio</strong></span> <span class='ocrx_word' id='word_1_308' title='bbox 926 2468 960 2498; x_wconf 90' lang='lat' dir='ltr'><strong>et</strong></span> <span class='ocrx_word' id='word_1_309' title='bbox 984 2465 1108 2499; x_wconf 80' lang='lat' dir='ltr'><strong>Oreste</strong></span> <span class='ocrx_word' id='word_1_310' title='bbox 1130 2464 1223 2498; x_wconf 85' lang='lat' dir='ltr'><strong>Coss.</strong></span> <span class='ocrx_word' id='word_1_311' title='bbox 1238 2463 1462 2497; x_wconf 85' lang='lat' dir='ltr'><strong>Romanorum</strong></span> <span class='ocrx_word' id='word_1_312' title='bbox 1483 2461 1620 2507; x_wconf 79' lang='lat' dir='ltr'><strong>Legati,</strong></span> <span class='ocrx_word' id='word_1_313' title='bbox 1642 2462 1736 2496; x_wconf 85' lang='lat' dir='ltr'><strong>Her-</strong></span> 
     </span>
     <span class='ocr_line' id='line_1_37' title="bbox 289 2507 1735 2554; baseline -0.002 -10"><span class='ocrx_word' id='word_1_314' title='bbox 289 2521 446 2554; x_wconf 89' lang='lat' dir='ltr'><strong>mogenes</strong></span> <span class='ocrx_word' id='word_1_315' title='bbox 469 2514 505 2544; x_wconf 82' lang='lat' dir='ltr'><strong>et</strong></span> <span class='ocrx_word' id='word_1_316' title='bbox 526 2510 686 2553; x_wconf 85' lang='lat' dir='ltr'><strong>Rufinus,</strong></span> <span class='ocrx_word' id='word_1_317' title='bbox 719 2509 867 2544; x_wconf 81' lang='lat' dir='ltr'><strong>Militum</strong></span> <span class='ocrx_word' id='word_1_318' title='bbox 890 2510 1076 2554; x_wconf 83' lang='lat' dir='ltr'><strong>Magister,</strong></span> <span class='ocrx_word' id='word_1_319' title='bbox 1107 2509 1143 2543; x_wconf 89' lang='lat' dir='ltr'><strong>in</strong></span> <span class='ocrx_word' id='word_1_320' title='bbox 1163 2509 1335 2543; x_wconf 83' lang='lat' dir='ltr'><strong>Persidem</strong></span> <span class='ocrx_word' id='word_1_321' title='bbox 1356 2508 1444 2542; x_wconf 88' lang='lat' dir='ltr'><strong>missi</strong></span> <span class='ocrx_word' id='word_1_322' title='bbox 1466 2513 1553 2542; x_wconf 85' lang='lat' dir='ltr'><strong>sunt.</strong></span> <span class='ocrx_word' id='word_1_323' title='bbox 1598 2507 1646 2542; x_wconf 84' lang='lat' dir='ltr'><strong>Hi</strong></span> <span class='ocrx_word' id='word_1_324' title='bbox 1666 2508 1735 2541; x_wconf 82' lang='lat' dir='ltr'><strong>ita-</strong></span> 
     </span>
     <span class='ocr_line' id='line_1_38' title="bbox 290 2552 1736 2601; baseline -0.001 -13"><span class='ocrx_word' id='word_1_325' title='bbox 290 2567 358 2600; x_wconf 86' lang='lat' dir='ltr'><strong>que</strong></span> <span class='ocrx_word' id='word_1_326' title='bbox 380 2555 490 2589; x_wconf 88' lang='lat' dir='ltr'><strong>Doras</strong></span> <span class='ocrx_word' id='word_1_327' title='bbox 513 2555 604 2598; x_wconf 88' lang='lat' dir='ltr'><strong>olim,</strong></span> <span class='ocrx_word' id='word_1_328' title='bbox 627 2554 904 2601; x_wconf 88' lang='lat' dir='ltr'><strong>Anastasiopolim</strong></span> <span class='ocrx_word' id='word_1_329' title='bbox 927 2566 1013 2588; x_wconf 90' lang='lat' dir='ltr'><strong>nunc</strong></span> <span class='ocrx_word' id='word_1_330' title='bbox 1035 2559 1188 2589; x_wconf 85' lang='lat' dir='ltr'><strong>vocatam</strong></span> <span class='ocrx_word' id='word_1_331' title='bbox 1209 2555 1326 2588; x_wconf 88' lang='lat' dir='ltr'><strong>urbem</strong></span> <span class='ocrx_word' id='word_1_332' title='bbox 1349 2552 1582 2595; x_wconf 78' lang='lat' dir='ltr'><strong>advenientes,</strong></span> <span class='ocrx_word' id='word_1_333' title='bbox 1609 2552 1736 2586; x_wconf 84' lang='lat' dir='ltr'><strong>adven-</strong></span> 
     </span>
     <span class='ocr_line' id='line_1_39' title="bbox 287 2597 1735 2644; baseline -0.002 -10"><span class='ocrx_word' id='word_1_334' title='bbox 287 2605 359 2634; x_wconf 85' lang='lat' dir='ltr'><strong>tum</strong></span> <span class='ocrx_word' id='word_1_335' title='bbox 383 2611 477 2634; x_wconf 81' lang='lat' dir='ltr'><strong>suum</strong></span> <span class='ocrx_word' id='word_1_336' title='bbox 500 2601 609 2635; x_wconf 87' lang='lat' dir='ltr'><strong>Coadi</strong></span> <span class='ocrx_word' id='word_1_337' title='bbox 630 2601 807 2636; x_wconf 82' lang='lat' dir='ltr'><strong>Persarum</strong></span> <span class='ocrx_word' id='word_1_338' title='bbox 824 2599 913 2644; x_wconf 84' lang='lat' dir='ltr'><strong>Regi</strong></span> <span class='ocrx_word' id='word_1_339' title='bbox 932 2605 1048 2634; x_wconf 88' lang='lat' dir='ltr'><strong>notum</strong></span> <span class='ocrx_word' id='word_1_340' title='bbox 1070 2600 1240 2634; x_wconf 82' lang='lat' dir='ltr'><strong>fecerunt:</strong></span> <span class='ocrx_word' id='word_1_341' title='bbox 1265 2610 1406 2643; x_wconf 89' lang='lat' dir='ltr'><strong>quorum</strong></span> <span class='ocrx_word' id='word_1_342' title='bbox 1428 2603 1542 2633; x_wconf 85' lang='lat' dir='ltr'><strong>tamen</strong></span> <span class='ocrx_word' id='word_1_343' title='bbox 1564 2597 1735 2632; x_wconf 79' lang='lat' dir='ltr'><strong>admissio-</strong></span> 
     </span>
     <span class='ocr_line' id='line_1_40' title="bbox 289 2644 1734 2690; baseline 0 -12"><span class='ocrx_word' id='word_1_344' title='bbox 289 2656 363 2678; x_wconf 87' lang='lat' dir='ltr'><strong>nem</strong></span> <span class='ocrx_word' id='word_1_345' title='bbox 387 2645 462 2678; x_wconf 86' lang='lat' dir='ltr'><strong>Rex</strong></span> <span class='ocrx_word' id='word_1_346' title='bbox 493 2646 766 2690; x_wconf 77' lang='lat' dir='ltr'><strong>procrastinavit.</strong></span> <span class='ocrx_word' id='word_1_347' title='bbox 810 2645 946 2680; x_wconf 79' lang='lat' dir='ltr'><strong>Interim</strong></span> <span class='ocrx_word' id='word_1_348' title='bbox 976 2656 1059 2679; x_wconf 84' lang='lat' dir='ltr'><strong>vero</strong></span> <span class='ocrx_word' id='word_1_349' title='bbox 1083 2645 1160 2678; x_wconf 90' lang='lat' dir='ltr'><strong>dum</strong></span> <span class='ocrx_word' id='word_1_350' title='bbox 1184 2644 1310 2689; x_wconf 81' lang='lat' dir='ltr'><strong>Legati</strong></span> <span class='ocrx_word' id='word_1_351' title='bbox 1338 2644 1382 2678; x_wconf 83' lang='lat' dir='ltr'><strong>ad</strong></span> <span class='ocrx_word' id='word_1_352' title='bbox 1404 2645 1533 2685; x_wconf 83' lang='lat' dir='ltr'><strong>Doras,</strong></span> <span class='ocrx_word' id='word_1_353' title='bbox 1571 2654 1638 2677; x_wconf 81' lang='lat' dir='ltr'><strong>una</strong></span> <span class='ocrx_word' id='word_1_354' title='bbox 1661 2652 1734 2678; x_wconf 85' lang='lat' dir='ltr'><strong>cum</strong></span> 
     </span>
     <span class='ocr_line' id='line_1_41' title="bbox 290 2687 1735 2735; baseline -0.002 -12"><span class='ocrx_word' id='word_1_355' title='bbox 290 2690 455 2724; x_wconf 85' lang='lat' dir='ltr'><strong>Belisario</strong></span> <span class='ocrx_word' id='word_1_356' title='bbox 477 2690 624 2725; x_wconf 85' lang='lat' dir='ltr'><strong>Militum</strong></span> <span class='ocrx_word' id='word_1_357' title='bbox 640 2691 821 2735; x_wconf 87' lang='lat' dir='ltr'><strong>Magistro,</strong></span> <span class='ocrx_word' id='word_1_358' title='bbox 845 2689 1053 2735; x_wconf 76' lang='lat' dir='ltr'><strong>caeterisque</strong></span> <span class='ocrx_word' id='word_1_359' title='bbox 1075 2690 1298 2724; x_wconf 81' lang='lat' dir='ltr'><strong>Romanorum</strong></span> <span class='ocrx_word' id='word_1_360' title='bbox 1322 2689 1490 2724; x_wconf 84' lang='lat' dir='ltr'><strong>Exarchis</strong></span> <span class='ocrx_word' id='word_1_361' title='bbox 1513 2692 1548 2722; x_wconf 90' lang='lat' dir='ltr'><strong>et</strong></span> <span class='ocrx_word' id='word_1_362' title='bbox 1571 2687 1735 2728; x_wconf 84' lang='lat' dir='ltr'><strong>exercitu,</strong></span> 
     </span>
     <span class='ocr_line' id='line_1_42' title="bbox 290 2732 1736 2782; baseline -0.002 -14"><span class='ocrx_word' id='word_1_363' title='bbox 290 2735 349 2779; x_wconf 89' lang='lat' dir='ltr'><strong>qui</strong></span> <span class='ocrx_word' id='word_1_364' title='bbox 372 2740 484 2770; x_wconf 87' lang='lat' dir='ltr'><strong>castra</strong></span> <span class='ocrx_word' id='word_1_365' title='bbox 501 2748 561 2770; x_wconf 79' lang='lat' dir='ltr'><strong>sua</strong></span> <span class='ocrx_word' id='word_1_366' title='bbox 584 2740 682 2771; x_wconf 84' lang='lat' dir='ltr'><strong>extra</strong></span> <span class='ocrx_word' id='word_1_367' title='bbox 705 2737 819 2770; x_wconf 89' lang='lat' dir='ltr'><strong>urbem</strong></span> <span class='ocrx_word' id='word_1_368' title='bbox 838 2740 1031 2782; x_wconf 80' lang='lat' dir='ltr'><strong>posuerant,</strong></span> <span class='ocrx_word' id='word_1_369' title='bbox 1052 2738 1308 2774; x_wconf 83' lang='lat' dir='ltr'><strong>commorantes3</strong></span> <span class='ocrx_word' id='word_1_370' title='bbox 1331 2735 1504 2779; x_wconf 86' lang='lat' dir='ltr'><strong>Responsa</strong></span> <span class='ocrx_word' id='word_1_371' title='bbox 1525 2733 1630 2778; x_wconf 85' lang='lat' dir='ltr'><strong>Regis</strong></span> <span class='ocrx_word' id='word_1_372' title='bbox 1651 2732 1736 2766; x_wconf 86' lang='lat' dir='ltr'><strong>Per-</strong></span> 
     </span>
     <span class='ocr_line' id='line_1_43' title="bbox 290 2776 1735 2827; baseline -0.001 -15"><span class='ocrx_word' id='word_1_373' title='bbox 290 2791 399 2814; x_wconf 84' lang='lat' dir='ltr'><strong>sarum</strong></span> <span class='ocrx_word' id='word_1_374' title='bbox 423 2785 662 2824; x_wconf 71' lang='lat' dir='ltr'><strong>expectarent3</strong></span> <span class='ocrx_word' id='word_1_375' title='bbox 701 2782 846 2823; x_wconf 76' lang='lat' dir='ltr'><strong>Metam,</strong></span> <span class='ocrx_word' id='word_1_376' title='bbox 869 2780 1046 2827; x_wconf 83' lang='lat' dir='ltr'><strong>primarius</strong></span> <span class='ocrx_word' id='word_1_377' title='bbox 1067 2780 1244 2814; x_wconf 81' lang='lat' dir='ltr'><strong>Persarum</strong></span> <span class='ocrx_word' id='word_1_378' title='bbox 1267 2780 1366 2821; x_wconf 90' lang='lat' dir='ltr'><strong>filius,</strong></span> <span class='ocrx_word' id='word_1_379' title='bbox 1399 2780 1577 2824; x_wconf 66' lang='lat' dir='ltr'><strong>Ducaeque</strong></span> <span class='ocrx_word' id='word_1_380' title='bbox 1599 2776 1668 2822; x_wconf 85' lang='lat' dir='ltr'><strong>qui,</strong></span> <span class='ocrx_word' id='word_1_381' title='bbox 1691 2776 1735 2810; x_wconf 82' lang='lat' dir='ltr'><strong>ad</strong></span> 
     </span>
     <span class='ocr_line' id='line_1_44' title="bbox 287 2822 1734 2871; baseline -0.001 -13"><span class='ocrx_word' id='word_1_382' title='bbox 287 2824 433 2860; x_wconf 83' lang='lat' dir='ltr'><strong>Nisibim</strong></span> <span class='ocrx_word' id='word_1_383' title='bbox 457 2826 698 2871; x_wconf 86' lang='lat' dir='ltr'><strong>concedentes,</strong></span> <span class='ocrx_word' id='word_1_384' title='bbox 735 2826 900 2864; x_wconf 76' lang='lat' dir='ltr'><strong>Romanos</strong></span> <span class='ocrx_word' id='word_1_385' title='bbox 923 2829 1019 2864; x_wconf 81' lang='lat' dir='ltr'><strong>extra</strong></span> <span class='ocrx_word' id='word_1_386' title='bbox 1042 2825 1149 2863; x_wconf 85' lang='lat' dir='ltr'><strong>Doras</strong></span> <span class='ocrx_word' id='word_1_387' title='bbox 1185 2829 1441 2862; x_wconf 76' lang='lat' dir='ltr'><strong>castrametatos</strong></span> <span class='ocrx_word' id='word_1_388' title='bbox 1463 2835 1535 2861; x_wconf 85' lang='lat' dir='ltr'><strong>esse</strong></span> <span class='ocrx_word' id='word_1_389' title='bbox 1556 2822 1734 2860; x_wconf 84' lang='lat' dir='ltr'><strong>intellexe-</strong></span> 
     </span>
    </p>
   </div>
  </div>
 </body>
</html>
