1838 3230
321 194 419 241 720
870 172 873 174 ’
906 190 1180 237 BENTLEn

320 304 416 344 siaci
444 318 534 345 xm.
579 304 787 358 Euripides
816 310 946 344 autem
976 313 1015 346 et
1042 305 1258 359 Sophocles
1286 308 1368 357 ejus
1392 307 1487 348 beni
1512 322 1612 349 xxvr
1644 322 1759 356 anno,

321 362 399 413 Oly
402 375 478 413 mp.
500 375 612 400 xcux.
636 375 696 402 ιιι.
725 361 784 399 uti
812 369 964 401 constat
989 376 1038 400 ex
1058 363 1334 431 Aristophanis
1360 365 1499 414 Ranis,
1529 379 1630 418 quae
1655 372 1762 405 actae

321 424 413 456 sunt
427 432 472 456 eo
492 432 591 456 anno
615 417 808 468 Dionysiis
827 422 908 466 τοῖς
935 415 1026 458 κατ’
1052 414 1215 472 αγρούς·
1246 427 1291 459 ut
1320 420 1395 459 alia
1420 428 1644 474 argumenta
1671 422 1761 461 mit-

320 481 400 512 tam
421 477 468 511 ab
498 473 661 512 eruditis
691 472 786 511 viris
817 481 1021 526 occupata.
1078 476 1214 527 Itaque
1242 477 1327 515 loco
1360 479 1486 525 Ιωνος
1511 477 1762 526 scribendum

322 537 380 568 est
398 531 572 568 fortassis
593 524 793 578 Ιωάννου,
821 530 885 567 vel
913 531 1065 579 Βίωνος
1086 532 1151 570 vel
1169 533 1342 580 Δίωνος,
1371 540 1416 572 ut
1443 532 1584 585 cuique
1606 533 1762 572 libitum

321 587 453 625 suerit.
516 583 757 636 Tragoecliae
787 599 950 624 numero
978 594 1134 636 X11,ut
1159 588 1223 626 alii
1251 589 1391 627 volunt
1409 602 1516 637 xxx,
1544 596 1590 628 ut
1609 589 1675 628 alii
1694 603 1760 628 ιιι.

323 646 425 694 σχολ
449 648 486 680 et
508 640 660 678 Suidas.
714 640 835 679 Tituli
854 642 1009 692 quidem
1031 643 1211 681 undecim
1233 659 1254 681 a
1273 644 1469 683 veteribus
1489 645 1761 684 Grammaticis

322 698 451 736 adhuc
478 703 696 735 se1·.vantur
759 700 1157 749 ΑΓΑΜΕΜΝΩΝ,
1194 700 1300 738 Idem
1327 703 1428 753 σχολ.
1463 707 1503 740 et
1530 700 1761 740 Athenaeus.

320 753 563 805 Hesychius:
596 751 807 807 Πεδανῷ
789 752 924 806 ὕπνῳ,
953 751 981 806 ἢ
1013 756 1170 808 πεδανῷ
1197 752 1360 810 κούφῳ,
1388 760 1466 796 Ιων
1494 755 1760 810 Αγαμέμνονι,

319 811 423 857 τινὲς
443 808 485 850 δὲ
501 807 550 849 ου’
569 809 727 862 βεβαίῳ.
757 809 830 860 leg.
854 807 1048 864 η’πεδανῷ,
1077 810 1230 877 κούφῳ.
1258 815 1562 852 AAKMHNH.
1590 812 1760 865 Hesych.

322 868 467 906 Pollux
485 879 523 903 x.
546 868 611 907 23.
670 868 732 904 Εν
754 839 819 904 δὲὓ
818 868 867 920 τῇ
889 868 1010 913 Ιωνος
1037 853 1250 921 Αλκμήιῃ,
1279 865 1302 908 ὃ
1327 868 1382 915 εἰς
1410 865 1484 920 τήν
1516 872 1586 918 τῆς
1610 872 1763 921 τροφῆς

321 919 575 975 παρασκευήν
593 935 667 971 ην,
697 924 776 960 ev).
780 923 918 973 ακίσκη
939 917 1170 974 ω’νὸμασται.
1227 925 1386 974 Repone
1413 937 1463 962 ex
1486 925 1580 966 cod.
1606 925 1762 963 Vossia-

309 994 394 1027 -ιιο,
432 995 452 1019 ο
486 978 540 1025 εἰς
581 975 655 1028 τὴν
679 979 749 1027 τῆς
784 980 934 1030 τροφῆς
967 976 1220 1031 παρασκευην
1247 979 1486 1028 θυλακίσκος
1525 976 1761 1032 ω’νόμασται.

322 1032 940 1083 APFEIOIllesycl1.MEFA
969 1037 1177 1074 APA.MA
1219 1035 1361 1073 Pollux
1381 1049 1420 1073 x.
1438 1036 1505 1078 45.
1529 1035 1696 1087 Hesych.
1719 1037 1762 1075 in

326 1088 618 1139 Ονοταζομένη,
649 1095 689 1126 et
708 1086 983 1142 Μελάγχετον,
1014 1086 1165 1145 μεγάλῳ
1185 1087 1352 1143 δράματι
1386 1087 1465 1132 eino*
1486 1095 1567 1132 τῶν
1581 1089 1763 1160 ἀνθρώ-

321 1162 430 1196 πων,
462 1142 549 1186 οἷον
569 1141 829 1196 ἀκμάζουσαν.
886 1146 1006 1196 Lego:
1039 1147 1337 1199 Μελαγχαίταν,
1374 1150 1452 1187 Ιων
1471 1144 1646 1201 Μεγαλςο
1668 1145 1765 1201 δρά-

316 1211 428 1255 ματι.
486 1202 671 1239 Homines
702 1197 938 1252 ἀκμάζοντες
966 1207 1088 1240 aetate
1113 1203 1295 1240 florentes
1322 1202 1509 1255 capillitio
1539 1203 1622 1242 fere
1651 1205 1763 1254 ιιὶ3ιο

322 1264 436 1307 sunt,
467 1256 646 1309 provecti
670 1263 895 1296 canescunt.
954 1258 1028 1295 Sed
1053 1259 1213 1296 verbum
1232 1258 1304 1296 id
1294 1272 1491 1297 inversum
1516 1265 1576 1298 est
1593 1260 1640 1298 ab
1656 1261 1762 1309 Ione,

323 1321 364 1352 et
382 1314 431 1351 ad
449 1313 525 1350 alia
545 1313 749 1361 tralatum,
789 1326 886 1362 quae
917 1320 1008 1351 sunt
1044 1314 1152 1352 annis
1181 1321 1218 1352 et
1252 1315 1400 1353 viribus
1431 1315 1610 1365 integris.
1653 1316 1765 1368 quasi

323 1370 521 1408 (liceretur
546 1368 714 1418 exempli
744 1368 866 1416 gratia
892 1368 1014 1415 ι’ππος
1041 1370 1294 1422 μελαγχαίτας
1317 1385 1433 1424 equus
1455 1371 1615 1422 florenti
1639 1381 1764 1410 aetate

316 1427 526 1495 ’ῘυυεηοιιεΗ
594 1425 839 1463 ΦΡΟΥΡΟΙ.
896 1423 1027 1461 Schol.
1066 1424 1265 1476 Aristoph.
1302 1426 1407 1477 Hesy
1413 1425 1474 1465 ch.
1520 1426 1764 1466 Athenaeus:

324 1478 532 1523 ΦΟΙΝΙΞ.
561 1479 685 1517 Julius
703 1479 866 1518 Pollux.
899 1482 975 1519 Ιων
998 1478 1040 1519 δὲ
1060 1480 1103 1521 ἐν
1135 1483 1291 1520 Φοίνικι
1320 1480 1576 1531 σαφέστερον·
1606 1478 1705 1522 Αλλ’
1730 1498 1761 1522 ω

319 1536 525 1590 θυρέτρων
564 1536 689 1574 τῶνδε
727 1538 904 1585 κωμῆται
931 1536 1033 1576 θεοί.
1106 1537 1319 1574 Enarrator
1351 1537 1497 1575 Comici
1534 1537 1585 1575 ad.
1614 1539 1762 1576 Ranas:

324 1596 451 1633 Τοῦτο
471 1593 542 1631 τοῦ
573 1586 695 1638 Ιωνός
713 1590 814 1630 ἐστιν
833 1590 874 1631 ἐκ
894 1592 1083 1643 Φοινίκης
1106 1588 1134 1643 ἢ
1164 1591 1230 1631 καὶ
1257 1591 1422 1639 Οἰνέως·
1454 1592 1510 1632 Εἰ
1528 1590 1570 1633 δ’
1598 1592 1672 1645 ἐγω
1703 1589 1764 1647 ὅρα

319 1647 395 1696 &dg
417 1650 516 1688 ἰδεῖν
539 1647 626 1699 βίον
647 1641 798 1714 ἆνέρος,
825 1650 1019 1698 πολιῆται.
1077 1648 1238 1699 Ropone
1261 1661 1312 1685 ex
1330 1647 1543 1686 certissima
1561 1649 1762 1699 conjectu-

320 1719 366 1744 la
388 1705 430 1745 ἐκ
452 1699 672 1749 Φοίνικος
652 1700 680 1754 η’
700 1701 898 1751 Καινέως·
929 1709 969 1741 et
990 1716 1123 1742 velsus
1147 1703 1220 1741 iste
1248 1704 1439 1742 Πειοίοιι3
1467 1710 1544 1754 est,
1572 1718 1652 1743 non
1669 1705 1764 1744 alie-

322 1775 397 1799 nus
415 1776 437 1799 a
456 1758 684 1810 Tragoedia.

541 1815 596 1855 Εἰ
613 1812 652 1854 δ’
675 1811 748 1868 ἐγώ
770 1810 891 1869 ὄρθος
908 1814 1006 1855 ἰδεῖν
1029 1815 1118 1867 βίον
1136 1810 1294 1866 οῗνὲρος,
1325 1832 1355 1856 ω
1373 1817 1574 1883 πολιῆται.

324 1873 380 1910 sic
402 1871 621 1910 Athenaeus
641 1871 709 1909 lib.
727 1884 790 1909 111.
823 1877 861 1909 et
880 1874 1058 1911 1v.102v
1086 1871 1127 1911 ἐν
1159 1872 1334 1922 Φοίνικι,
1364 1868 1393 1922 ἢ
1412 1875 1556 1912 Καινε
1538 1887 1563 1911 ι.
1629 1872 1765 1922 Itaque

326 1935 382 1966 est
421 1927 618 1969 ΦΟΙΝΙΞ
650 1929 697 1966 Η
725 1930 980 1966 ΚΑΙΝΕΥΣ
1015 1933 1052 1965 et
1090 1926 1288 1968 ΦΟΙΝΙΞ
1317 1929 1614 1968 ΔΕΥΤΕΡΟΣ.
1672 1927 1764 1965 vide

323 1983 592 2035 Hesychiunn
582 1996 624 2020 m
649 1979 863 2034 Τιμαλφής.
922 1982 1140 2021 Athenaeus
1160 1982 1234 2020 fine
1252 1983 1319 2022 lib.
1341 1997 1397 2023 ιν.
1445 1986 1508 2023 Εν
1535 1981 1578 2022 δὲ
1606 1985 1660 2038 τῷ
1678 1983 1765 2022 δευ-

324 2039 424 2092 τέρῳ
448 2040 606 2078 Φοίνικι
625 2037 647 2078 ὁ
667 2041 742 2078 Ιων
764 2039 899 2089 φησίν.
954 2042 1141 2079 Εκτυττον
1164 2035 1271 2091 ἄγων
1295 2036 1423 2091 βαρυν
1444 2035 1567 2078 αὐλόν
1593 2025 1765 2088 τρέχοντι

203 2105 303 2142 055
329 2096 486 2149 ῥυθμῷ,
506 2091 608 2134 οὕτω
624 2092 742 2144 λέγων
753 2097 805 2147 τῷ
817 2094 985 2147 Φρυγίῳ.
1012 2096 1098 2132 Non
1118 2095 1164 2132 de
1180 2093 1302 2132 nihilo
1323 2101 1382 2133 est
1401 2094 1508 2145 quod
1525 2093 1647 2133 Codd.
1657 2089 1765 2131 MSS¹

329 2156 553 2190 constanter
580 2149 764 2187 exhibent
790 2150 990 2201 τρέχοντα·
1021 2151 1072 2188 ad
1099 2164 1199 2201 quoi
1202 2164 1266 2188 um
1292 2151 1483 2190 indicium
1500 2149 1556 2187 sic
1582 2149 1763 2201 legerim:

601 2226 650 2233 -—-
683 2226 732 2234 —
765 2203 980 2256 ἐκτύπουν,
1019 2204 1126 2257 ὄίγων
1156 2204 1283 2258 βαρυν

542 2256 691 2307 Αὕλόν,
719 2259 900 2312 τρέχοντα
920 2261 1090 2315 ῥυθμόν.
1123 2283 1172 2291 -
1205 2283 1254 2291 -

327 2323 372 2356 ut
390 2317 432 2356 in
451 2316 649 2368 Euripidis
670 2315 808 2355 Rheso.

543 2375 731 2413 Πολλοῖσι
754 2385 828 2411 συν
845 2368 1027 2413 κώδωσιν
1050 2370 1203 2414 ἐκτύπει
1227 2370 1371 2424 φόβον.

332 2430 594 2469 ΤΕΤΚΡΟΣ.
652 2426 886 2479 Hesychius:
917 2428 1070 2480 Αϊδροὶ,
1103 2426 1262 2480 ἀίδριες,
1291 2431 1369 2467 Ῑων
1397 2420 1552 2480 Τεύκρῳ
1573 2427 1601 2476 †
1621 2426 1766 2474 Αϊδρο-

327 2488 469 2535 φωντι,
500 2484 666 2537 οἷΐδρίων
686 2480 928 2538 ἆναιρετικῷ.
957 2484 1085 2522 scribe
1106 2489 1196 2533 Ιων,
1225 2492 1261 2522 et
1276 2482 1376 2520 illud
1394 2481 1558 2520 alterum
1579 2481 1766 2532 Hesychii

324 2546 531 2591 peccatum
563 2546 620 2578 est
639 2540 786 2578 scutica
815 2540 984 2590 dignum.
1045 2540 1278 2591 Quicunque
1308 2537 1425 2575 fuerit
1453 2535 1766 2591 interfector-iste

323 2594 547 2643 stultorum,
576 2594 695 2633 homo
725 2609 816 2633 sane
847 2595 1097 2643 metuendus,
1128 2596 1209 2633 sine
1239 2594 1357 2632 dubio
1383 2592 1618 2630 trucidasset
1643 2592 1767 2642 Hesy-

325 2650 455 2687 chium
477 2651 510 2687 si
538 2651 780 2689 occasionem
800 2651 898 2689 hanc
918 2659 1052 2689 nactus
1072 2651 1220 2688 fuisset.
1276 2650 1376 2687 vera
1393 2648 1589 2699 scriptum
1609 2653 1668 2686 est
1687 2651 1767 2687 Αν-

323 2702 553 2762 δρειφὸντῃ,
587 2703 744 2756 ἀνδρῶν
761 2703 1006 2775 οἷναιρετικῷ,
1038 2713 1086 2744 ex
1105 2705 1309 2744 Homerico
1329 2705 1426 2742 isto·

541 2761 754 2828 Μηριόνης
783 2760 996 2811 ἀτάλαντος
1025 2763 1209 2816 Ενυαλίςο
1246 2755 1525 2825 α’νδρειφόντη.

324 2812 582 2870 Αμφιβωῖης,
611 2814 865 2872 περιβόητος·
896 2822 975 2860 Ιων
998 2814 1170 2871 Τεύκρῳ.
1211 2817 1298 2868 lego
1321 2811 1576 2870 περιβοήτου.
1614 2807 1766 2860 Βῶσας,
