1838 3230
225 137 295 185 24
624 125 913 174 IOANNIS
943 126 1281 172 MALALAE

229 253 369 308 μηνῶν
390 248 563 308 ἀριθμοὶ
581 248 686 306 μετὰ
705 251 839 291 ταῦτα
862 243 1144 303 ἐπενοήθησαν
1155 279 1168 300 ,
1204 242 1314 297 ἐξότε
1334 240 1613 302 ἐπωνομάσθη
1635 240 1689 289 τὸ
1706 256 1709 258 “

108 337 141 372 0
165 338 210 373 25
231 319 438 369 ὑποτελεῖς
468 316 568 361 εἶναι
600 317 698 367 τοὺς
729 313 978 372 ἀνθρώπους
1007 323 1093 366 τοῖς
1119 319 1366 370 βασιλεῦσιν.
1438 312 1460 357 ὅ
1490 314 1534 357 δὲ
1561 313 1688 363 αὐτὸς

223 389 387 440 “Ἠλιος,
427 385 448 430 ὃ
480 386 568 436 υἱός
590 385 846 443 Ἡφαίστου,
882 380 934 440 ἦν
955 382 1168 440 φιλότιμος
1189 381 1383 433 δυνατός·
1419 382 1530 434 ὅστις
1549 380 1688 426 ἐδεδώ-

230 461 320 513 χθη
350 453 432 499 ὑπό
463 471 572 504 τινος
607 453 662 504 ὥς
692 450 792 510 γυνή
822 470 883 502 τις
912 454 1122 508 Αἰγυπτία
1154 457 1236 495 τῶν
1257 453 1297 494 ἔν
1320 452 1488 511 εὐπορίᾳ
1508 455 1576 494 καὶ
1595 451 1688 512 ἀξίᾳ

237 525 371 569 οὗσῶν
415 524 508 578 παρ’
546 522 685 571 αὐτοῖς
728 520 863 578 ε’ρῶσά
899 538 1006 572 τινος
1041 519 1264 576 ἐμοιχεύετο
1304 519 1371 563 ὕπ’
1411 520 1553 565 αὐτοῦ.
1622 522 1724 569 καὶ5

145 611 148 614 ·
186 599 217 634 C
241 591 418 642 ἀκούσας
444 590 464 634 ὃ
483 591 626 641 ‘'l-mog
648 588 834 646 ἐζήτησεν
853 590 980 645 αὐτὴν
1003 589 1144 633 πιάσαι
1166 591 1233 632 διὰ
1254 589 1327 643 τὴν
1347 594 1421 632 τοῦ
1443 587 1600 645 πατρὸς
1616 587 1694 632 αὗ-

236 666 311 706 τοῦ
336 660 567 717 Ἶ-Ιφαίστου
597 660 870 713 νομοθεσίαν,
903 660 974 701 ἵνα
994 658 1052 715 μὴ
1074 662 1207 715 λυθῇ·
1245 660 1311 699 καὶ
1331 658 1469 711 λαβὼν
1492 655 1696 714 στρατιώ-

237 747 312 780 τας
331 731 372 772 ἐκ
394 732 467 772 τοῦ
487 730 592 771 ἰδίου
613 731 815 782 στρατοῦ,
853 727 1004 782 μαθὼν
1026 727 1097 770 τὸν
1120 726 1260 782 καιρὸν
1282 732 1354 781 τῆς
1370 728 1550 781 μοιχείας
1569 726 1696 782 αὐτῆς

237 800 423 856 γίνεσθαι
453 801 629 848 νυκτῶν,
668 795 887 855 ε’πιῤῥίψας
917 795 1022 853 αὐτῇ
1051 799 1125 838 τοῦ
1163 795 1311 851 ἀνδρὸς
1342 795 1469 851 αὐτῆς
1494 794 1552 850 μὴ
1580 794 1697 845 ὄντος

240 865 407 919 αὐτόθι,
438 860 550 922 εὗρεν
568 865 698 920 αὐτὴν
715 865 816 920 μετὰ
836 864 960 907 ἄλλου
982 862 1269 907 καθεύδουσαν
1286 867 1359 906 τοῦ
1378 863 1579 920 ἐρωμένου
1598 863 1693 921 παρ’
1708 873 1754 908 10

242 935 383 990 αὐτῆς.
436 932 579 989 ἥντινα
606 933 760 984 εὐθέως
788 932 1029 990 καταγαγών
1053 930 1302 987 ἐπόμπευσεν
1322 933 1364 975 ἓν
1383 930 1494 990 πάσῃ
1513 937 1564 990 τῇ
1579 930 1700 992 χώρᾳ

242 1007 318 1058 τῆς
337 999 551 1057 Αἰγύπτου
570 1000 903 1059 τιμωρησάμενος
916 1016 926 1025 ·
978 1002 1042 1044 καὶ
1064 1001 1195 1057 γέγονε
1216 998 1635 1057 σωφροσύνημεγάλη
1657 1002 1700 1044 ἓν

244 1075 296 1128 τῇ
317 1075 367 1127 γῇ
384 1075 457 1125 τῆς
472 1068 687 1126 Αἰγύπτου
702 1086 711 1095 ·
749 1071 929 1114 κάκεῖνον
949 1071 993 1112 δὲ
1015 1070 1086 1112 τὸν
1105 1069 1246 1124 μοιχὸν
1264 1069 1415 1120 ἀνεῖλε,
1453 1071 1521 1112 καὶ
1540 1070 1702 1127 εὔχαρι-

245 1137 398 1193 στήθη.
435 1140 525 1193 περὶ
545 1133 591 1181 οὗ
615 1139 770 1195 ἱστορεῖ
783 1137 1192 1194 ποιητικῶς“’ομηρος
1209 1136 1229 1181 ὅ
1250 1138 1421 1193 ποιητὴς
1438 1135 1493 1188 ὥς
1511 1135 1700 1190 ὄἿ-Ιλιος,

247 1208 386 1264 φησίν,
402 1205 535 1262 ἤλεγξε
554 1207 628 1261 τὴν
640 1207 885 1264 Ἀφροδίτην
904 1206 1231 1262 συμμιγνυμένην
1245 1206 1388 1256 νυκτὸς
1397 1205 1530 1262 3492?-
1550 1206 1704 1264 Ἀφρο-
1716 1211 1760 1247 15

249 1277 364 1330 δίτην
387 1275 435 1317 δὲ
452 1273 613 1318 ἐκάλεσε
634 1276 707 1331 τὴν
730 1276 951 1329 ἐπιθυμίαν
972 1279 1044 1330 τῆς
1066 1276 1253 1331 πορνείας
1273 1274 1353 1317 ἀπὸ
1374 1279 1447 1317 τοῦ
1464 1273 1605 1318 Ἡλιόυ
1623 1280 1706 1329 βα-

195 1355 229 1390 D
253 1344 395 1393 σιλίως
416 1344 684 1398 ἕλεγχθεΐσαν.
755 1343 801 1387 τὸ
823 1345 866 1386 δὲ
886 1344 1040 1398 ἀληθές
1049 1376 1062 1396 ,
1101 1341 1155 1392 ὡς
1182 1343 1504 1400 προγέγραπται,
1540 1344 1708 1387 Παλαί-

251 1428 384 1470 φατος
403 1409 424 1453 ὃ
449 1409 690 1468 σοφώτατος
705 1410 987 1469 χρονογράᾳος
1008 1410 1306 1467 συνεγράψατο.

354 1479 480 1523 Μετὰ
513 1480 557 1522 δὲ
587 1480 661 1535 τὴν
691 1481 878 1535 τελευτὴν
904 1478 1046 1522 Ἱ-Ιλίου
1078 1481 1303 1534 βασιλέως,
1339 1479 1432 1522 υἱοῦ
1460 1475 1708 1537 Ἱτῖφαίστου,

251 1548 486 1602 ἐβασίλευσε
504 1552 586 1590 τῶν
606 1551 845 1605 Αἰγυπτίων
865 1553 1018 1601 Σῶσις,
1057 1550 1122 1590 καὶ
1139 1548 1242 1602 μετὰ
1258 1549 1331 1604 τὴν
1349 1550 1560 1604 βασιλείαν
1579 1549 1706 1592 αὐτοῦ
1719 1552 1766 1587 20

253 1616 511 1670 ἐβασίλευσεν
531 1615 713 1672 ’Όσιρις,
761 1619 827 1660 καὶ
854 1617 958 1671 μετὰ
980 1616 1138 1673 ’Όσιριν
1169 1618 1425 1671 ἐβασίλευσεν
1444 1611 1594 1673 ἶὩρος,
1643 1619 1712 1660 καὶ

253 1685 356 1739 μετὰ
367 1679 497 1742 ἶ’.Ωρον
519 1685 751 1739 ἐβασίλευσε
775 1687 946 1737 Θοῦλις,
973 1684 1018 1735 ὃς
1036 1685 1241 1742 παρέλαβε
1257 1685 1361 1741 μετὰ
1381 1684 1591 1741 δυνάμεως
1609 1690 1713 1729 πολ-

348 1807 382 1841 1.
414 1802 681 1850 ἐπωνομάσθη]
707 1804 885 1852 ἐνομίσθη
910 1805 1060 1847 Chron.,
1086 1803 1273 1851 ἐπενοήθη
1296 1805 1450 1842 Ioannes.
1539 1807 1574 1843 3.
1606 1803 1713 1852 φιλό-

347 1853 475 1896 τιμος]
501 1849 705 1898 φιλόσοφος
725 1853 853 1887 Chron.
947 1854 980 1886 5.
1005 1849 1129 1887 οὐσῶν
1153 1852 1283 1886 Hodius
1307 1864 1348 1887 ex
1367 1854 1507 1895 Chr-on„
1530 1848 1626 1888 οὖσα
1644 1853 1714 1887 Ox,

350 1899 384 1933 6.
417 1898 501 1933 Post
523 1895 684 1940 οἰκούσας
707 1899 801 1933 omisi
822 1895 886 1934 ἀπ’
910 1896 1030 1934 αὐτοῦ
1055 1910 1128 1932 cum
1152 1898 1279 1933 Chrun.

261 2009 406 2055 putandi
435 2013 505 2045 tum
536 2010 667 2046 demum
698 2012 867 2055 obtinuit,
912 2024 985 2047 cum
1018 2013 1171 2058 Regibus
1203 2012 1387 2058 vectigales
1420 2012 1498 2047 fieri
1530 2015 1717 2058 coeperunt

263 2056 441 2091 Mortales.
494 2057 555 2091 Sol
577 2069 682 2100 vero,
720 2058 868 2092 Vulcani
890 2058 930 2092 F.
956 2064 1077 2104 potens
1101 2060 1168 2094 fuit
1191 2063 1228 2093 et
1249 2059 1380 2104 gloriae
1404 2058 1563 2103 cupidus:
1603 2058 1672 2100 Qui
1696 2069 1718 2092 a

262 2102 408 2147 quodam
432 2102 591 2145 edoctus,
621 2104 800 2138 foeminam
824 2105 992 2149 quandam
1015 2105 1240 2151 Aegyptiam,
1265 2105 1382 2150 opibus
1405 2108 1441 2138 et
1463 2103 1630 2148 dignitate
1651 2103 1719 2139 flo-

262 2150 416 2189 rentem,
440 2160 513 2182 cum
537 2149 680 2193 quodam
703 2150 826 2185 amasio
848 2162 909 2184 suo
935 2150 1096 2185 adulterii
1119 2149 1393 2185 consuetudinem
1416 2150 1562 2192 habere3
1585 2149 1622 2184 in
1646 2156 1720 2184 stu-

267 2193 332 2227 'diis
363 2194 482 2228 habuit
511 2193 599 2228 illam
624 2196 855 2240 prehendere,
895 2207 962 2240 quo
986 2196 1112 2240 Legem
1144 2208 1165 2230 a
1187 2197 1293 2230 Patre
1316 2196 1419 2230 latum
1452 2198 1644 2241 praestaret
1666 2196 1721 2230 in-

267 2238 442 2274 violatam.
496 2239 634 2274 Certior
657 2240 776 2287 itaque
799 2242 926 2282 factus,
971 2245 1103 2287 tempus
1125 2253 1192 2287 quo
1217 2241 1428 2286 congressuri
1458 2249 1556 2275 erant
1575 2242 1645 2285 jam
1666 2241 1721 2276 in-

267 2288 382 2326 stare3
430 2285 570 2320 delectis
592 2285 752 2321 militibus
775 2286 940 2331 stipatus,
978 2293 1079 2321 noctu
1102 2287 1192 2321 illam
1226 2287 1400 2322 adoritur-2
1444 2287 1721 2332 deprensamque,

269 2341 332 2375 per
347 2330 530 2364 absentiam
547 2331 615 2365 viri
631 2343 704 2366 cum
721 2333 854 2366 Amasio
874 2344 934 2366 suo
958 2332 1232 2376 decumbentem,
1257 2332 1425 2367 extraxit:
1451 2338 1487 2367 et
1509 2344 1571 2378 per
1594 2342 1723 2366 omnem

268 2377 463 2421 Aegyptum
486 2376 696 2411 circumferri
715 2378 832 2422 jussit,
867 2377 1022 2421 graviter
1046 2379 1080 2412 in
1103 2379 1193 2413 illam
1217 2379 1496 2413 animadvertens.
1542 2378 1724 2412 Moechum

269 2432 353 2455 vero
376 2421 486 2467 ipsum
507 2427 616 2457 morte
638 2423 813 2458 multavit:
862 2434 906 2457 uo
930 2424 1022 2458 facto
1046 2424 1189 2468 gratiam
1213 2424 1276 2459 sibi
1300 2423 1516 2464 conciliavit3
1559 2422 1726 2468 Aegyptii

269 2477 353 2501 vero
380 2479 493 2502 omnes
515 2467 566 2502 uti
588 2468 788 2506 Castitatem
811 2435 980 2511 colerent,
1003 2469 1130 2504 effecit.
1176 2470 1229 2504 De
1254 2470 1303 2504 his
1325 2474 1436 2504 autem
1453 2470 1617 2503 Homerus
1636 2470 1726 2503 Poe'l*

271 2517 331 2555 ta,
355 2524 449 2547 more
471 2525 552 2556 suo,
574 2514 774 2557 fabulatur,
798 2513 856 2548 ubi
878 2515 1003 2556 tradit3
1040 2515 1154 2550 Solem
1177 2515 1439 2560 deprehendisse
1463 2515 1626 2549 Venerem
1651 2526 1726 2548 cum

270 2557 386 2592 Marte
417 2563 519 2594 noctu
543 2560 731 2594 cubantem.
794 2560 864 2594 Per
885 2561 1051 2595 Venerem
1074 2572 1158 2596 vero
1191 2561 1354 2605 intelligit
1374 2561 1518 2595 co‘eundi
1541 2560 1727 2603 libidinem,

273 2614 295 2635 a
318 2603 386 2638 sole
408 2615 492 2649 rege
514 2606 771 2650 reprehensam:
811 2617 883 2640 rem
904 2606 1012 2651 ipsam
1034 2618 1116 2640 vero
1141 2606 1192 2641 uti
1216 2618 1236 2640 a
1258 2607 1354 2640 nobis
1376 2606 1531 2651 exposita
1554 2612 1623 2649 est,
1658 2606 1728 2641 Pa-

272 2647 451 2693 laephatus
474 2651 731 2695 sapientissimus
754 2652 1037 2697 Chronographus
1060 2652 1168 2686 literis
1192 2652 1413 2697 consignavit.

363 2694 446 2728 Post
467 2700 607 2731 mortem
629 2709 712 2732 vero
737 2698 826 2733 Solis
844 2697 988 2732 Vulcani
1011 2697 1085 2741 filii,
1110 2697 1289 2743 Aegyptiis
1310 2697 1494 2743 imperavit
1516 2697 1626 2732 Sosis:
1651 2699 1731 2743 post

273 2737 364 2791 hunc
387 2742 548 2793 regnavit
572 2743 702 2785 Osiris;
741 2744 910 2778 osiridem
934 2743 1072 2789 excepit
1094 2744 1226 2778 Horvs=
1268 2748 1305 2778 et
1325 2744 1457 2778 Horum
1480 2743 1614 2777 Thulis.
1662 2743 1731 2777 Hic

275 2791 404 2828 ingenti
427 2790 612 2824 mstructus
636 2789 808 2832 exercitu,
846 2801 975 2826 omnem
998 2791 1091 2825 circa
1114 2790 1308 2835 regionem,
1346 2802 1454 2837 usque
1477 2789 1522 2824 ad
1544 2790 1731 2830 Oceanum,
