1838 3230
254 172 353 223 358
653 169 938 217 IOANNIS
967 172 1307 217 MALALAE

255 286 556 344 μηθήσεταιτᾶ
582 290 692 344 τείχη
712 288 1001 347 Ἰερουσαλήμ,
1038 288 1160 348 κύριε.
1231 293 1298 335 καὶ
1326 294 1499 347 μείνασα
1530 293 1610 337 ἐκεῖ
1639 296 1706 338 καὶ

221 381 223 387 ν
255 359 427 400 κτίσασα
446 356 571 415 ἑαυτῇ
588 363 726 413 μνῆμα
744 358 954 412 βασιλικὸν
973 358 1216 415 ἐτελεύτησε,
1252 362 1318 403 καὶ
1338 361 1459 417 ἐτέθη
1478 360 1707 419 ἓνἸεροσο-

259 423 412 479 λύμοις.
482 426 523 468 ἐν
542 427 586 468 δὲ
602 431 659 484 τῷ
682 426 838 480 μέλλειν
870 426 996 482 αὐτὴν
1023 432 1212 470 τελευτᾶν
1246 427 1485 484 ἐπωμόσατο
1518 430 1707 486 μὴισυν-

204 507 235 542 c
258 493 402 537 ειδέναι
422 497 473 550 τῇ
491 495 711 553 κατηγορίᾳ
729 499 804 549 τῆς
829 495 955 538 ἕνεκεν
972 497 1197 539 Παυλίνου.

356 559 403 603 ‘O
435 562 479 603 δὲ
504 562 696 615 βασιλεὺς
725 561 944 613 Θεοδόσιος
976 559 1026 617 ἦν
1057 562 1264 620 ἐλλόγιμος
1273 596 1286 616 ,
1323 564 1438 621 παρὰ
1462 564 1739 618 παντὸςποῦ5

260 627 392 683 δήμου
413 627 653 685 φιλούμενος
680 632 746 673 καὶ
767 635 841 686 τῆς
861 630 1099 687 συγκλήτου.
1169 633 1230 673 ἐπὶ
1252 633 1295 674 δὲ
1314 637 1386 686 τῆς
1405 634 1614 686 βασιλείας
1633 633 1710 675 αὗ-

256 701 330 739 τοῦ
374 698 439 739 καὶ
480 700 792 741 Βαλεντινιανοῦ
830 698 1116 757 ἐπεστράτευσε
1156 700 1261 742 κατὰ
1296 698 1453 755 Ῥώμης
1495 702 1562 742 καὶ
1604 700 1710 743 κατὰ

253 765 722 817 Κωνσταντινουπόλεως
757 767 962 819 Ἀττιλᾶς,
1021 768 1064 810 ἔκ
1102 772 1174 810 τοῦ
1210 768 1348 823 γένους
1385 773 1467 811 τῶν
1497 772 1537 810 Γ
1533 769 1707 824 ηπέδων,

259 837 423 888 πλῆθος
459 833 559 888 ἔχων
595 833 807 890 μυριάδων
838 839 1024 889 πολλῶν,
1080 833 1268 890 δηλώσας
1313 836 1380 878 διὰ
1417 840 1458 879 Γ
1455 834 1584 879 ότθου
1622 835 1711 886 ἑνὸς

257 906 507 956 πρεσβευτοῦ
525 907 583 960 τῷ
600 906 897 962 Βαλεντινιανῷ
905 937 918 956 ,
953 908 1117 958 βασιλεῖ
1125 901 1282 958 Ῥώμης
1292 936 1304 956 ,
1335 904 1550 969 Ἐκὲλευσέ
1565 921 1630 947 σοι
1647 903 1704 947 δι’
1721 914 1765 949 10

133 984 165 1021 0
188 984 234 1020 59
258 969 357 1024 ἐμοῦ
388 967 409 1011 ὅ
441 969 638 1026 δεσπότης
666 989 747 1024 μου
783 974 850 1014 καὶ
889 970 1088 1027 δεσπότης
1127 988 1201 1014 σου
1240 971 1423 1022 Ἀττιλᾶς
1461 974 1531 1015 ἵνα
1573 972 1711 1029 εὐτρε-

260 1039 381 1094 πίσῃς
409 1037 519 1095 αὐτῷ
541 1039 587 1081 τὸ
616 1038 811 1082 παλάτιόν
830 1057 919 1083 σου.
988 1038 1137 1094 ὁμοίως
1162 1041 1206 1082 δὲ
1233 1042 1300 1082 καὶ
1324 1041 1529 1099 Θεοδοσίῳ
1552 1045 1714 1095 βασιλεῖ

204 1119 237 1154 D
262 1105 313 1147 τὰ
334 1105 440 1147 αὐτὰ
461 1107 502 1148 ἐν
524 1106 948 1151 Κωνσταντινουπόλει
984 1106 1160 1162 ἐδήλωσε
1195 1108 1252 1149 δι’
1285 1106 1372 1157 ἑνὸς
1399 1111 1439 1150 Γ
1437 1106 1568 1151 ότθου
1586 1123 1710 1164 πρεσ-

256 1177 418 1227 βευτοῦ.
489 1176 556 1216 καὶ
596 1174 778 1230 ἀκηκοώς
810 1176 958 1225 Ἀέτιος
1002 1174 1022 1218 ὃ
1063 1179 1224 1233 πρῶτος
1263 1176 1524 1231 συγκλητικὸς
1554 1174 1712 1231 Ῥώμης

259 1241 333 1295 τὴν
352 1239 688 1295 ὑπερβάλλουσαν
706 1242 862 1297 τόλμαν
883 1248 955 1299 τῆς
976 1244 1296 1299 ἄπονενοημὲνης
1314 1244 1562 1301 ἀποκρίσεως
1579 1246 1711 1287 Ἀττι-
1723 1253 1766 1288 15

261 1312 338 1361 za,
375 1308 536 1364 ἀπῆλθε
567 1310 669 1367 πρὸς
695 1310 904 1367 Ἀλάριχον
939 1312 1042 1366 πρὸς
1069 1312 1165 1361 τοὺς
1198 1310 1404 1364 Γάλλους,
1443 1312 1712 1368 &vagg-99&

255 1375 487 1431 Ῥωμαίων,
523 1379 589 1420 καὶ
612 1380 891 1435 προετρέψατο
924 1379 1048 1422 αὐτὸν
1074 1381 1139 1422 καὶ
1165 1378 1324 1435 ἤνεγκεν
1353 1380 1476 1422 αὐτὸν
1495 1379 1580 1434 ἅμα
1601 1380 1712 1437 αὐτῷ

261 1445 366 1487 κατὰ
391 1445 577 1487 Ἀττιλᾶ·
614 1447 832 1502 ἐπολέμησε
860 1448 935 1504 γὰρ
967 1446 1101 1497 πόλεις
1128 1448 1281 1497 πολλὰς
1313 1452 1386 1502 τῆς
1406 1446 1575 1503 Ῥώμης.
1645 1449 1713 1490 καὶ

263 1514 453 1567 ἐξαίφνης
479 1513 764 1571 ε’πιῤῥίψαντες
799 1515 910 1572 αὐτῷ
919 1548 931 1568 ,
969 1513 1024 1564 ὥς
1053 1517 1160 1558 ἐστὶν
1189 1513 1424 1570 ἀπληκεύων
1447 1517 1616 1570 πλησίον
1639 1519 1713 1558 τοῦ

262 1582 500 1634 Λανουβίου
536 1587 746 1636 ποταμοῦ,
785 1582 940 1637 ἔκοψαν
969 1584 1104 1625 αὐτῶν
1129 1581 1315 1637 χιλιάδας
1343 1581 1510 1633 πολλάς.
1582 1585 1637 1633 εἷς
1669 1584 1768 1626 δέΞΟ

264 1649 337 1703 τὴν
366 1650 575 1704 συμβολὴν
609 1650 762 1707 πληγὴν
792 1651 932 1704 λαβὼν
954 1649 1200 1708 ὃἈλάριχος
1221 1651 1299 1694 ἀπὸ
1322 1653 1490 1707 σαγίτας
1508 1649 1714 1707 ἐτελεύτη-

354 1792 388 1826 3.
420 1790 470 1836 μὴ
494 1792 695 1827 συνειδέναι
719 1793 764 1838 τῇ
783 1794 984 1840 κατηγορίᾳ
1005 1794 1070 1839 τῆς
1093 1791 1211 1829 ἕνεκεν
1234 1792 1445 1837 Παυλίνου]
1477 1817 1501 1835 ,,
1510 1792 1618 1827 Locus
1640 1804 1714 1827 mu-

356 1836 454 1871 tilus:
486 1838 577 1871 forte
599 1838 778 1882 legendum
802 1840 846 1885 τῇ
870 1840 923 1873 vel
946 1837 1076 1884 αὐτῆς·
1111 1844 1170 1874 aut
1193 1839 1294 1873 etiam
1317 1838 1572 1892 supplendum&
1587 1839 1634 1884 τῇ
1655 1851 1713 1882 γε-

356 1882 492 1961 2555322
646 1883 762 1966 αὖτε·
788 1884 1159 1976 ἒνῗςιδῇῖυὲέέευι
1357 1885 1533 1964 saum}
1562 1883 1713 1965 ¹1¹2?ss-

356 1972 401 2006 11.
425 1953 482 2008 6'4.
506 1974 546 2010 e.
577 1955 586 1965 '
681 1946 910 2023 20Ja232'7c23v3
935 1975 1056 2013 αὐτοῦ
1077 1978 1203 2012 ehron.
1226 1942 1347 2011 Ρὲεοίι.
1370 1987 1406 2022 p.
1429 1956 1508 2012 3123.
1530 1954 1572 2010 ξε.
1637 1955 1646 1965 ‘
1703 1953 1712 1964 ⁸

259 2097 459 2140 ficabuntur
479 2098 569 2131 muri
589 2099 813 2135 Hierusalem.
858 2100 912 2135 Ibi
936 2105 1049 2136 autem
1072 2100 1152 2135 sede
1174 2099 1299 2145 posita,
1322 2099 1552 2134 Mausolaeum
1573 2098 1638 2134 sibi
1659 2109 1717 2133 re—

268 2141 359 2186 gium
382 2143 550 2176 extruxit:
589 2148 624 2177 et
646 2152 789 2180 naturae
811 2147 953 2190 cedens,
989 2147 1114 2181 ibidem
1138 2146 1270 2191 sepulta
1294 2149 1354 2180 est.
1411 2145 1582 2180 Moritura
1603 2148 1716 2179 autem

262 2188 405 2231 Juravit‚
430 2200 466 2224 se
489 2194 586 2222 extra
609 2190 734 2225 crimen
757 2204 840 2232 esse,
864 2192 908 2226 de
931 2204 997 2237 quo
1020 2192 1153 2226 Paulini
1177 2202 1277 2225 causa
1299 2195 1456 2225 accusata
1479 2191 1600 2224 fuerat.

360 2233 447 2266 Erat
470 2239 580 2267 autem
603 2235 812 2271 Theodosius
837 2238 1026 2282 Imperator
1048 2238 1201 2272 doctrina
1223 2236 1402 2280 insigniter
1423 2237 1625 2276 instructus,
1651 2246 1717 2280 po·-

267 2278 415 2323 puloque
445 2290 502 2312 suo
534 2279 688 2315 universo
720 2282 930 2327 senatuique
959 2295 1081 2317 summe
1112 2284 1241 2316 charus.
1301 2282 1354 2315 Eo
1386 2286 1496 2315 autem
1529 2285 1564 2313 et
1590 2280 1716 2314 Valen-

266 2323 395 2358 tiniano
419 2324 685 2369 Imperantibus,
710 2327 832 2360 Attilas
855 2328 1010 2372 quidam,
1036 2328 1203 2373 Gepidum
1228 2338 1270 2360 ex
1293 2337 1418 2371 genere
1440 2325 1610 2365 oriundus,
1634 2337 1718 2359 con-

270 2371 328 2402 tra
349 2370 488 2403 Romam
512 2375 547 2403 et
570 2370 887 2416 Constantinopolim
911 2374 1023 2415 etiam,
1051 2373 1233 2407 exercitum
1256 2371 1440 2415 myriadum
1461 2370 1640 2404 multarum
1662 2383 1717 2404 se-

270 2425 343 2447 cum
367 2415 474 2449 duxit.
520 2415 598 2456 Hic,
621 2428 682 2461 per
704 2417 866 2460 Legatum
890 2430 981 2452 suum
1006 2420 1166 2459 Gothum,
1190 2416 1435 2455 Valentiniano,
1458 2415 1587 2449 Romae
1609 2416 1719 2460 impe-

269 2459 377 2499 ranti,
400 2460 527 2494 edixit:
551 2461 699 2506 Imperat
715 2463 777 2496 tibi
792 2474 853 2506 per
869 2475 920 2496 me
939 2465 1102 2498 Dominus
1119 2474 1211 2497 meus
1233 2467 1266 2495 et
1287 2462 1449 2495 Dominus
1464 2467 1557 2499 tuus,
1582 2462 1715 2503 Attilas,

269 2506 324 2538 uti
355 2506 529 2539 Palatium
542 2512 637 2541 tuum
657 2508 720 2541 sibi
737 2513 901 2552 paratum
929 2511 1072 2551 efficias.
1120 2508 1248 2542 Eadem
1272 2506 1370 2551 plane
1392 2507 1498 2540 verba
1522 2507 1715 2541 Theodosio

269 2551 373 2584 etiam
392 2551 603 2595 Imperatori,
627 2552 917 2598 Constantinopoli
940 2553 1182 2594 denuncianda,
1205 2553 1336 2596 Legato
1361 2551 1491 2585 cuidam
1515 2553 1631 2586 Gotho
1655 2552 1717 2586 de-

269 2596 453 2629 mandavit.
501 2596 680 2631 Caeterum
703 2597 829 2638 Aetius,
853 2599 1007 2642 princeps
1030 2599 1174 2632 Senatus
1198 2597 1349 2637 Romani,
1381 2596 1438 2630 ubi
1461 2598 1548 2630 hanc
1570 2603 1639 2631 tam
1662 2598 1717 2630 in-

272 2641 344 2673 sani
374 2641 523 2675 mandati
548 2643 675 2677 Attilae
710 2642 882 2677 audaciam
904 2643 1146 2677 intolerandam
1171 2643 1335 2682 audisset,
1373 2643 1546 2686 profectus
1569 2642 1604 2676 in
1627 2642 1715 2676 Gal-

271 2685 360 2726 liam,
385 2687 428 2720 ad
451 2687 654 2729 Alarichum,
679 2689 899 2722 Romanorum
924 2689 1065 2728 hostem,
1092 2688 1126 2721 in
1150 2688 1229 2722 belli
1251 2687 1446 2721 societatem
1470 2687 1630 2722 adversus
1653 2688 1716 2721 At-

270 2731 384 2770 tilam,
416 2732 474 2776 qui
497 2733 656 2777 plurimas
678 2734 819 2768 Romani
842 2733 979 2778 Imperii
1001 2735 1099 2767 urbes
1122 2738 1333 2774 vastaverat,
1373 2733 1538 2767 hortando
1561 2732 1713 2766 adduxit.

275 2776 320 2809 Hi
342 2776 478 2822 itaque,
495 2778 619 2821 junctis
633 2780 767 2823 βορῆς,
790 2779 930 2813 Attilam
953 2790 995 2813 ex
1016 2778 1216 2824 improviso,
1249 2778 1291 2812 ad
1310 2778 1499 2812 Danubium
1521 2782 1632 2812 castra
1651 2789 1715 2822 po-

273 2829 424 2865 nentem,
456 2823 586 2867 adorti,
623 2825 727 2860 millia
748 2824 851 2861 multa
874 2825 917 2860 de
939 2824 1088 2861 exercitu
1112 2824 1183 2869 ejus
1205 2824 1414 2861 exciderunt.
1460 2823 1632 2859 Alarichus
1655 2833 1716 2856 au-
