1838 3230
329 169 426 214 698
1013 167 1281 214 BENTLEII

545 283 642 322 Ηκω
660 281 826 331 ζαθέους
839 280 962 331 ναους
977 281 1203 337 προλιπων,

547 335 629 385 Οὓς
648 335 864 407 αὐθιγενής
882 343 1076 391 τμηθεῖσα
1104 340 1260 392 ὃρῦςᾶ)

543 391 767 447 Στεγανοὺς
784 394 940 447 παρέχει
958 392 1127 450 Χαλυβῳ
1144 395 1313 446 πελέκει,

542 448 627 489 ,Καὶ
636 450 888 517 ταυροδέτρῳ
903 451 954 501 b)
983 455 1144 522 κραθεῖ-

544 501 600 543 Σ’
619 492 872 559 ἄτρεκουςΰ)
890 503 1042 560 ἆρμους
1066 508 1324 562 κυπαρίσσου.

372 577 414 620 ³)
440 579 626 616 Erotianus
649 581 804 625 δοκούς,
827 586 925 617 vetus
947 582 1064 617 Editio
1086 583 1275 640 Porphyrii
1298 582 1420 628 δορός.

371 622 414 666 ι’)
437 626 564 672 Porph.
586 627 793 674 ταυροδέτφ
812 627 994 685 κρηθεῖσ’.
1028 629 1126 663 Erot.
1148 628 1325 684 τορολέτῳ
1344 628 1544 675 nom-nstris.

371 667 413 711 0)
435 673 566 717 Porph.
589 676 762 718 Λτρεκεῖς.
809 674 906 708 Erot.
934 673 1095 719 ἀτρεκεῒς
1114 671 1243 720 ἁρμοῖς.

329 730 440 779 Quae
459 731 513 770 ita
532 731 653 771 vertit
672 733 729 773 Cl.
748 732 926 771 Grotius:

210 779 237 814 V
261 779 305 815 15
544 789 660 826 Sacra
682 788 846 827 advenio
865 790 1010 840 templa
1027 789 1275 841 relinquens:

544 843 651 890 Quas
668 844 798 896 prisca
817 844 955 883 domos
975 845 1083 883 dedit
1098 845 1279 896 indigena

543 899 723 946 Quercus
746 900 919 952 Chalyba
938 907 1043 940 secta
1060 901 1243 953 bipenni,

541 955 740 1007 Taurique
760 956 834 995 sibi
853 958 999 1007 glutine
1015 957 1181 1010 jungens

541 1011 598 1051 De
617 1026 710 1051 vera
729 1012 835 1062 tigna
855 1026 1055 1077 cupressu.

328 1065 444 1104 Haud
467 1066 523 1104 ita
552 1067 681 1107 facere
710 1068 823 1107 debet
851 1070 921 1123 qui
948 1069 1173 1120 interpretis
1201 1080 1361 1106 munere
1388 1067 1576 1119 fungitur.
1624 1067 1770 1106 Nolim

328 1135 419 1160 eum
444 1123 486 1160 in
514 1125 675 1162 caeteris
703 1124 859 1175 scriptis
890 1124 1026 1163 eodem
1053 1125 1170 1162 modo
1195 1124 1476 1173 indiligentem.
1531 1122 1643 1163 Unde
1665 1123 1769 1163 enim

327 1177 448 1230 ἆρμοὶ
465 1185 557 1216 sunt
573 1181 623 1231 ti0
608 1179 713 1219 ‘vina'²
742 1180 836 1230 quid
857 1180 929 1218 ista
952 1180 1027 1218 sibi
1047 1181 1135 1218 vult
1154 1194 1243 1218 vera
1273 1153 1508 1230 chplessus‘?
1539 1180 1618 1218 Cur
1639 1186 1769 1231 spreta

325 1240 384 1272 est
404 1234 561 1283 vulgata
583 1235 795 1287 Porphyrii
820 1236 935 1274 lectio
956 1232 1148 1288 ἄτρεκεῖς.
1141 1234 1160 1264 ἵ)
1200 1237 1278 1273 Cur
1301 1235 1478 1274 Eroti-'mi
1502 1234 1690 1274 autoritas
1708 1248 1769 1274 re-

323 1289 486 1341 pudiata
500 1318 510 1337 ,
541 1291 609 1340 qui
626 1291 759 1328 locum
776 1290 883 1328 hunc
902 1292 990 1329 ideo
1006 1292 1160 1340 citavit,
1191 1297 1236 1329 ut
1256 1290 1476 1330 ostenderet
1505 1286 1676 1344 ατρεκεῖς
1697 1289 1769 1344 αρ-

324 1360 402 1397 μας
430 1358 509 1382 non
532 1346 750 1395 significale
781 1344 946 1397 ἀληθεῖς
969 1361 1098 1396 veras,
1140 1321 1208 1385 sed
1239 1342 1432 1398 ἀκριβεῖς,
1473 1356 1605 1386 arctas
1629 1360 1769 1398 nempe

324 1410 361 1438 et
383 1410 548 1439 exactas
570 1416 782 1454 compages.
836 1402 930 1455 Ejus
959 1403 1082 1445 verba
1105 1408 1195 1440 sunt
1219 1401 1335 1440 haec:
1365 1401 1448 1441 Καὶ
1474 1398 1700 1470 Εὐριπίδης
1724 1402 1768 1442 ἐν

324 1457 464 1495 ,Κλεισί
485 1455 582 1524 (leg.
606 1456 760 1525 Κρησί)
783 1470 919 1509 φησιν,
955 1461 1050 1498 Ηκω
1072 1457 1237 1506 ζαθέους
1256 1463 1326 1497 etc
1356 1456 1567 1508 κολληθεὶς
1595 1453 1768 1520 ἄτρεκεῑς

324 1510 474 1563 αρμας·
506 1527 581 1552 ουκ
603 1510 711 1553 εἶπεν
734 1509 899 1564 ἀληθεῖς
922 1511 1069 1566 ἆρμας,
1100 1509 1188 1553 ἀλλ’
1224 1508 1410 1564 ἀκριβεῖς.
1468 1512 1533 1550 Sic
1560 1513 1768 1563 corrigen-

323 1567 421 1604 dum
440 1581 520 1606 esse
538 1568 652 1606 facile
672 1569 840 1618 videbit,
871 1570 934 1607 cui
954 1569 1004 1607 ad
1024 1582 1180 1606 manum
1200 1575 1259 1606 est
1275 1569 1502 1607 Erotianus:
1530 1568 1648 1619 vulgo
1666 1569 1768 1607 enim

323 1637 554 1675 perperam,
587 1620 674 1664 αλλ’
699 1621 880 1678 οἷτρεκεῖς.
938 1625 1124 1677 Apagesis
1146 1631 1272 1662 autem
1297 1625 1510 1662 barbarum
1529 1623 1627 1662 illud
1648 1629 1686 1662 et
1705 1637 1768 1662 so-

199 1680 232 1714 Ο
254 1679 300 1714 26
323 1680 478 1717 loecum
497 1674 758 1736 ταυροδέτρω,
789 1694 866 1732 quo
888 1681 1009 1719 verbo
1031 1681 1164 1718 nullus
1183 1692 1353 1730 unquam
1384 1679 1554 1731 scriptor
1578 1685 1637 1718 est
1658 1692 1766 1729 usus,

327 1741 397 1773 aut
413 1749 484 1787 per
505 1722 723 1786 analogiam
743 1737 803 1774 uti
827 1738 986 1788 poterit.
1047 1736 1151 1783 Quin
1174 1735 1290 1774 etiam
1322 1741 1360 1773 et
1386 1735 1520 1774 versui
1546 1711 1767 1773 consultuni

327 1805 429 1842 opor
433 1792 519 1831 tuit.
578 1792 677 1839 Quis
695 1793 816 1841 enim,
847 1793 914 1843 qui
939 1807 1019 1830 non
1041 1792 1280 1842 negligenter
1306 1791 1348 1829 in
1365 1790 1426 1829 his
1447 1791 1570 1830 literis
1591 1797 1768 1830 versatus

327 1853 407 1897 est,
443 1848 543 1885 illud
571 1849 727 1885 omnino
746 1848 913 1899 probare
941 1848 1068 1899 possit
1099 1847 1180 1887 Καὶ
1199 1846 1439 1902 ταυροδὲτρῳ
1461 1850 1611 1899 κραθεῖ
1628 1868 1681 1876 —-
1702 1868 1766 1896 —-,

329 1903 539 1941 dimetrum
563 1903 713 1941 scilicet
734 1903 1134 1954 brachycatalectum,
1167 1909 1211 1941 ut
1234 1904 1411 1954 proxime
1435 1909 1523 1941 ante
1549 1903 1766 1953 paroemia-

331 1971 420 1995 cum
440 1959 582 1997 veniat.
639 1959 798 1998 Affirmo
830 1960 902 1997 tibi
929 1960 1120 1997 neminem
1148 1972 1268 1996 unum
1290 1959 1493 2009 'l'ragicum
1521 1958 1766 1996 Comicumve

329 2015 371 2052 in
392 2027 436 2051 eo
454 2015 541 2051 loco
559 2014 636 2052 hoc
654 2022 821 2053 metrum
844 2015 1047 2062 adhibere3
1076 2015 1199 2053 multo
1223 2015 1335 2052 etiam
1365 2015 1514 2064 minus,
1545 2013 1650 2064 quod
1669 2014 1766 2053 Ero-

327 2069 423 2108 tiani
454 2069 648 2120 εοιΗίΡωια
675 2072 875 2109 constituit
906 2071 984 2111 Καὶ
1009 2069 1226 2125 ταυροδέτω
1249 2071 1468 2122 κολληθείς
1524 2068 1630 2116 Quid
1658 2068 1766 2119 quod

329 2139 380 2164 ne
407 2125 448 2162 in
484 2125 628 2163 Latinis
658 2127 814 2177 quidem
840 2127 1002 2178 legitimi
1030 2133 1122 2165 sunt
1158 2127 1339 2164 numeri?
1377 2127 1419 2163 in
1446 2124 1617 2164 secundo
1647 2136 1766 2162 versu

328 2195 427 2234 quas
452 2181 584 2234 prisca
612 2179 747 2220 domos
782 2181 886 2221 dedit
916 2181 1097 2234 indigena
1129 2180 1350 2233 tribrachys
1376 2188 1432 2220 est
1455 2182 1544 2219 loco
1566 2180 1765 2231 anapaesti

327 2237 396 2275 vel
422 2237 688 2288 cujuscunque
718 2238 828 2288 pedis
862 2245 1031 2288 quatuor
1058 2245 1291 2289 temporum.
1359 2237 1476 2284 Quod
1500 2235 1637 2274 vitium
1661 2249 1766 2273 com-

327 2305 446 2329 mune
469 2293 607 2331 Grotio
635 2299 691 2330 est
719 2306 807 2330 cum
835 2293 909 2332 Jos.
936 2294 1147 2344 Scaligero‚
1183 2294 1288 2333 Flor.
1313 2292 1552 2339 Christiano,
1589 2291 1764 2342 aliisque,

328 2348 472 2399 opinor
488 2349 665 2386 omnibus
684 2349 751 2399 qui
769 2350 922 2386 saeculo
939 2348 1016 2386 hoc
1035 2356 1072 2387 et
1090 2349 1290 2400 superiore
1308 2350 1373 2388 vel
1391 2347 1622 2397 Tragoedias
1645 2347 1766 2384 Grae-

329 2417 395 2440 cas
412 2404 530 2442 latine
554 2410 776 2454 verterunt,
805 2405 869 2442 vel
894 2404 972 2455 ipsi
998 2406 1240 2456 scripserunt
1268 2417 1408 2442 novas:
1439 2403 1580 2453 quibus
1608 2402 1766 2440 solenne

328 2465 387 2496 est
412 2467 640 2510 anapaestos
668 2463 758 2498 'suos
785 2459 951 2512 passim,
980 2460 1048 2497 ubi
1070 2461 1177 2497 nulla
1207 2461 1376 2497 clausula
1408 2466 1465 2496 est
1491 2472 1617 2510 neque
1642 2458 1765 2496 inter-

328 2521 534 2566 punctum,
562 2515 752 2554 tribrachi
769 2517 835 2554 vel
854 2515 1038 2553 trochaeo
1059 2516 1122 2553 vel
1145 2516 1288 2553 cretico
1307 2514 1535 2563 terminare3
1566 2514 1630 2552 vel
1651 2513 1766 2551 etiam

329 2570 478 2619 vocali,
518 2577 585 2609 aut
612 2572 726 2609 litera
754 2572 794 2609 M
818 2571 950 2619 finire,
977 2584 1095 2610 versu
1122 2571 1303 2622 proximo
1330 2571 1376 2607 ab
1406 2570 1481 2607 alia
1496 2570 1625 2608 vocali
1645 2570 1708 2606 vel
1728 2567 1766 2605 Η

327 2625 556 2676 incipiente.
615 2627 770 2665 Scilicet
789 2628 898 2666 etiam
921 2627 985 2664 hic
1010 2633 1053 2664 ut
1079 2627 1169 2664 alibi
1191 2632 1423 2677 postremam
1442 2625 1482 2662 in
1507 2638 1624 2664 versu
1645 2624 1766 2675 sylla-—

329 2681 420 2718 bam
448 2695 690 2720 communem
720 2697 801 2721 esse
826 2682 1125 2721 arbitrabantur.
1183 2682 1264 2719 Nae
1292 2681 1377 2729 isti,
1409 2681 1441 2719 si
1467 2681 1559 2718 olim
1580 2686 1704 2719 stante
1720 2692 1765 2717 re

333 2736 480 2774 Graeca
506 2739 568 2775 vel
595 2740 765 2775 Romana
795 2753 883 2777 suas
908 2739 1056 2776 fabulas
1083 2737 1310 2785 edidissent,
1349 2737 1468 2774 sibilis
1507 2742 1546 2774 et
1573 2738 1766 2788 κλωγμοῖς

335 2804 355 2829 0
375 2804 490 2831 scena
512 2795 662 2846 explosi
678 2795 855 2834 fuissent.
912 2795 999 2833 Non
1021 2793 1119 2833 enim
1142 2793 1300 2832 Graecis
1327 2807 1370 2832 ea
1390 2792 1545 2832 licentia
1562 2791 1761 2844 permissa,
