1838 3230
657 147 956 196 EPISTOLA.
1437 149 1536 200 697

294 265 380 309 Καὶ
377 265 639 339 ταυροδὲτρῳ
657 270 808 321 κραθεῖ

295 320 339 365 α’
361 322 554 379 α’τρεκοΰς
568 323 722 376 αρμούς
741 322 1003 377 κυπαρίσσου.
1059 328 1099 362 et
1118 334 1217 375 quae
1236 327 1469 375 sequuntur.

75 379 139 420 lta
155 378 290 419 locum
303 379 416 420 hunc
432 380 638 421 emendare
659 387 824 419 conatus
843 386 902 419 est
925 379 1122 418 Grotius
1109 393 1152 418 iu
1169 380 1378 431 Excerptis
1397 394 1446 418 ex
1467 392 1534 418 co·
1554 379 1588 416 0
1612 377 1658 416 24

76 436 241 476 moediis
261 442 301 475 et
318 437 531 488 tragoediis
553 438 724 475 Graecis.
786 436 907 489 Cujus
932 437 1179 476 autoritatem
1201 436 1536 487 Cantabrigienses

0 481 13 530 ἶ
76 491 120 531 in
139 493 353 532 novissima
369 492 582 546 Porphyrii
599 493 784 532 Editione
808 493 936 532 secuti
961 501 1065 533 sunt.
1123 493 1246 543 „Hoc
1274 494 1537 544 fragmentum

74 548 277 601 Euripidis
305 550 453 602 (verba
476 556 569 588 sunt
587 549 742 602 Grotii)
775 549 816 590 ἐν
838 548 976 590 Κλεισὶ
995 556 1127 588 extare
1156 549 1255 588 dicit
1274 549 1462 599 Erotion,
1490 557 1538 588 ut

77 604 239 658 quidem
262 618 369 657 nunc
387 606 543 658 legitur.
599 606 652 645 At
670 621 720 645 ex
739 604 883 646 Cressis
905 619 988 644 esse
1007 606 1124 644 facile
1141 605 1398 657 intelligitur,
1427 605 1538 657 quod

75 661 199 701 verba
221 668 315 701 sunt
336 661 445 702 chori
465 663 516 701 ad
533 662 676 702 Minoa.
689 664 714 685 “
769 662 848 700 Sed
870 662 1017 702 erravit
1038 663 1079 701 in
1099 676 1143 701 re
1168 662 1247 702 levi
1273 662 1535 714 gravioribus,

77 718 245 770 opinor,
273 718 414 758 studiis
432 719 607 758 intentus
626 720 689 758 vir
713 733 833 771 supra
859 719 1191 771 comparationem
1221 724 1340 771 atque
1361 720 1535 758 aemula-

74 773 223 814 tionem
247 781 424 814 nostram
459 775 685 827 longissime
716 777 882 828 positus.
951 776 1048 823 Cum
1079 775 1181 814 enim
1209 777 1250 813 in
1282 775 1452 824 Cressis,
1489 781 1536 814 ut

71 830 152 884 jam
173 830 315 881 docui,
345 835 511 881 Atreus,
541 839 580 872 et
601 835 755 885 Aerope
774 832 986 884 loquantur
995 847 1006 883 3
1035 846 1150 871 scena
1174 838 1305 871 autem
1332 833 1415 871 sine
1438 846 1536 871 con-

74 887 269 926 troversis
289 888 342 927 sit
365 888 511 938 Argos:
540 889 611 928 vix
636 895 706 927 aut
727 889 838 927 nullo
864 889 984 927 modo
1007 895 1085 938 est,
1114 895 1160 927 ut
1173 888 1273 926 haec
1292 888 1535 942 Porphyris-

74 957 127 982 ιιι
156 957 206 982 ex
231 943 369 984 eodem
400 945 576 984 dramate
601 945 723 997 petita
749 945 970 984 videantur.
1029 945 1149 993 Quod
1176 946 1208 984 si
1228 946 1332 995 sint,
1362 945 1536 985 demiror

75 998 260 1052 equidem
281 1001 411 1040 curin
433 1002 547 1040 Creta
566 1002 694 1040 Minos
716 1015 807 1039 cum
832 1001 895 1039 his
923 1001 1195 1040 sacerdotibus
1226 1015 1444 1041 sermonem
1472 1003 1536 1041 in·-

74 1056 224 1096 stimat.
289 1057 399 1106 Quae
427 1060 527 1098 enim
555 1057 630 1097 hae
655 1058 919 1122 praestigiae?
959 1058 1197 1110 quibusnam
1223 1058 1414 1097 machinis
1436 1058 1535 1097 haec

75 1128 162 1154 ανω
183 1112 252 1154 καὶ
269 1110 408 1154 noh-m?
436 1114 663 1154 Eademne
651 1129 692 1153 1n
714 1115 848 1154 fabula
866 1121 947 1153 tam
971 1115 1118 1154 alienae
1139 1113 1355 1154 historiae?
1385 1115 1536 1167 duplex

73 1183 125 1208 ne
153 1182 289 1220 scena,
321 1176 359 1209 et
389 1171 564 1222 geminus
592 1170 763 1210 chorus?
797 1171 915 1210 Modo
945 1171 1101 1210 Cretam
1130 1178 1376 1223 spectemus,
1413 1172 1534 1210 inodo

73 1226 220 1277 regiam
245 1226 387 1268 Atrei?
415 1227 536 1266 modo
567 1227 712 1266 chorus
736 1227 884 1276 virilis,
915 1228 1090 1279 Mystae‚
1119 1227 1303 1278 inquam,
1331 1228 1440 1266 Idaei
1470 1228 1537 1266 Jo-

73 1282 159 1332 νὴ,
187 1283 308 1322 modo
327 1297 424 1334 grex
456 1284 715 1323 foeminarum
745 1283 794 1323 ad
818 1289 953 1336 partes
974 1283 1136 1323 veniat?
1164 1284 1260 1322 Inde
1284 1284 1384 1322 enim
1402 1285 1536 1323 fabula

73 1341 418 1392 Κρῆσσαιποιηεη
438 1341 613 1392 accepit,
645 1341 752 1392 quod
767 1341 807 1379 in
829 1354 872 1378 ea
897 1340 1043 1378 chorus
1071 1340 1123 1378 sit
1141 1341 1352 1379 mulierum
1376 1342 1536 1380 Creten-

73 1395 198 1446 sium,
225 1395 406 1436 videlicet
431 1410 531 1448 quae
560 1399 754 1449 Aet-opem
783 1410 804 1435 e
831 1397 947 1436 Creta
968 1396 1176 1435 comitatae
1201 1403 1303 1436 sunt.
1362 1397 1535 1436 Similem

73 1451 126 1491 ob
158 1464 315 1491 causam
351 1453 581 1503 Φοίνισσαι,
624 1450 827 1508 Τρωᾶὃες,
873 1454 1097 1506 Τραχίνιαι,
1136 1454 1234 1491 aliae
1262 1453 1362 1492 bene
1389 1455 1536 1492 multae

72 1508 155 1547 suis
170 1508 372 1548 vocabulis
389 1509 654 1550 nominantur.
711 1511 793 1548 Nec
821 1516 972 1556 tamen,
1002 1510 1110 1561 quod
1131 1509 1276 1547 chorus
1300 1511 1350 1548 sit
1374 1511 1536 1549 Creten-

71 1564 195 1630 sium,
225 1564 377 1604 idcirco
395 1579 553 1606 necesse
574 1573 653 1614 est,
682 1573 730 1605 ut
761 1567 802 1604 in
836 1567 949 1604 Creta
983 1579 1098 1604 scena
1119 1566 1169 1604 sit
1187 1565 1343 1617 posita·
1374 1566 1534 1618 quando

73 1627 116 1659 et
140 1622 183 1659 in
209 1620 435 1660 Phoenissis
457 1636 519 1662 res
546 1622 694 1661 'Ihebis
725 1628 918 1672 aguntur3
945 1621 1110 1660 chorum
1131 1628 1264 1660 tamen
1284 1623 1535 1662 constituunt

71 1677 258 1717 mulieres
286 1677 449 1746 Tyriae·
476 1674 638 1744 Τύριον
677 1674 796 1730 οἶδμα
823 1674 984 1718 λιποῦσ’
1015 1678 1112 1731 ε’βαν
1140 1678 1371 1732 Ακροθίνια
1402 1680 1535 1735 Λοξία

75 1733 295 1781 Φοινίσσας
322 1749 402 1775 απο
434 1746 575 1774 νασου.
634 1734 712 1772 Sed
740 1734 837 1786 quid
864 1734 1198 1785 tergiversamur?
1230 1734 1382 1773 Scimus
1410 1736 1532 1773 Aero-

72 1803 151 1842 peu
172 1789 305 1829 Catrei
321 1790 442 1829 fuisse
462 1789 609 1838 filiam,
637 1790 778 1829 Minois
799 1796 981 1843 neptem:
1011 1797 1050 1830 et
1070 1805 1149 1843 quo
1178 1796 1356 1842 tempore
1373 1805 1435 1830 ies
1457 1791 1533 1832 hae

72 1852 294 1886 transactae
313 1853 428 1896 sunt,
453 1846 534 1899 jam
555 1846 626 1886 diu
649 1835 796 1886 liberos
825 1847 1057 1898 suscepisse.
1126 1847 1327 1898 Siquidem
1360 1848 1534 1900 Agame-

71 1915 256 1942 mnonem
290 1909 329 1942 et
344 1903 564 1941 Menelaum
593 1903 698 1955 patri
728 1903 851 1943 fuisse
882 1903 1061 1942 conscios
1084 1911 1412 1954 commemorant,
1442 1918 1534 1944 cum

73 1972 236 1998 coenam
257 1959 364 1998 illam
384 1959 543 1998 feralem
563 1959 759 2011 Thyestae
793 1966 1022 2012 apponeret.
1080 1961 1170 1999 Non
1201 1973 1293 2011 ergo
1321 1960 1370 2000 de
1399 1961 1532 2000 Minoe

70 2029 223 2068 proavo
241 2016 358 2067 longa
376 2015 572 2054 dubitatio
602 2022 681 2064 est,
713 2017 806 2067 quin
836 2031 856 2055 e
885 2030 1048 2056 numero
1067 2018 1250 2056 vivorum
1266 2016 1421 2069 pridem
1440 2024 1531 2057 ante

42 2113 48 2116 ,
72 2072 293 2114 excesserit.
349 2073 433 2110 Imo
454 2086 551 2111 vero
570 2087 592 2110 a
615 2072 770 2111 filiabus
790 2073 924 2111 cocali
950 2073 1170 2112 trucidatus
1191 2078 1273 2111 est:
1303 2072 1337 2110 si
1357 2074 1526 2112 Eusebio

70 2127 188 2178 fides,
217 2128 328 2180 prius
349 2129 504 2167 circiter
530 2129 720 2180 trien11i05
749 2129 817 2167 sed
845 2130 1062 2168 secundum
1091 2130 1378 2169 exactissimam
1405 2132 1528 2169 ratio-

70 2197 162 2223 nem
180 2185 364 2224 Gulielmi
384 2185 528 2224 Lloidii
546 2185 734 2238 Episcopi
754 2185 1012 2238 Asaphensis,

285 2240 463 2294 Ανδρός,
494 2239 541 2283 ὃν
560 2238 649 2283 οὔτ’
672 2242 800 2282 αἰνεῖν
813 2247 915 2283 τοῖσι
933 2245 1090 2283 κακοῖσι
1107 2240 1247 2294 θέμις,
1546 2256 1578 2290 0
1602 2257 1646 2293 25

71 2301 162 2336 ante
180 2297 290 2336 annis
307 2298 442 2337 solidis
462 2305 630 2351 quatuor
651 2305 688 2336 et
703 2298 860 2349 viginti,
890 2313 1005 2351 quam
1034 2299 1177 2337 Atreus
1198 2310 1363 2347 regnum
1384 2310 1526 2349 capes-

71 2359 186 2392 seret.
244 2354 371 2402 Quam
396 2355 445 2392 ob
469 2368 552 2393 rem
572 2354 680 2392 haud
704 2355 819 2394 sacile
844 2357 996 2408 patior,
1027 2361 1072 2393 ut
1099 2359 1289 2405 corrupta
1313 2354 1379 2391 illa
1404 2355 1525 2392 verba

69 2409 246 2448 Erotiani
277 2407 499 2464 Εὐριπίδης
535 2411 579 2452 ἐν
609 2411 745 2451 Κλεισι
779 2413 899 2463 magis
928 2412 1128 2463 magisque
1157 2425 1179 2448 a
1210 2409 1349 2447 Grotio
1379 2410 1526 2462 depra-

69 2471 240 2505 ventur:
277 2466 365 2516 sed,
396 2467 505 2518 quod
527 2467 578 2506 ad
598 2468 797 2518 vulgatam
824 2469 1031 2507 lectionem
1057 2467 1236 2519 proxime
1256 2464 1428 2516 accedit,
1458 2480 1527 2504 au-

70 2527 158 2559 ctor
190 2535 273 2560 esse
296 2522 442 2574 ausim,
481 2530 526 2562 ut
556 2523 720 2576 posthac
746 2524 789 2566 ἐν
817 2527 994 2565 ΚΡΗΣῙ
1020 2524 1254 2574 corrigatur.
1312 2522 1371 2559 Ita
1397 2527 1526 2561 totum

71 2577 144 2615 mit
174 2577 340 2629 simplex
370 2586 409 2618 et
438 2593 583 2630 unum,
614 2581 743 2618 omnia
769 2581 844 2620 sibi
871 2581 1126 2626 constabunt,
1166 2578 1344 2629 belloque
1377 2590 1526 2616 conve-

69 2633 201 2671 nient:
231 2634 379 2699 illinos,
409 2634 555 2674 chorus
587 2636 822 2688 Mystarum‚
861 2636 1072 2688 Pasiphae,
1099 2636 1247 2677 Icarus,
1304 2634 1393 2671 Non
1426 2647 1524 2684 opus

70 2689 148 2728 erit
164 2685 339 2730 κλῶθειν
360 2688 408 2731 vo}
428 2687 694 2746 ἅσύγκλωστα,
751 2694 912 2744 Restat,
940 2699 986 2730 ut
1015 2692 1063 2731 de
1088 2692 1169 2730 loci
1197 2690 1318 2742 hujus
1339 2689 1526 2742 Porphy-

69 2745 169 2783 riani
191 2746 301 2784 miiis
329 2746 486 2798 quidem
515 2749 642 2787 modis
674 2750 851 2789 mendosi
880 2749 1048 2789 lectione
1069 2754 1250 2787 accurate
1275 2747 1524 2799 quantumin

67 2800 183 2846 nobis
204 2808 280 2853 est,
306 2808 345 2843 et
364 2804 557 2856 exquisite
574 2805 837 2858 disputemus:
