1838 3230
380 171 999 220 CHRONOGRAPHIA.
1055 171 1105 216 L.
1132 172 1287 218 XVIII.
1470 175 1568 225 451

104 290 358 352 ρὴξῬῶμης
391 291 414 339 ὃ
447 292 773 350 Οὗαλεμεριακός
807 290 830 336 ὃ
856 293 924 335 καὶ
947 291 1214 348 Θευδερίχος,
1247 291 1418 348 πέμψας
1448 311 1572 352 προς..

102 363 289 420 τρέψατο
309 363 383 407 τὸν
407 362 532 406 αὐτὸν
554 363 781 406 Μοῦνδον·
816 363 884 404 καὶ
915 362 1100 410 πεισθεὶς
1130 359 1293 416 ἀπῆλθε
1315 362 1473 420 πρόςαῦ
1493 363 1566 407 τὸν

101 430 208 487 μετὰ
226 435 311 475 τῶν
335 428 571 488 ἀνθρώπων
599 430 728 473 αὐτοῦ
760 431 827 472 καὶ
855 430 1036 487 διέτριψε
1068 428 1171 484 πρὸς
1200 427 1325 474 αὐτόν
1334 463 1350 484 ,
1386 429 1574 489 ὗπερμα-

99 503 188 555 χῶν
205 497 310 555 ὖπέρ
341 503 417 544 τοῦ
441 499 772 555 Οὖαλεμεριακοῦ
816 503 890 541 τοῦ
922 501 990 542 καὶ
1015 498 1275 554 Θευδερίχου.
1355 498 1573 558 ἀναχωρή-

70 578 183 618 5σας
202 569 248 611 δὲ
269 569 473 618 Μοῦνδος
498 567 577 611 ἀπὸ
592 565 752 623 Ῥώμης
780 566 962 623 ἀνῆλθεν
992 567 1057 610 ἐπὶ
1085 567 1157 610 τὸν
1175 564 1411 623 Λανούβιον
1440 587 1573 612 ποτα-
1592 572 1594 574 ’

99 634 206 692 miv·
251 638 319 680 καὶ
350 636 519 692 πέμψας
544 636 648 693 πρὸς
683 636 757 679 τὸν
787 636 961 690 βασιλέα
996 635 1280 680 Ἰουστινιανὸν
1319 637 1573 694 πρεσβευτὰς

99 705 251 763 ᾔτησεν
271 704 396 748 αὐτὸν
423 703 503 747 ὕπὸ
533 704 609 760 τὴν
636 706 847 758 βασιλείαν
873 704 1003 748 αὐτοῦ
1030 694 1240 761 γενέσθαα
1306 707 1374 748 καὶ
1405 705 1569 758 ἐδέξατο
1591 709 1624 744 D

101 773 230 817 αὐτὸν
261 773 337 817 σῦν
367 780 455 824 τοῖς
483 771 724 831 ἀνθρώποις
749 773 891 827 αὐτοῦ,
925 771 1101 829 ποιήσας
1130 772 1257 816 αὐτὸν
1284 773 1574 832 στρατηλάτην

99 846 176 885 τοῦ
195 841 402 900 Ἰλλυριῶν
427 841 592 895 ἔθνους,
631 844 698 885 καὶ
720 841 919 885 ἀπέλυσεν
948 841 1074 885 αὐτὸν
1097 842 1138 884 ἓν
1160 845 1212 899 τῇ
1233 842 1318 902 ἰδίᾳ
1337 849 1573 901 στρατηλα-

46 918 92 952 10
103 911 186 971 σι’ᾳ.
258 913 326 954 καὶ
348 909 658 964 καταλαβόντος
678 910 807 954 αὐτοῦ
829 911 904 967 τὴν
924 908 1068 968 χώραν
1089 914 1163 953 τοῦ
1179 910 1418 968 Ἰλλυρικοῦ,
1454 913 1573 971 37:543-
1598 914 1631 949 0
1655 915 1723 950 187

100 979 231 1037 ῥιψαν
256 979 369 1038 αὐτῷ
405 974 552 1022 Οὗννοι
571 979 675 1034 μετὰ
697 983 850 1022 πολλοῦ
879 977 1071 1035 πλήθους
1091 977 1303 1036 διαφόρων
1320 979 1570 1039 βαρβάρων·

100 1049 168 1091 καὶ
191 1048 374 1109 ἐξελθὼν,
394 1047 558 1105 ὥρμησε
589 1048 675 1090 κατ’
706 1048 866 1101 αὐτῶν,
905 1050 972 1091 καὶ
999 1046 1158 1097 πάντας
1183 1047 1466 1103 κατανήλωσε·
1503 1040 1584 1093 καῖ

100 1114 259 1171 ἔπεμψε
294 1119 475 1173 πραῒδαν
495 1118 538 1167 ἐξ
560 1116 696 1160 αὐτῶν
738 1118 805 1159 καὶ
827 1117 897 1159 ἕνα
927 1117 1033 1175 ρῆγα
1056 1115 1212 1158 αὐτῶν·
1249 1118 1316 1159 καὶ
1339 1117 1492 1174 ἐγένετο
1514 1120 1572 1161 εἶ-

101 1182 202 1240 ρήνη
232 1185 274 1228 ἓν
303 1189 356 1243 τῇ
380 1183 550 1247 Θρᾴκῃ,
587 1187 656 1228 καὶ
685 1186 730 1228 ἐκ
759 1183 910 1228 τούτου
942 1183 1074 1243 φόβος
1102 1191 1258 1240 κατεῖχε
1289 1184 1342 1228 τὰ
1370 1183 1571 1245 βάρβαρα

46 1263 90 1298 15
101 1253 218 1309 ἔθνη.

197 1321 287 1364 Ἐπὶ
313 1321 359 1364 δὲ
388 1324 464 1377 τῆς
491 1319 688 1372 ὖπατειάς
721 1325 796 1365 τοῦ
828 1320 958 1364 αὐτοῦ
979 1320 1132 1365 Δεκίου
1176 1318 1346 1372 ὅαῦτός
1379 1323 1573 1378 βασιλεὺς

98 1391 306 1440 θεσπίσας
321 1387 544 1447 πρόσταξιν
571 1390 749 1446 ἔπεμψεν
781 1390 824 1433 ἓν
850 1387 1074 1446 Ἀθήναις,
1112 1387 1304 1442 κελεύσας
1321 1392 1479 1446 μηδένα
1507 1395 1570 1435 δι·-

99 1457 265 1502 §duum
288 1460 538 1516 φιλοσοφίαν
589 1457 692 1515 μήτε
732 1456 884 1514 νόμιμα
914 1460 1147 1515 ἐξηγεῖσθαι
1188 1457 1292 1514 μήτε
1335 1458 1479 1503 κόττον
1522 1461 1565 1503 ἓν
1588 1464 1621 1499 Ε

98 1531 176 1588 μιᾷ
196 1531 281 1571 τῶν
299 1524 456 1571 πόλεων
479 1529 691 1585 γίνεσθαι,
729 1528 863 1583 ἐπειδὴ
896 1528 938 1571 ἐν
961 1527 1176 1586 Βυζαντίῳ
1209 1526 1443 1585 εὖρεθέντες
1466 1530 1572 1579 τινὲς

44 1600 185 1640 Ξοτῶν
207 1601 432 1639 κοττιστῶν
465 1598 533 1639 καὶ
564 1599 851 1654 βλασφημίαις
883 1598 1033 1646 δειναῖς
1074 1594 1249 1646 ἑαυτοὺς
1283 1595 1572 1654 περιβαλόντες

96 1664 461 1723 χειροκοπηθὲντες
478 1663 880 1724 περιεβωμβήθησαν
898 1666 941 1708 ἐν
961 1661 1172 1720 καμήλοις.

190 1807 227 1843 3.
258 1803 481 1862 ὑπερμαχῶν
503 1807 591 1849 Ch„
613 1803 831 1852 ὖπερμαχήν
853 1807 922 1842 Ox.
992 1808 1049 1863 ¹9.
1083 1803 1267 1851 Ἱλλυρίων
1289 1806 1358 1843 Ox.
1426 1808 1482 1843 21.
1506 1819 1570 1843 πε-

192 1853 548 1937 Ξὲεβῧεξιηβηέἔνὲ,
575 1854 723 1900 ,‚Lego,
752 1855 1167 1900 περιεπομπευθησανέ*
1190 1852 1256 1889 ch.
1310 1853 1352 1887 V.
1377 1853 1442 1890 Ch.
1465 1853 1510 1888 ad
1532 1867 1570 1901 p.

101 2022 197 2066 Rex,
231 2023 507 2067 Valemeriacus,
551 2023 610 2070 qui
634 2027 670 2059 et
692 2023 972 2067 Theuderichus,
1006 2022 1065 2058 ubi
1086 2022 1330 2064 intellexisset,
1363 2033 1427 2069 per
1448 2022 1567 2057 literas

102 2081 178 2104 eum
200 2070 356 2105 hortatus
379 2075 431 2105 est
453 2070 498 2105 ad
521 2083 558 2105 se
581 2070 631 2105 uti
655 2070 800 2105 veniret.
845 2070 1028 2104 Persuasus
1049 2069 1166 2115 itaque
1190 2069 1350 2109 Mundus,
1377 2068 1421 2102 ad
1445 2069 1568 2103 Theu-

102 2115 278 2151 derichum
293 2127 367 2150 cum
380 2117 446 2151 suis
470 2117 646 2163 profectus
669 2122 739 2157 est3
757 2115 815 2150 ubi
837 2115 962 2150 diutius
972 2115 1098 2161 degens
1120 2118 1407 2161 propugnatorem
1416 2126 1452 2148 se
1475 2115 1508 2148 ei
1530 2114 1566 2147 in

103 2160 255 2208 omnibus
278 2162 443 2197 exhibuit.
476 2162 631 2197 Tandem
659 2174 742 2197 vero
766 2162 846 2196 inde
866 2160 1054 2204 discedens,
1074 2161 1265 2196 Danubium
1287 2159 1425 2194 fluvium
1449 2171 1565 2194 acces-

104 2207 169 2250 sit,
191 2207 436 2253 Imperatorem
459 2208 683 2244 Justinianum
706 2214 881 2242 exoratum
905 2208 1051 2246 habens,
1083 2207 1135 2241 uti
1159 2206 1224 2242 sibi
1246 2207 1367 2241 liceret
1390 2207 1461 2249 ejus
1484 2206 1565 2239 sub-

104 2264 178 2288 me
205 2252 362 2299 Imperio.
407 2254 601 2300 Imperator
631 2254 792 2288 Mundum
825 2253 981 2300 excepit;
1020 2252 1237 2298 Militumque
1272 2252 1308 2286 in
1340 2250 1456 2296 Illyrio
1489 2252 1564 2286 Ma-

104 2298 248 2344 gistrum
270 2300 419 2342 factum,
449 2301 485 2334 in
509 2300 745 2335 demandatum
770 2299 803 2334 ei
823 2311 963 2342 munus,
997 2311 1073 2334 cum
1096 2299 1164 2333 suis
1186 2298 1330 2333 demisit.
1379 2297 1566 2342 Quampri-

104 2354 195 2379 mum
217 2349 328 2380 autem
349 2346 521 2392 Illyricam
543 2346 718 2391 regionem
741 2350 939 2392 occupasset
959 2345 1125 2387 Mundus,
1156 2345 1200 2379 ab
1222 2343 1375 2384 Hamis,
1409 2353 1566 2376 numero-

106 2400 178 2424 sum
199 2390 407 2426 diversorum
429 2393 662 2427 Barbarorum
685 2392 870 2427 exercitum
893 2391 1104 2431 ducentibus,
1128 2390 1218 2425 bello
1242 2388 1369 2436 petitus
1390 2391 1452 2423 est.
1492 2388 1565 2422 Hos

106 2445 189 2470 vero
212 2435 358 2472 Mundus
380 2437 470 2472 bello
493 2449 691 2483 aggressus,
728 2438 773 2472 ad
796 2449 894 2472 unum
922 2449 1036 2472 omnes
1058 2437 1205 2477 delevit3
1241 2433 1322 2480 quin
1346 2437 1382 2468 et
1403 2433 1566 2478 praedam

105 2479 1388 2576 {¹12⁰q'fi3taiiifpssilessssi2‘2'1'50‘i‘essiffffita'ssl'ss'r‘ssse[ssssssssissfiffilssffffl
1409 2478 1568 2570 33:335}

153 2552 162 2561 ⁹
808 2554 820 2573 2

105 2572 256 2607 incussus
279 2577 340 2608 est.

198 2617 392 2663 „Ejusdem
421 2620 521 2656 Decii
553 2621 614 2656 sub
645 2620 851 2664 Consulatu,
886 2619 1014 2656 Edicto
1046 2619 1195 2654 Athenas
1216 2615 1335 2658 misso,
1373 2617 1565 2661 Imperator

107 2662 265 2705 sancivit,
288 2675 331 2698 ne
353 2665 409 2711 cni
430 2666 551 2702 ficeret
561 2666 814 2713 Philosophiam
837 2667 974 2712 publice
991 2663 1160 2711 profiteri,
1183 2667 1242 2697 aut
1259 2662 1370 2707 Leges
1392 2662 1565 2708 interpre-

107 2709 187 2744 tari.
234 2709 306 2744 Sed
328 2714 365 2745 et
386 2711 590 2747 Aleatoriam
613 2713 716 2748 etiam
739 2713 906 2755 exerceri,
938 2712 1128 2747 universum
1152 2721 1216 2755 per
1238 2707 1426 2754 imperium,
1448 2707 1565 2754 prohi-

108 2755 226 2802 buit.“
273 2755 368 2797 Quin
389 2762 426 2791 et
448 2757 623 2793 Aleatores
646 2758 783 2804 quidam
807 2758 968 2805 Byzantii
991 2753 1243 2802 comprehensi,
1281 2753 1340 2799 qui
1363 2753 1445 2788 diris
1466 2754 1566 2787 Blas-

107 2800 250 2848 phemiis
272 2813 343 2836 sese
364 2801 604 2847 immerserant,
626 2804 776 2838 manibus
800 2804 962 2846 truncati,
986 2801 1119 2838 camelis
1131 2799 1412 2846 imponebantur,
1436 2804 1473 2834 et
1501 2809 1564 2845 per

109 2847 226 2883 urbem
248 2847 346 2893 quasi
367 2847 403 2882 in
426 2847 597 2896 triumpho
618 2850 828 2887 ferebantur.
