1838 3230
263 253 331 299 34
665 242 952 299 10ANNIS
981 243 1319 288 MALALAE

138 376 170 409 O
195 376 239 412 39
264 384 314 410 να
348 368 646 421 συγχωρεῖσθαι
673 363 868 406 εἲσελθεῖν
891 365 946 413 εἷς
966 363 1012 406 τὸ
1033 361 1231 406 παλάτιον
1257 363 1360 419 πρὸς
1379 361 1505 406 αὐτὸν
1529 350 1622 418 δίχα
1644 367 1718 406 τοῦ

265 432 474 489 σχήματος
491 438 563 488 τῆς
582 432 709 486 αὐτῆς
723 429 948 486 χλαμύδος,
986 434 1051 474 καὶ
1071 432 1119 474 οὗ
1143 431 1396 488 συνεχώρουν
1416 431 1507 474 τινὰ
1527 433 1721 474 εἶσελθεΐν

265 503 303 545 οἳ
324 499 597 559 φυλάττοντες
618 501 664 542 τὸ
686 497 907 551 παλάτιον,
946 501 980 543 εἷ
998 500 1056 555 μὴ
1080 498 1215 557 ε’φόρει
1234 498 1428 554 χλαμύδα
1454 499 1626 554 ἔχουσαν
1651 515 1721 556 φι-

213 577 245 611 Ε
268 571 453 624 λοτιμιάν
488 572 700 630 βασιλικῆς
728 569 904 622 ἐσθῆτος
913 600 925 619 ,
968 568 1110 618 καθώς
1136 566 1157 611 ὃ
1178 567 1420 626 σοφώτατος
1443 565 1716 624 Τραγκύλλος,

261 636 469 692 Ῥωμαίων
492 634 690 692 ἱστορικός
704 668 715 687 ,
750 640 882 678 ταῦτα
906 634 1204 692 συνεγράψατο.
1730 643 1752 678 5

363 704 410 748 ‘O
434 705 477 746 δὲ
498 703 653 761 Σύρος,
687 702 814 753 ὃυὶὸς
830 709 903 746 τοῦ
924 703 1162 760 Ἀγήνορος,
1198 704 1299 760 ἀνὴρ
1323 704 1473 759 ἐγένετο
1497 699 1647 760 σοφός,
1676 700 1722 752 ὃς

268 770 552 830 συνεγράψατο
577 777 819 821 Φοινικικοῖς
837 771 1047 828 γράμμασι
1067 772 1142 827 τὴν
1159 772 1433 827 ἀριθμητικὴν
1452 772 1697 828 φιλοσοφίαν
1709 783 1719 794 ·

266 841 440 884 ὑπέθετο
464 842 507 884 δὲ
529 838 772 895 ἀσωμάτους
791 838 888 894 εἶναι
911 838 1060 895 ἀρχάς,
1100 842 1166 882 καὶ
1193 839 1364 894 σώματα
1388 837 1722 895 μεταβάλλεσθαι

266 912 332 953 καὶ
351 909 425 959 τὰς
441 909 578 964 ψυχὰς
599 911 653 958 εἷς
671 909 864 964 ἀλλογενῆ
886 911 978 960 ζῶα.
1052 902 1170 957 οὗτος
1198 912 1359 966 πρῶτος
1391 909 1552 959 ἐξέθετο
1571 911 1718 959 ταῦτα,

267 977 322 1028 ὥς
343 975 530 1032 Κλήμιος
551 975 572 1020 ὅ
595 976 834 1033 σοφώτατος
857 974 1155 1032 συνεγράψατο.
1733 983 1777 1017 10

142 1051 176 1085 V
200 1049 245 1086 14
363 1047 431 1088 Ἐν
461 1053 546 1095 τοῖς
568 1043 729 1101 χρόνοις
759 1043 919 1094 τούτοις
949 1045 1097 1101 ἐγένετο
1130 1042 1290 1096 Φάλεκ,
1327 1043 1416 1091 υἱὸς
1437 1041 1582 1100 ’Ὲβερ,
1618 1042 1721 1099 ἀνὴρ

265 1115 467 1168 θεοσεβὴς
486 1116 552 1156 καὶ
571 1111 723 1169 σοφός,
762 1111 886 1167 ζήσας
907 1113 975 1167 ἔτη
995 1111 1090 1155 τλθ’
1101 1145 1114 1166 ,
1153 1114 1240 1168 περὶ
1263 1106 1309 1154 οὗ
1330 1114 1495 1166 Μωσῆς
1519 1109 1540 1154 ὃ
1559 1109 1723 1167 προφή-

263 1200 337 1238 της
368 1179 666 1238 συνεγράψατο.
737 1179 842 1223 ἔστιν
876 1177 948 1223 οὖν
980 1181 1059 1223 ἀπὸ
1084 1181 1217 1235 Ἀδὰμ
1248 1180 1322 1229 ἕως
1342 1184 1415 1223 τοῦ
1442 1178 1578 1222 Φάλεκ
1597 1179 1666 1235 ἕτη
1687 1195 1723 1238 ‘y

266 1250 371 1294 κατὰ
389 1251 463 1306 τὴν
485 1249 748 1306 προφητείαν.
779 1281 782 1283 -
960 1245 962 1247 ’

363 1316 410 1360 Ὁ
453 1319 497 1360 δὲ
534 1316 821 1374 προειρημένος
855 1319 985 1365 Πῖκος
1021 1313 1041 1358 ὃ
1080 1317 1146 1358 καὶ
1184 1315 1289 1365 Ζεὺς
1322 1315 1364 1357 ἓν
1394 1321 1478 1364 τοῖς
1507 1314 1722 1369 ἀνωτέροις
1735 1324 1778 1359 15

263 1384 425 1443 χρόνοις
444 1385 531 1440 ἴσχε
550 1385 653 1440 μετὰ
673 1386 743 1427 τὸν
767 1383 919 1441 Ἑρμῆν
947 1386 1013 1426 καὶ
1035 1384 1105 1427 τὸν
1131 1382 1335 1438 (Ηρακλέα
1369 1385 1435 1425 καὶ
1465 1382 1588 1426 ἄλλον
1619 1381 1720 1435 υἱόν,

265 1455 337 1497 τὸν
354 1454 544 1509 Περσέα,
583 1453 662 1495 ἀπὸ
691 1453 913 1509 εὖπρεποῖς
939 1452 1126 1508 γυναικὸς
1160 1449 1328 1505 ὀνόματι
1360 1449 1552 1505 Δανάης,
1586 1455 1721 1506 θυγα-

265 1523 363 1575 τρὸς
381 1527 454 1564 τοῦ
470 1522 671 1578 Ἀκρισίου
692 1526 765 1563 τοῦ
787 1520 1062 1575 καταγομένου
1086 1521 1128 1562 ἐκ
1145 1523 1218 1574 τῆς
1229 1519 1416 1575 Ἀργείων
1432 1517 1595 1573 χώρας·
1633 1520 1723 1572 περὶ

265 1585 315 1645 ἧς
335 1588 641 1645 ε’μυθολόγησεν
667 1590 888 1644 Εὐριπίδης
908 1586 928 1630 ὃ
949 1587 1190 1644 σοφώτατος
1211 1589 1252 1629 ἓν
1271 1592 1321 1644 τῇ
1347 1585 1530 1647 συντάξει
1551 1591 1623 1629 τοῦ
1646 1586 1722 1628 αὐ-

263 1663 337 1700 τοῦ
367 1656 577 1714 δράματος
609 1658 650 1699 ἐν
681 1658 855 1714 κιβωτίῳ
887 1657 963 1698 τινὶ
992 1660 1219 1711 βληθεῖσαν
1244 1658 1308 1697 καὶ
1331 1655 1515 1712 ῥιφεῖσαν
1533 1654 1608 1710 τὴν
1626 1656 1778 1698 Act-20

140 1730 172 1764 Ο
197 1727 242 1765 40
266 1724 390 1781 νάην,
427 1724 481 1775 ὡς
500 1730 732 1782 φθαρεῖσαν
750 1723 831 1768 ὑπὸ
851 1724 953 1773 Διὸς
972 1724 1302 1779 μεταβληθέντος
1323 1726 1377 1773 εἷς
1394 1720 1562 1780 χρυσόν.
1635 1720 1657 1765 ὅ
1679 1723 1724 1765 δὲ

210 1798 241 1831 Β
265 1792 506 1851 σοφώτατος
528 1793 740 1846 Βούττιος,
765 1792 964 1849 ἱστορικὸς
979 1790 1276 1849 χρονογράφος,
1299 1793 1458 1842 ἐξέθετο
1480 1789 1535 1840 ὥς
1556 1788 1577 1833 ὃ
1599 1790 1724 1841 αὐτὸς

359 1903 414 1936 10.
448 1900 628 1947 Kariatas]
664 1899 813 1947 Κλήμης
835 1901 1009 1936 cedrenus
1033 1912 1067 1947 p.
1094 1902 1147 1936 19.
1173 1900 1214 1936 C.
1308 1902 1362 1936 12.
1397 1901 1558 1944 Μωσῆς]
1594 1899 1720 1933 Genes.

356 1946 420 1981 XI.
448 1950 501 1982 17.
529 1948 581 1985 18.
678 1950 731 1982 16.
755 1945 846 1991 μετὰ
872 1947 998 1981 chron.
1024 1959 1057 1992 p.
1080 1950 1138 1984 38.
1163 1945 1215 1988 C.‚
1239 1945 1332 1981 κατὰ
1351 1946 1418 1979 Ox.
1510 1946 1592 1982 ibid.
1612 1942 1721 1988 ‘Hya-

354 1991 440 2027 κλέα
461 1993 515 2026 Ch
531 2018 541 2034 ‚
560 1990 757 2036 “Ηρακλέοιν
776 1993 842 2027 Ox.
936 1995 992 2029 20.
1018 1993 1080 2028 καὶ
1103 1991 1296 2037 ῥιφεῖσαν]
1322 1993 1506 2037 βληθῆναι
1528 1989 1622 2025 κατὰ
1645 1988 1721 2026 θοὶ-

354 2041 491 2073 λασσαν
514 2038 640 2072 Chron-
732 2041 788 2074 22.
826 2036 1026 2083 ἱστορικὸς]
1054 2036 1073 2073 ὁ
1100 2036 1284 2082 ἱστορικὸς
1305 2037 1368 2073 καὶ
1391 2038 1541 2072 chrum:
1572 2038 1661 2072 conf.
1685 2048 1720 2082 p.

358 2085 413 2120 33.
438 2084 479 2117 A.
530 2082 708 2123 Βούττιος
732 2087 843 2118 autem
866 2084 1014 2119 Malalae
1037 2088 1089 2119 est
1112 2083 1324 2130 Βρούττιος.

267 2174 341 2220 quis
367 2173 510 2219 Regiam
542 2177 664 2218 postea
686 2185 752 2207 non
775 2173 1020 2218 chlamydatus
1049 2174 1298 2220 ingrederetur.
1345 2173 1416 2209 Sed
1438 2185 1549 2219 neque
1571 2172 1720 2208 Palatini

267 2220 431 2255 satellites
455 2230 641 2264 quenquam
673 2220 744 2253 sine
768 2219 975 2263 Chlamyde,
1011 2220 1140 2265 insigne
1163 2221 1307 2265 Regium
1330 2232 1414 2265 prae
1437 2232 1473 2254 se
1495 2221 1650 2261 ferente,
1684 2219 1720 2253 in

266 2266 433 2300 Palatium
449 2265 738 2299 intromittebant:
761 2265 862 2299 sicuti
879 2266 964 2299 haec
981 2267 1114 2312 scriptis
1133 2267 1306 2301 mandavit
1322 2265 1584 2311 sapientissimus
1603 2265 1721 2299 Tran-

268 2311 410 2356 quillus,
434 2311 658 2345 Romanorum
681 2310 991 2355 Historiographus.

358 2357 465 2400 Syrus
486 2368 590 2396 vero,
614 2355 778 2400 Agenoris
799 2355 908 2397 filius,
935 2356 989 2389 vir
1013 2357 1079 2390 fuit
1102 2357 1245 2402 sapiens.
1291 2357 1357 2391 Hic
1379 2355 1585 2390 Phoenicum
1605 2354 1721 2398 lingna

265 2401 519 2447 Philosophiam
535 2401 797 2436 -Arithmeticam
822 2401 1036 2446 conscripsit:
1062 2403 1237 2448 Principia
1259 2402 1341 2437 item
1366 2412 1532 2446 corporea
1555 2412 1627 2434 esse
1649 2405 1720 2434 sta-

268 2447 356 2488 tuit;
391 2448 567 2492 Corporea
595 2451 707 2481 autem
738 2446 831 2491 ipsa,
862 2446 948 2480 sicut
979 2452 1015 2480 et
1050 2448 1175 2482 animas
1198 2448 1233 2482 in
1256 2448 1324 2482 alia
1355 2446 1538 2482 animantia
1559 2446 1719 2490 migrare,

268 2493 395 2538 pritnus
420 2493 552 2527 docuit:
577 2492 628 2526 uti
650 2491 802 2537 prodidit
825 2492 1083 2536 sapientissimus
1109 2493 1265 2527 Clemius.

357 2539 461 2573 Hisce
482 2537 688 2583 temporibus
711 2542 785 2571 erat
806 2537 981 2578 Phalecus‚
1005 2538 1112 2571 Eberi
1134 2538 1236 2578 filius,
1265 2537 1325 2583 qui
1348 2536 1436 2571 vixit
1458 2547 1561 2571 annos
1581 2538 1718 2570 trecen-

267 2587 321 2618 tos
352 2584 497 2629 triginta
526 2588 666 2618 novem:
699 2582 743 2617 de
773 2593 839 2627 quo
863 2583 975 2617 Moses
998 2583 1172 2627 Propheta
1193 2583 1338 2628 scripsit.
1384 2583 1436 2616 Ab
1460 2582 1588 2616 Adamo
1610 2581 1718 2627 igitur

267 2630 313 2663 ad
335 2629 520 2663 Phalecum
542 2641 669 2674 usque,
692 2629 870 2663 secundum
893 2628 1134 2672 Prophetiam,
1160 2628 1239 2662 anni
1263 2631 1482 2662 numerantur
1504 2637 1595 2662 ΜΜΜ.

359 2675 559 2710 Praedictus
582 2679 693 2708 autem
715 2673 836 2716 Picus,
863 2674 922 2719 qui
944 2678 981 2707 et
1002 2674 1156 2719 Jupiter,
1183 2674 1225 2707 de
1248 2685 1314 2718 quo
1336 2673 1502 2718 superius,
1526 2672 1633 2707 filium
1655 2672 1718 2706 ha-

268 2717 344 2752 buit
386 2724 525 2764 praeter
564 2719 772 2755 Mercurium
816 2722 919 2763 atque
948 2719 1127 2753 Herculem
1160 2719 1319 2753 Perseum
1351 2730 1505 2763 quoque,
1546 2729 1642 2764 quem
1673 2728 1717 2751 ex

267 2764 408 2798 muliere
429 2766 586 2806 formosa,
610 2766 662 2800 cui
685 2777 805 2800 nomen
828 2764 957 2806 Danae,
981 2764 1100 2799 Acrisii
1123 2764 1242 2809 Argivi
1264 2764 1348 2806 filia,
1371 2764 1529 2808 suscepit.
1574 2763 1628 2796 De
1649 2773 1718 2807 qua

269 2809 526 2853 sapientissimus
560 2811 743 2856 Euripides
764 2811 800 2844 in
823 2809 1021 2855 Tragoedia
1052 2810 1245 2850 fabulatur,
1285 2810 1438 2844 vitiatam
1459 2809 1551 2843 illam
1573 2807 1672 2843 fuisse
1695 2819 1717 2842 a

266 2854 365 2896 Jove,
387 2855 422 2888 in
446 2867 562 2890 aurum
585 2858 839 2891 transformato:
862 2856 1006 2900 ideoque
1027 2856 1142 2890 arcula
1165 2854 1336 2897 inclusam,
1359 2855 1394 2889 in
1416 2866 1509 2890 mare
1528 2854 1716 2899 projectam

268 2899 378 2935 fuisse.
453 2900 589 2937 Buttius
619 2906 731 2937 autem
762 2901 1019 2947 sapientissimus
1049 2901 1352 2947 Historiographus
1384 2901 1435 2936 in'
1450 2899 1620 2935 Chronico
1653 2909 1713 2933 suo
