1838 3230
469 166 1086 213 CHRONOGRAPHIA.
1144 166 1294 213 L.'1V.
1553 173 1619 220 77

144 295 269 341 τατος
293 288 598 339 δὲΛουκιανός
626 285 898 344 ἐμνημόνευσε
917 291 991 344 τῆς
1015 288 1198 346 ἱστορίας
1215 285 1390 344 ταύτης,
1426 280 1539 340 ὅστις
1560 287 1616 332 εἶ-

143 377 216 403 πεν
237 357 363 403 αὐτὸν
383 357 466 410 ἀπὸ
486 358 691 413 Κολχίδος
713 355 826 400 εἶναι.

238 427 307 471 Ἔν
327 427 373 471 δὲ
390 433 479 478 τοῖς
497 433 653 482 καιροῖς
671 430 746 471 τοῦ
769 428 896 470 Θῶλα
915 421 965 481 ἦν
981 424 1190 483 Ἡρακλῆς
1209 424 1230 470 ὅ
1250 425 1362 484 ἥρως
1379 428 1446 470 καὶ
1466 427 1505 471 οἶ
1518 427 1614 486 Ἀρ·-

140 500 338 552 γοναῦται
370 496 411 540 οἱ
440 497 530 554 περὶ
554 493 716 538 Ἰάσονα
747 495 820 538 τὸν
854 495 1067 538 Θεσσαλὸν
1098 497 1165 538 καὶ
1194 494 1396 554 Κάστορα
1430 498 1497 540 καὶ
1519 501 1614 541 Πο-

107 563 338 621 ῦλυδεύκην
368 566 435 617 καὶ
459 563 590 608 “ssav
619 565 686 608 καὶ
719 567 948 619 Τελαμῶνα
986 565 1053 607 καὶ
1091 564 1188 615 τοὺς
1217 563 1395 615 λοιπούς.
1467 567 1611 618 οἵτινες
1635 561 1668 642 g
1691 606 1738 643 94

139 632 319 684 ἀνιόντες
339 634 412 677 τὸν
436 630 736 689 Ἑλλήσποντον
758 631 1076 689 ἐπολεμήθησαν
1096 635 1287 691 ἐξαίφνης
1308 632 1389 678 ὖπό
1412 636 1607 689 Κυζίκου,

0 714 11 760 g
135 703 338 756 βασιλέως
362 702 436 758 τῆς
459 700 773 758 Ἑλλησπόντου.
845 704 911 745 καὶ
934 701 1259 759 συγκρούσαντες
1279 705 1487 763 ναυμαχίᾳ
1509 703 1609 762 ἐφό-

0 761 10 820 ἔ
135 788 285 815 νευσαν
305 771 377 815 τὸν
399 769 576 824 Κύζικον
602 772 774 826 βασιλέα
788 786 798 795 ·
835 773 901 813 καὶ
931 770 1186 822 εἰσελθόντες
1205 771 1350 823 νυκτὸς
1372 774 1608 830 παρέλαβον

0 826 6 834 ⁹
133 840 210 896 τὴν
227 838 430 894 Κύζικον,
467 839 720 898 μητρόπολιν
743 845 819 895 τῆς
841 838 1144 895 Ἑλλησπόντου
1164 842 1372 897 ἐπαρχίας.
1445 845 1512 885 καὶ
1531 860 1605 896 με-

78 907 370 966 ίομαθηκότες
398 908 479 952 ἇπό
511 913 593 953 τῶν
622 913 799 952 πολιτῶν
828 911 894 951 καὶ
920 913 1002 952 τῶν
1038 914 1312 966 συγκλητικῶν
1343 908 1406 953 ὅτι
1430 910 1605 964 Κύζικός

131 979 241 1025 ἔστιν
265 976 287 1022 ὁ
309 980 476 1036 σφαγεὶς
496 978 590 1036 παρ’
615 977 752 1021 αὐτῶν
760 1011 775 1031 ,
805 978 1040 1034 ἐπένθησαν
1062 978 1111 1021 δι’
1137 975 1286 1032 αὐτόν,
1325 977 1388 1022 ὅτι
1411 981 1604 1036 συγγενὴς

129 1047 267 1091 αὐτῶν
303 1045 459 1104 ὑπῆρχε
495 1049 562 1091 καὶ
600 1048 644 1090 ἐκ
674 1051 748 1103 τῆς
780 1046 916 1090 αὐτῶν
943 1044 1085 1104 χώρας
1114 1046 1230 1104 ἔφερε
1261 1046 1461 1103 τὸγένος.
1534 1052 1603 1092 καὶ

126 1115 256 1174 ᾔτουν
286 1114 527 1173 συγγνώμην
545 1120 597 1174 τῇ
616 1120 699 1159 τῶν
719 1116 963 1173 ἀμφοτέρων
986 1115 1152 1175 ἀγνοίᾳ,
1191 1117 1258 1158 καὶ
1289 1115 1602 1173 ἀπολογησάμε-

126 1202 190 1227 νοι
220 1184 324 1242 πρὸς
353 1183 526 1235 τούτους
550 1184 712 1228 ἔκτισαν
742 1186 784 1228 ἕν
805 1189 857 1242 τῇ
879 1184 984 1242 αὐτῇ
1004 1187 1167 1243 Κυζίκῳ
1191 1183 1303 1228 πόλει
1320 1186 1424 1240 μετὰ
1445 1186 1520 1243 τὴν
1538 1189 1600 1230 νί-

70 1263 116 1299 15
127 1272 202 1309 κην
218 1252 339 1311 ἱερόν.
397 1255 464 1297 καὶ
486 1251 737 1304 ἀπελθόντες
757 1253 795 1296 οἳ
812 1253 1078 1311 Ἀργοναῦται
1103 1256 1158 1304 εἷς
1175 1254 1223 1297 τὸ
1241 1262 1454 1309 μαντεῖον,
1493 1255 1598 1300 ἔνθα

124 1323 279 1379 λέγεται
306 1322 359 1366 τὰ
383 1321 536 1367 Πύθια
569 1321 736 1380 θερμά,
774 1324 842 1366 καὶ
874 1320 1114 1378 ποιήσαντες
1143 1324 1298 1366 θυσίαν
1326 1322 1597 1381 ἐπηρώτησαν
1619 1333 1653 1369 D

122 1391 303 1448 λέγοντες
324 1396 470 1436 ταῦτα.
540 1389 843 1449 Προφήτευσον
864 1389 984 1447 ἡμῖν,
1018 1397 1234 1449 προφῆτα,
1275 1391 1427 1446 Τιτάν,
1467 1398 1596 1449 Φοῖβε

111 1459 337 1515 Ἄπολλον,
373 1463 486 1511 τίνος
513 1460 626 1504 ἔσται
653 1459 782 1515 δόμος
813 1455 955 1514 οὗτος,
995 1463 1029 1504 εἷ
1055 1463 1099 1504 τί
1123 1463 1168 1504 δὲ
1194 1461 1334 1518 Ξ’σται;
1355 1457 1437 1505 ’καὶ
1463 1462 1594 1520 ἐδόθη

120 1529 262 1580 αὐτοῖς
275 1530 466 1588 χρησμὸς
481 1530 595 1588 παρὰ
618 1535 695 1586 τῆς,
711 1531 886 1580 Πυθίας
906 1524 1039 1580 οὗτος.
1081 1529 1191 1574 “Όσα
1215 1531 1290 1585 μὲν
1315 1531 1419 1587 πρὸς
1443 1531 1592 1590 ἀρετὴν

62 1599 190 1643 Ξοκαὶ
217 1596 372 1654 κόσμον
406 1598 536 1657 ὄρωρε
570 1607 730 1643 ποιεῖτε.
802 1599 879 1655 ἐγώ
912 1600 957 1642 δὲ
982 1598 1163 1656 ἒφετμὲω
1191 1607 1301 1656 τρεῖν
1330 1600 1401 1642 ἕνα
1434 1606 1590 1654 μοῦνον

115 1665 374 1722 ὑψιμέδοντα
395 1667 519 1722 θεόν,
553 1663 601 1712 οὗ
625 1667 744 1724 λόγος
764 1667 945 1726 ἄφθιτος
969 1669 1011 1710 ἓν
1036 1668 1158 1711 ἀδαεΐ
1173 1666 1274 1725 κόρῃ
1294 1667 1433 1724 ἔγκυος
1458 1668 1584 1715 ἔσται.
1611 1682 1644 1717 Ο
1669 1685 1714 1721 95

118 1729 239 1786 οὗτος
269 1735 405 1795 ὥσπερ
434 1735 554 1788 τόξον
583 1735 812 1795 πυριφόρον
830 1737 957 1792 μέσον
976 1736 1217 1794 διαδραμών
1232 1736 1395 1781 ἅπαντα
1414 1736 1582 1794 κόσμον,

205 1847 241 1882 2.
272 1847 452 1892 Κολχίδος
475 1846 652 1882 Cedrenus
674 1859 709 1894 p.
734 1845 788 1884 84.
814 1846 865 1889 C,
887 1848 1058 1892 χαλχῖδος
1081 1847 1153 1883 ΟΧ.
1268 1845 1301 1884 4.
1335 1845 1489 1885 Ἰάσωνοι
1511 1850 1582 1887 Ox.

207 1892 262 1928 16.
286 1891 518 1940 ἐπερώτησαν
536 1895 604 1929 Ox.
678 1896 732 1930 18.
757 1894 792 1929 εἰ
805 1913 850 1918 —
868 1892 968 1928 ἔσται
993 1898 1058 1930 οιη.
1083 1894 1268 1930 Cedrenus.
1335 1895 1392 1930 20.
1416 1894 1580 1942 ἐφετμέω

202 1942 303 1983 τρεῖν
328 1941 505 1975 Cedrenus
529 1953 563 1986 p.
585 1942 661 1977 119.
684 1941 725 1983 C,
750 1939 939 1976 ἐπεθνεύω
962 1940 1039 1984 τρὶς
1062 1941 1130 1975 Ox.
1201 1943 1256 1976 21.
1280 1936 1392 1977 ἆδαεῖ
1412 1942 1478 1977 ch.
1503 1955 1578 1979 cum

202 1985 373 2029 Cedreno,
404 1985 505 2033 ἀδαῆ
529 1989 598 2022 Ox.
690 1988 772 2022 ibid.
797 1986 924 2032 ἔγκυος
948 1986 1012 2022 Ch.
1038 1998 1113 2021 cum
1137 1986 1307 2030 Cedreno,
1330 1987 1484 2034 ἕγκυμος
1507 1990 1577 2025 Ox.

109 2076 161 2111 uti
182 2076 347 2123 scriptum
370 2077 513 2124 reliquit
535 2078 796 2125 sapientissimus
813 2079 936 2114 Ninus.
984 2077 1158 2113 Historiae
1181 2078 1284 2114 etiam
1307 2079 1407 2124 hujus
1427 2081 1576 2117 meminit

108 2122 368 2171 sapientissimus
391 2125 583 2167 Lucianus3
615 2126 695 2170 qui,
720 2138 741 2160 a
765 2125 928 2160 Chalcide
952 2137 1026 2159 eum
1050 2125 1174 2167 fuisse,
1200 2125 1331 2160 asserit.

198 2170 423 2217 Temporibus
456 2177 567 2206 autem
600 2173 754 2214 Tholae,
788 2171 1010 2207 innotuerunt
1045 2171 1210 2206 Hercules
1240 2173 1352 2207 Heros
1389 2176 1424 2207 et
1460 2173 1574 2218 Argo-

107 2218 253 2258 nautae;
285 2228 405 2263 nempe
426 2218 530 2252 Jason
555 2218 756 2259 Thessalus,
792 2217 913 2253 Castor
943 2223 981 2252 et
1013 2218 1156 2260 Pollux,
1190 2218 1299 2262 Hylas
1332 2223 1368 2252 et
1393 2219 1571 2261 Telamon,

105 2261 254 2306 aliique:
279 2262 358 2309 qui,
380 2264 604 2309 Hellesponto
629 2266 788 2310 trajecto,
813 2275 834 2298 a
857 2265 999 2310 Cyzico,
1024 2264 1237 2309 Hellesponti
1262 2276 1361 2309 rege,
1389 2264 1475 2299 bello
1499 2271 1572 2299 sta-

103 2306 165 2341 tim
187 2307 336 2354 impetiti
358 2315 443 2346 sunt.
492 2311 622 2345 Navali
642 2311 762 2356 itaque
786 2321 901 2356 pugna
923 2311 1116 2352 commissa;
1142 2310 1305 2356 Cyzicum
1322 2322 1437 2355 regem
1460 2310 1572 2345 inter-

102 2353 283 2397 fecerunt3
317 2362 491 2402 noctuque
520 2357 666 2402 egressi,
712 2357 907 2403 primariam
937 2356 1233 2401 Hellespontiacae
1267 2356 1405 2391 ditionis
1439 2357 1569 2399 urbem,

103 2398 288 2444 Cyzicum,
324 2406 501 2447 ceperunt.
549 2403 676 2438 Edocti
700 2414 782 2437 vero
806 2415 828 2438 a
851 2403 990 2438 Civibus
1014 2403 1175 2448 urbisque
1197 2402 1430 2444 Primoribus,
1463 2402 1569 2448 Cyzi-

102 2455 178 2480 cum
197 2446 290 2482 illum
314 2460 403 2490 esse,
429 2461 526 2494 quem
549 2448 818 2491 interfecerant,
841 2461 966 2485 summo
992 2449 1108 2483 affecti
1131 2453 1208 2484 sunt
1231 2448 1371 2489 dolore;
1405 2460 1445 2482 eo
1473 2448 1567 2493 quod

102 2489 168 2524 sibi
189 2503 317 2537 genere
341 2495 552 2541 propinquus
577 2496 716 2537 suisset,
750 2501 787 2530 et
809 2507 831 2530 a
853 2498 996 2541 regione
1032 2506 1093 2529 sua
1117 2494 1287 2530 oriundus.
1334 2493 1472 2528 Erroris
1495 2494 1567 2529 ita«

101 2547 169 2581 que
191 2539 298 2574 mutui
320 2541 491 2586 postulata
513 2542 634 2584 venia,
659 2541 790 2587 culpam
813 2541 988 2588 deprecati
1012 2546 1110 2575 sunt:
1145 2542 1258 2575 fanum
1282 2540 1427 2585 denique
1449 2540 1484 2574 in
1506 2551 1564 2574 ur-

101 2583 146 2617 be
169 2582 299 2627 Cyzico
323 2587 560 2623 condiderunt.
607 2590 829 2633 Argonautae
858 2600 939 2623 vero
965 2587 1169 2628 oraculum,
1214 2587 1257 2620 ad
1281 2586 1423 2630 Pythias
1447 2586 1562 2621 Ther-

99 2639 170 2663 mas
192 2629 310 2674 situm,
343 2633 519 2711 ¹profecti,
557 2634 732 2680 sacrisque
755 2634 823 2669 rite
853 2634 1022 2680 peractis,
1065 2632 1256 2678 Apollinem
1291 2632 1561 2676 interrogarunt,

98 2674 261 2710 dicentes.
308 2701 333 2719 „
376 2679 408 2712 ic
430 2679 525 2714 nobis
547 2685 664 2723 vates,
699 2680 829 2722 Titan,
862 2680 1024 2721 Phoebe,
1058 2679 1204 2724 Apollo,
1230 2678 1283 2712 cui
1305 2677 1483 2713 dicandum
1507 2685 1560 2714 est

97 2721 163 2756 hoc
183 2721 331 2764 Fanum3
357 2728 393 2757 et
415 2726 516 2769 quale
538 2727 644 2760 erit.“
692 2726 891 2770 Hujusmodi
915 2733 1027 2760 autem
1051 2736 1072 2758 a
1091 2724 1218 2769 Pythia
1241 2723 1394 2758 tulerunt
1415 2735 1558 2771 respon-

95 2778 178 2801 sum·
225 2792 251 2810 ”
262 2768 331 2803 Vos
364 2769 519 2814 quidem,
551 2783 641 2818 quae
671 2773 716 2806 ad
747 2773 911 2807 virtutem
943 2777 979 2805 et
1002 2770 1158 2804 decorem
1182 2769 1345 2812 incitant,
1377 2771 1555 2816 prosequi-

93 2813 188 2847 mini.
233 2813 312 2858 Ego
346 2814 461 2860 itaque
482 2817 609 2851 trinum
640 2830 737 2852 unum
762 2818 891 2859 Deum,
933 2817 1038 2851 solum
1062 2816 1097 2850 in
1133 2817 1202 2851 alto
1238 2823 1438 2861 regnantem
1461 2817 1553 2852 illum

93 2858 191 2894 vobis
210 2859 388 2895 denuncio.
432 2861 536 2906 Cujus
553 2864 740 2900 immortale
755 2865 895 2899 verbum
913 2861 1068 2909 paritura
1089 2867 1141 2898 est
1160 2862 1257 2909 virgo
1272 2862 1423 2897 intactaz
1446 2864 1553 2908 quod,
