1838 3230
477 175 1088 222 CHRONOGRAPHIA.
1145 175 1196 218 L.
1229 175 1341 220 Vlll.
1549 180 1646 229 195

169 295 317 355 μαλός,
353 294 526 348 ὀδόντας
543 295 645 353 ἔχων
661 293 864 352 μεγάλους
884 296 950 338 καὶ
968 295 1251 353 φαινομένους,
1290 295 1392 353 ἔχων
1410 297 1455 339 δὲ
1476 295 1643 353 ὄφθαλ-
1668 308 1701 342 Ο
1724 301 1794 346 248

170 367 250 423 μὸν
273 366 449 424 γλαυκὸν
470 367 542 410 ἵνα
564 367 631 409 καὶ
652 365 722 408 ἕνα
741 364 912 420 μέλανα.
978 366 1047 407 καὶ
1069 363 1344 421 ἕσημειώσατο
1367 365 1466 408 καθ’
1491 363 1641 422 ἑαυτὴν

164 441 304 480 ταῦτα
317 450 328 460 ·
361 437 429 478 καὶ
449 432 690 479 εἰσελθόντα
711 433 815 490 πρὸς
832 432 961 488 αὐτὴν
984 432 1071 488 ἅμα
1094 441 1179 485 τοῖς
1198 440 1423 492 πεμφθεῖσι
1443 434 1538 491 παρ’
1562 436 1640 479 αὗ-

169 509 246 548 τοῦ
265 507 531 562 πρεσβευταῖς
550 503 784 560 γνωρίσασα
804 497 876 544 οὖν
894 502 1019 545 αὐτὸν
1039 503 1082 546 ἐκ
1102 507 1184 547 τῶν
1201 501 1492 560 συσσημάτων,
1521 505 1639 559 συνέ-

135 583 264 629 5σχεν
285 571 412 616 αὐτὸν
429 574 497 615 καὶ
518 570 622 616 εἶπεν
643 571 770 629 αὐτῷ,
801 570 1039 628 Ἀλέξανδρε
1063 576 1247 626 βασιλεῦ’,
1274 573 1345 617 τὸν
1363 571 1518 627 κόσμον
1541 572 1636 618 ὅλον
1660 585 1690 620 C

168 641 420 699 παρέλαβες·
457 642 525 685 καὶ
543 638 643 697 γυνή
664 657 708 683 σε
732 641 808 695 μία
829 640 1071 697 παρέλαβεν.
1142 639 1163 684 ὅ
1187 642 1232 684 δὲ
1249 642 1514 699 Ἀλέξανδρος
1533 640 1639 686 εἶπεν

169 710 300 767 αὐτῇ,
347 709 434 754 Διὰ
475 709 523 752 τὸ
563 711 789 752 σπουδαῖον
825 710 892 751 καὶ
927 710 1163 766 περίγοργον
1193 715 1265 766 τῆς
1295 708 1534 768 φρονήσεώς
1564 729 1639 755 σου

167 778 336 835 ἀβλαβῆ
359 795 404 822 σε
423 775 593 836 φυλάξω
622 779 690 820 καὶ
718 778 794 821 ‘civ
825 777 901 832 σὴν
929 782 1004 834 γῆν
1034 781 1101 821 καὶ
1125 778 1223 830 τοὺς
1252 780 1351 830 σούς
1381 780 1500 834 υἶεΐς,
1539 779 1639 836 ἄγο-

166 865 243 903 μαι
273 847 322 891 δέ
349 865 393 891 σε
428 849 484 898 εἷς
511 854 695 904 γυναῖκα.
765 845 854 902 ’ἥτις
883 844 1082 903 Κανδάκη
1105 845 1319 892 ἀκούσασα
1340 849 1512 892 δέδωκεν
1539 847 1639 892 ἑαυ-

113 926 158 963 10
171 914 266 973 τήν·
302 914 324 960 ὅ
346 917 391 959 δὲ
410 915 676 973 Ἀλέξανδρος
697 914 852 965 εὐθέως
870 913 1014 970 ἔλαβεν
1031 915 1160 972 αὐτὴν
1173 917 1269 972 μεθ’
1295 915 1444 961 ἑαυτοῦ
1464 920 1533 961 καὶ
1552 920 1637 962 εἶσ-

165 989 296 1042 maer
315 985 377 1027 ἐπὶ
396 985 471 1041 τὴν
487 985 720 1028 Αἰθιοπίαν
737 986 803 1027 καὶ
827 986 882 1034 εἷς
899 983 1027 1035 ἄλλας
1039 983 1193 1042 χώρας.

267 1055 450 1098 Μέλλων
479 1055 524 1097 δὲ
552 1057 743 1097 τελευτᾶν
774 1051 795 1097 ὃ
828 1052 954 1103 αὐτὸς
984 1053 1250 1112 Ἀλέξανδρος
1287 1051 1500 1106 διετάξατο
1533 1052 1640 1099 ὥστε

166 1118 324 1173 πάντας
343 1122 440 1173 τοὺς
467 1122 544 1166 σῦν
564 1122 678 1181 αὐτῷ
707 1119 1014 1179 ὖπερασπιστὰς
1040 1124 1108 1165 καὶ
1138 1120 1380 1178 συμμάχους
1412 1121 1640 1178 βασιλεύειν

165 1195 240 1246 τῆς
269 1191 398 1248 αὐτῆς
423 1189 703 1249 χώραςὸπου
729 1186 780 1246 ἦν
811 1190 963 1241 αὖτοὺς
987 1189 1114 1242 ἐάσας
1137 1193 1204 1235 καὶ
1227 1199 1389 1249 κρατεῖν
1409 1197 1491 1236 τῶν
1514 1193 1639 1237 ἐκεῖσε

110 1268 156 1305 15
167 1258 316 1305 τόπων.
386 1259 499 1316 ἔζησε
529 1260 575 1303 δὲ
611 1258 632 1303 ὅ
657 1259 783 1310 αὐτὸς
806 1259 1071 1316 Ἀλέξανδρος
1097 1259 1166 1317 ἔτη
1194 1259 1270 1314 λς’,
1319 1260 1556 1315 ἐβασίλευσε
1588 1263 1634 1305 δὲ
1658 1271 1690 1306 0
1714 1270 1784 1308 249

162 1326 372 1380 ὑποτάξας
396 1328 448 1372 τὰ
476 1326 613 1372 πάντα
640 1327 710 1385 ἔτη
738 1326 801 1382 ιζ’,
839 1326 860 1371 ὅ
895 1329 940 1372 δὲ
969 1327 1145 1385 πόλεμος
1173 1329 1300 1374 αὐτοῦ
1321 1328 1542 1387 ἐκράτησεν
1563 1329 1634 1387 ἔτη
1658 1340 1691 1376 D

162 1395 226 1451 θ’,
272 1395 445 1449 ὑπέταξε
474 1398 519 1440 δὲ
546 1395 774 1455 βαρβάρων
803 1396 906 1453 ἔθνη
939 1396 1019 1451 κβ’,
1063 1396 1268 1454 Ἑλλήνων
1297 1400 1432 1457 φυλὰς
1459 1400 1523 1457 ιγ’,
1570 1402 1639 1443 καὶ

163 1465 291 1510 ἔκτισε
314 1464 451 1516 πόλεις
475 1465 601 1517 αὐτὸς
629 1468 695 1509 καὶ
725 1466 765 1509 οἶ
797 1465 883 1521 μετ’
916 1465 1044 1510 αὐτοῦ
1070 1465 1239 1518 πολλάς.

256 1534 395 1579 Ἔστιν
413 1531 486 1579 οὖν
507 1535 589 1579 ἀπὸ
602 1535 735 1589 Ἀδὰμ
759 1535 835 1586 ἕως
851 1539 926 1591 τῆς
944 1540 1130 1591 τελευτῆς
1145 1534 1414 1593 Ἀλεξάνδρου
1433 1540 1508 1580 τοῦ
1529 1540 1637 1580 Μα-

107 1611 154 1646 20
164 1601 328 1654 κεδόνος
347 1603 418 1660 ἔτη
439 1602 576 1663 ,εφθγᾎ
601 1603 745 1654 καθώς
768 1602 1054 1661 συνεγράψατο
1071 1603 1273 1662 Θεόφιλος
1296 1604 1316 1648 ὃ
1334 1604 1633 1663 χρονογράφος.

265 1673 393 1717 Μετὰ
422 1668 496 1716 οὖν
524 1673 599 1728 τὴν
628 1673 817 1728 τελευτὴν
839 1673 1106 1729 Ἀλεξάνδρου
1133 1678 1207 1717 τοῦ
1234 1672 1482 1724 Μακεδόνος
1502 1675 1637 1732 ἐμερί-

164 1745 332 1796 σθησαν
350 1742 406 1791 εἷς
423 1741 627 1797 τέσσαρας
645 1743 884 1798 τοπαρχίας,
903 1741 994 1796 ἤτοι
1012 1743 1238 1795 βασιλείας,
1263 1743 1306 1785 αἱ
1320 1747 1453 1800 χῶραι
1474 1742 1523 1793 ἃς
1539 1741 1638 1786 ²571ss-

164 1812 284 1862 ταξεν
305 1807 327 1853 ὃ
351 1809 477 1860 αὐτὸς
497 1810 762 1868 Ἀλεξανδρος
785 1808 872 1864 ἅμα
891 1817 978 1860 τοῖς
1000 1809 1232 1867 συμμάχοις
1252 1811 1381 1855 αὐτοῦ
1395 1825 1404 1835 ·
1442 1813 1509 1854 καὶ
1538 1813 1638 1864 ἐβα-

254 1932 288 1968 8.
312 1926 498 1978 ἄγάγομαι
521 1930 591 1965 Ox.

162 2037 232 2069 tem
253 2046 392 2080 magnos
414 2033 544 2069 habere
568 2036 604 2068 et
626 2032 879 2079 prominente33
917 2035 1047 2069 oculum
1069 2037 1253 2081 praeterea
1275 2045 1378 2070 unum
1401 2034 1531 2070 habere
1554 2048 1634 2071 cae-

163 2080 267 2123 sium,
300 2081 525 2126 nigricantem
548 2080 711 2115 alterum:
746 2080 806 2115 has
830 2084 929 2116 notas
950 2081 1134 2116 memoriae
1157 2081 1305 2116 mandat.
1351 2082 1541 2126 Ingressum
1565 2084 1635 2116 ita-

163 2138 232 2172 que
254 2126 299 2161 ad
321 2127 536 2169 Candacem,
562 2138 635 2160 cum
658 2126 799 2170 Legatis
822 2126 902 2169 suis,
925 2127 1174 2170 Alexandrum,
1196 2126 1316 2172 regina
1337 2128 1454 2162 statim
1477 2141 1520 2162 ex
1544 2128 1634 2162 indi-

163 2172 224 2208 ciis
247 2173 401 2219 agnovit,
426 2177 464 2208 et
486 2172 772 2218 comprehendens
796 2184 892 2214 eum3
926 2174 1030 2216 ‚,Tu,
1053 2173 1178 2218 inquit,
1202 2173 1278 2207 Rex
1302 2173 1506 2215 Alexander,
1532 2174 1633 2208 Mun-

163 2218 241 2254 dum
263 2219 479 2261 universum3
517 2219 573 2252 Te
598 2229 701 2260 vero,
739 2218 858 2253 mulier
891 2230 960 2254 una
982 2219 1086 2265 cepit.
1133 2219 1203 2254 Res
1229 2219 1325 2253 ondit
1358 2219 1389 2254 ei
1423 2220 1614 2254 Alexander
1624 2221 1638 2252 ε’

162 2265 243 2309 Ego
266 2277 350 2300 vero
373 2266 440 2308 Te,
465 2266 508 2299 ob
531 2265 619 2299 hanc
642 2264 770 2310 ingenii
793 2265 844 2298 tui
866 2265 1100 2310 sagacitatem,
1127 2231 1324 2299 incofumem
1348 2267 1544 2311 praestabo,
1568 2277 1634 2299 una

161 2322 237 2345 cum
259 2310 396 2354 liberis,
431 2316 598 2356 terraque
620 2314 680 2344 tua
712 2310 841 2345 omni.“
887 2311 959 2345 Sed
983 2317 1019 2346 et
1041 2311 1076 2346 in
1098 2322 1244 2351 ‚uxorem
1269 2312 1325 2345 Te
1350 2312 1495 2356 accipio„
1540 2312 1633 2345 Can-

162 2355 270 2398 dace,
295 2356 346 2392 his
369 2356 510 2398 auditis,
534 2368 570 2390 se
594 2356 627 2391 ei
650 2356 785 2391 obtulit.
833 2357 1028 2392 Alexander
1050 2358 1190 2402 itaque,
1215 2361 1385 2402 assumpta
1406 2357 1471 2392 sibi
1495 2357 1633 2391 Canda-

163 2412 224 2445 ce,
245 2402 328 2438 iude
350 2402 387 2437 in
409 2401 645 2447 Aethiopiam,
676 2408 854 2448 terrasque
876 2403 958 2438 alias
982 2404 1155 2450 profectus
1178 2407 1240 2438 est.

254 2448 444 2484 Mor-iturus
473 2453 584 2483 autem
609 2448 824 2491 Alexander,
859 2449 1012 2484 Ducibus
1036 2449 1102 2484 suis
1125 2454 1161 2484 et
1185 2448 1476 2483 commilitonibus
1501 2447 1632 2490 edixit3

166 2492 318 2529 omnibus
349 2494 474 2530 eisdem
497 2494 547 2528 uti
570 2494 780 2540 imperarent
808 2495 1025 2540 regionibus,
1069 2495 1189 2541 quibus
1212 2494 1286 2539 ipse
1320 2506 1377 2528 eos
1402 2494 1629 2539 praefecerat.

166 2539 264 2574 Vixit
285 2543 396 2574 autem
420 2540 614 2576 Alexander
637 2552 740 2575 annos
764 2551 890 2583 xxxv1;
922 2541 1082 2586 regnavit
1104 2553 1208 2582 vero,
1233 2540 1344 2574 omnia
1367 2540 1402 2573 in
1426 2543 1630 2584 potestatem

165 2595 257 2619 suam
279 2585 456 2631 subigens,
479 2598 583 2622 annos
606 2597 701 2621 xvn:
727 2587 893 2622 durarunt
916 2588 1006 2622 bella
1030 2588 1101 2631 ejus
1124 2598 1228 2621 annos
1252 2597 1300 2626 lx,
1323 2585 1519 2630 subjugavit
1541 2587 1630 2621 Bar-

166 2631 324 2665 batorum
353 2637 474 2676 gentes
496 2644 591 2675 xxn,
623 2633 835 2669 Graecorum
858 2644 943 2675 xm,
975 2633 1088 2668 Urbes
1119 2633 1191 2678 ipse
1223 2631 1371 2675 sociique
1402 2631 1631 2667 condiderunt

166 2676 434 2721 quamplurimas.
480 2679 534 2714 Ab
557 2679 686 2714 Adamo
710 2678 836 2724 igitur,
864 2681 909 2714 ad
931 2683 1072 2714 mortem
1097 2677 1280 2714 Alexandri
1305 2677 1524 2721 Macedonis,
1549 2678 1628 2713 anni

168 2732 359 2764 roonxcm,
391 2723 479 2759 sicut
501 2725 663 2771 scriptum
686 2725 826 2770 reliquit
850 2725 1062 2771 Theophilus
1087 2723 1387 2768 Chronographus.

257 2767 395 2802 Mortuo
421 2769 613 2806 Alexandro
637 2770 849 2814 Macedone,
881 2771 1038 2816 regiones
1061 2781 1145 2814 quas
1168 2768 1264 2813 ipse,
1296 2779 1371 2802 cum
1395 2768 1629 2804 commilitoni-

166 2813 227 2848 bus
249 2813 326 2855 suis,
350 2814 603 2859 subjugaverat,
626 2815 661 2850 in
684 2828 791 2862 regna
814 2823 962 2863 quatuor
985 2815 1116 2850 divisae
1135 2819 1214 2849 sunt
1237 2825 1362 2856 omnes,
1385 2815 1506 2860 quibus
1527 2827 1629 2861 prae-

166 2866 264 2895 erant
286 2859 472 2895 Alexandri
494 2860 630 2904 Duce„
668 2863 720 2897 uti
742 2864 817 2909 ipse
840 2864 986 2898 moriens
1008 2864 1196 2902 statuerat,
1231 2861 1297 2895 hoc
1320 2861 1440 2903 modo,
1464 2861 1629 2896 Macedo—-
