1838 3230
284 194 364 220 xxx
777 175 1094 220 PROLEGOM
1101 177 1167 221 EN
1173 178 1226 221 A.

286 287 476 328 Trinitate
498 286 592 340 Regi
610 288 725 328 Thali
745 290 783 327 in
803 288 934 328 Africa
956 291 1060 331 dato.
1120 293 1298 332 Citantur
1322 294 1438 333 etiam
1455 291 1503 331 ab
1528 291 1664 332 eodem
1679 290 1727 348 1)

286 356 433 406 eadem,
470 356 519 395 de
537 357 630 394 Pico
652 357 766 406 Jove,
798 357 846 395 de
864 358 1007 408 Regina
1028 359 1241 409 Semimmi,
1270 359 1398 412 deque
1417 360 1519 398 Nino
1541 367 1579 399 et
1601 359 1729 400 Thur-

283 436 329 461 ra
360 423 395 460 ei
429 423 681 472 succedente3
723 437 822 475 quae
849 425 1123 476 Narrationes,
1167 427 1343 478 quamvis
1373 440 1476 466 nunc
1503 427 1546 465 in
1570 427 1726 473 Nostro,

286 489 432 542 quippe
459 489 599 529 desunt
631 490 672 527 in
705 491 898 543 principio
930 494 1136 544 pleraque,
1177 507 1255 532 non
1292 494 1563 544 inveniantur,
1595 500 1728 532 tamen

283 572 363 596 non
393 557 649 595 dubitandum
675 558 854 608 videtur,
896 559 988 610 quin
1019 559 1060 597 in
1087 559 1186 608 iuis,
1219 574 1319 611 quae
1335 561 1415 614 jam
1438 560 1726 610 desiderantur,

282 631 459 677 repertae
478 625 650 674 suerint,
679 631 724 663 ut
747 625 904 676 quidem
932 632 1142 664 occurrunt
1168 627 1209 665 in
1229 626 1328 677 illis,
1360 641 1458 679 quae
1486 641 1535 667 ex
1560 625 1728 668 Chroni-

283 706 331 731 co
373 689 554 732 paschali
589 692 670 730 sive
707 690 986 731 Alexandrino
1024 693 1066 730 in
1106 692 1218 744 eo2)
1260 696 1506 747 supplentur.
1578 695 1727 734 Locum

282 773 401 797 unum
422 773 470 796 ex
491 771 607 810 supra
631 759 872 809 memoratis,
902 759 949 797 de
969 760 1094 798 veteri
1115 759 1394 812 Aegyptiorum
1421 776 1544 812 anno,
1572 767 1617 800 ut
1637 773 1728 800 cum

278 825 505 865 *Maleliano
520 823 561 877 ³)
582 840 602 863 a
618 827 781 865 Lectore
804 827 961 864 curioso
981 825 1042 880 (si
1063 827 1246 880 placeat)
1270 829 1533 878 conferantur,
1561 841 1623 868 me
1645 842 1727 867 non

280 893 431 944 pigebit
461 892 697 932 adscribere.
755 894 1022 946 Εβασίλευσεν
1046 894 1282 947 Αἰγυπτίων
1305 894 1329 936 ὅ
1354 893 1438 944 υἱὸς
1458 891 1582 936 αὐτοῦ
1601 897 1728 944 maog

282 957 432 1013 ’ἡμέρας
454 956 575 1007 δυοζ’.
616 959 669 1008 ὥς
687 956 788 1001 εἶναι
817 961 880 1012 ἔτη
900 957 962 1014 ιβ’.
1001 959 1067 1001 καὶ
1085 960 1230 1014 ἡμέρας
1250 957 1320 1010 ςζ’.
1361 960 1450 1003 οὔτε
1471 959 1545 1015 γάρ
1565 961 1727 1014 εἷ’δησαν

281 1023 368 1066 τότε
386 1023 602 1079 Αἰγύπτιοι
623 1024 653 1080 ἦ
674 1025 785 1068 ἄλλοι
811 1043 915 1076 τινες
942 1025 1123 1068 ἐνιαυτόν
1144 1029 1346 1080 ψηφίσαι·
1375 1024 1464 1070 ἄλλ’
1494 1028 1536 1069 οἴ
1560 1026 1632 1081 μὲν
1655 1026 1727 1078 τοὶς

279 1089 492 1146 περιόδους
516 1097 584 1146 τῆς
608 1092 772 1147 σελήνης
793 1092 998 1142 ἐνιαυτούς
1029 1091 1252 1147 ἐψήφιζον,
1282 1096 1323 1136 οἰ
1352 1094 1394 1136 δὲ
1421 1093 1492 1144 τοὶς
1516 1092 1728 1150 περιόδους

279 1163 351 1213 τῆς
370 1160 538 1214 ἡμέρας·
571 1162 613 1202 οἵ
630 1160 704 1215 γοῖρ
726 1165 806 1202 τῶν
826 1158 876 1215 ιβ’
900 1164 1039 1214 μηνῶν
1059 1158 1227 1216 ἀριθμοὶ
1245 1161 1338 1215 μετοῖ
1357 1166 1478 1203 ταῦτα
1505 1159 1727 1216 ἐπενοήθη-

281 1240 376 1277 σαν,
407 1227 447 1276 ἐξ
474 1226 567 1268 ὅτου
597 1225 801 1282 ἐπενοήθη
827 1227 872 1271 vo*
895 1228 1097 1278 ὑποτελεῖς
1131 1226 1232 1270 εἶναι
1259 1227 1353 1278 τούς
1379 1225 1620 1282 ἀνθρώπους
1643 1234 1727 1279 τοῖς

280 1296 494 1348 βασιλεῦσι.

388 1362 474 1404 VII.
532 1360 659 1414 Atque
680 1362 778 1402 haec
798 1362 847 1403 de
874 1364 1042 1403 diversis
1062 1360 1277 1403 Joannibus
1298 1360 1575 1413 Antiochenis,
1608 1361 1725 1403 Chro-

279 1428 510 1482 nographis,
541 1442 589 1467 ne
618 1436 782 1482 temere,
810 1437 856 1469 ut
883 1431 1006 1484 solet,
1040 1443 1128 1468 cum
1163 1430 1284 1468 altero
1310 1429 1378 1467 illo
1407 1427 1556 1468 Joarme
1579 1430 1724 1470 Antio-

281 1495 423 1546 cheno,
463 1493 788 1550 Chronograplzo,
827 1497 909 1536 sive
939 1495 1236 1549 Archaeologo,
1274 1495 1540 1536 confundatur
1570 1496 1726 1538 Malela

277 1570 436 1613 noster,
483 1562 548 1601 hic
579 1564 683 1602 dicta
710 1571 837 1603 sunto.
904 1565 1131 1602 Extiterunt
1168 1564 1232 1601 alii
1266 1562 1435 1602 Joannes
1474 1563 1724 1616 Antiocheni‚

283 1623 601 1683 Chronographi5
630 1636 676 1669 ut
696 1630 864 1671 Joannes
880 1631 1050 1681 Rhetor,
1081 1632 1149 1683 qui
1169 1630 1383 1670 Historiam
1400 1643 1511 1669 suam
1531 1631 1603 1670 sub
1625 1632 1723 1684 Imp.

279 1696 432 1737 Jusiino
465 1697 625 1736 Seniore
652 1698 899 1751 terminavit3
929 1705 990 1752 et,
1018 1699 1052 1737 si
1081 1698 1179 1737 fides
1199 1696 1424 1748 Arabihue,
1454 1696 1621 1737 Joannes
1641 1699 1726 1751 ipse

283 1764 596 1816 Chrysostomus‚
635 1778 684 1803 ex
709 1766 944 1818 Presbytero
977 1764 1223 1804 Antiocheno
1251 1764 1478 1803 patriarcha
1510 1755 1726 1805 Constanti-

278 1831 556 1883 nopolitanus‚
587 1831 699 1883 cujus
726 1833 881 1871 nomine
901 1834 981 1886 jam
1011 1832 1118 1884 apud
1138 1846 1223 1881 eos,
1253 1837 1292 1871 et
1309 1845 1445 1870 eorum
1462 1832 1617 1884 lingua,
1646 1833 1725 1871 cir-

280 1899 498 1937 cumfertur
520 1896 750 1938 chronicon.
805 1901 862 1938 De
885 1900 1027 1952 quibus
1048 1913 1119 1938 nos
1139 1900 1286 1950 agimus
1308 1899 1349 1937 in
1369 1898 1443 1937 alio
1463 1898 1606 1950 Opere.
1654 1900 1724 1938 Ce-

278 1966 456 2005 lebratur
484 1979 508 2004 a
538 1962 623 2004 Ger.
662 1964 709 2002 V
703 1964 892 2019 ossio4),
921 1974 959 2006 et
989 1966 1087 2007 Phil.
1118 1961 1389 2019 Labbaeo⁵)‚
1430 1965 1527 2004 alius
1555 1965 1724 2006 Joannes

281 2031 551 2073 Antiochenus
581 2028 903 2090 Chronographus
936 2036 1018 2073 sive
1052 2033 1293 2081 Historicus,
1333 2045 1448 2082 quem
1478 2032 1616 2071 dicunt
1648 2033 1723 2072 sso-

281 2100 407 2139 ruisse
426 2105 518 2151 post
533 2105 713 2150 tempora
743 2098 954 2138 Justiniani
976 2100 1158 2149 senioris,
1189 2107 1226 2139 et
1253 2098 1421 2152 Evagrio
1437 2099 1629 2139 Historiae
1652 2100 1723 2138 Ec-

278 2167 523 2206 'clesiasticae
551 2165 744 2217 Scriptori
774 2172 1020 2204 coaetaneum
1044 2167 1185 2218 fuisse,
1216 2173 1255 2206 et
1283 2167 1330 2205 ab
1349 2180 1394 2205 eo
1415 2166 1722 2207 commemorari.

281 2233 332 2273 At
349 2235 464 2284 longe
483 2233 672 2271 falluntur
690 2233 831 2272 eruditi
850 2233 911 2271 illi
931 2233 1037 2281 Viri3
1063 2247 1142 2272 non
1168 2235 1269 2273 enim
1297 2248 1345 2272 ex
1359 2235 1456 2273 urbe
1474 2233 1723 2284 Antiochiae,

283 2301 354 2340 sed
378 2314 428 2339 ex
445 2299 737 2354 Epiphaniensi,
766 2300 842 2338 fuit
863 2300 938 2338 iste
958 2299 1127 2339 Joannes
1146 2302 1383 2352 Historicus,
1413 2307 1457 2340 ut
1485 2301 1722 2339 demonstrat

279 2369 323 2407 in
351 2367 463 2406 Notis
490 2367 540 2406 ad
566 2365 775 2420 Evagrium
802 2368 948 2409 clariss.
974 2367 1077 2409 Hen.
1111 2367 1310 2420 Valesius,
1339 2375 1378 2409 et
1401 2369 1557 2422 plenius
1580 2381 1652 2407 nos
1680 2367 1722 2405 in

328 2555 370 2599 ¹)
395 2568 429 2600 p.
454 2555 533 2591 497.

327 2611 372 2654 2)
396 2623 430 2656 p.
457 2613 512 2654 19,
535 2613 592 2655 ΞΟ,
615 2614 670 2650 21.

327 2667 367 2710 3)
390 2678 424 2711 P·
447 2669 504 2704 25.

328 2724 373 2766 ⁴)
397 2723 449 2757 De
471 2725 562 2759 Hist.
588 2727 742 2761 Graecis.

331 2780 372 2824 ⁵)
395 2779 507 2815 Delin.
531 2785 723 2827 Apparatus
745 2783 835 2819 nist.
859 2784 944 2829 Byz-
