1838 3230
317 180 416 230 446
712 176 987 225 IOANNIS
1015 177 1347 224 MALALAE

316 293 471 352 γνόντες
486 313 559 352 την
578 295 673 340 καθ’
695 294 849 339 ἑαυτῶν
870 294 1160 354 ἀγανάκτησιν,
1198 296 1470 355 ἐτυράννησαν
1486 301 1551 343 καὶ
1571 298 1744 356 ἴστεψαν

317 362 544 422 λῄσταρχον
587 362 753 418 ὀνόματι
777 363 1017 419 Ἰουλιανόν,
1054 368 1335 422 Σαμαρείτην,
1370 369 1436 410 καὶ
1454 367 1628 411 ἔκαυσαν
1647 366 1745 424 κτηἏ

316 450 428 487 ματα
455 434 521 474 καὶ
550 433 758 486 ἐκκλησίας
785 434 852 474 καὶ
879 431 1096 490 ἐφόνευσαν
1132 434 1304 484 πολλοὺς
1340 433 1608 491 χριστιανοῦς.
1677 437 1746 479 καὶ

319 499 511 542 εἶσελθὼν
550 500 591 541 ἒν
626 497 824 542 Νεαπόλει
859 499 1083 558 ἐθεώρησεν
1124 500 1387 558 ἱπποδρόμιον
1427 503 1529 557 μετὰ
1558 500 1746 559 πλήθους

317 571 600 622 Σαμαρειτῶν·
636 569 701 609 καὶ
721 567 765 609 τὸ
787 572 945 624 πρῶτον
977 567 1096 622 βάϊον
1131 571 1281 624 ἐνίκησε
1298 570 1447 620 Νικέας
1470 587 1550 623 τις,
1585 569 1776 626 ἦνίοχοςό

267 640 297 673 C
314 632 557 691 χριστιανός.
631 630 735 689 ἦσαν
767 636 811 677 δὲ
848 637 914 678 καὶ
942 635 1055 679 ἄλλοι
1084 638 1124 679 ἐν
1153 642 1204 694 τῇ
1232 637 1334 694 αὐτῇ
1362 636 1560 680 Νεαπόλει
1576 636 1743 693 ἡνίοχοι,

316 707 565 759 Σαμαρεῖται
583 704 648 743 καὶ
666 702 875 755 Ἰουδαῖοι,
913 702 1097 754 οὕστινας
1118 705 1292 759 ἐνίκησεν
1311 703 1331 747 ὃ
1353 705 1474 755 αὐτὸς
1492 706 1642 755 Νικέας
1657 703 1746 761 ἧνί-

316 785 422 824 οχος.
492 772 559 812 καὶ
578 769 710 812 ἐλθὼν
729 769 830 822 πρὸς
851 770 920 813 τὸν
949 769 1157 828 τύραννον,
1190 772 1360 829 ὀφείλων
1380 777 1616 828 τιμηθῆναι,
1646 773 1747 828 ἔπη-

317 836 471 894 ρώτησε
510 838 553 879 δὲ
590 837 713 880 αὐτὸν
754 839 871 887 ποίας
904 836 1073 894 ὑπάρχει
1108 842 1354 895 θρησκείας,·
1398 842 1462 882 καὶ
1498 840 1648 894 μαθὼν
1685 839 1747 883 ὅτι

311 903 543 961 χριστιανός
570 905 667 957 ἐστι,
704 907 770 947 καὶ
797 907 852 955 εἷς
881 903 1086 960 σύμβολον
1116 905 1327 961 δεξάμενος
1358 907 1432 963 τὴν
1455 912 1536 951 τῶν
1560 923 1742 965 χριστια-
1757 917 1802 951 10

316 977 396 1015 νῶν
420 972 570 1022 εὐθέως
589 970 752 1029 πρώτην
771 973 881 1028 νίκην
901 973 986 1016 κατ’
1006 974 1131 1017 αὐτοῦ
1141 1007 1155 1027 ,
1185 973 1281 1031 ὅπερ
1305 977 1371 1017 καὶ
1393 975 1557 1031 γέγονεν,
1594 974 1747 1025 εὖθέως

317 1040 483 1094 πέμψας
516 1039 777 1097 ἀπεκεφάλισε
811 1040 881 1083 τὸν
901 1039 1060 1096 ἦνίὸχον
1081 1043 1122 1085 ἒν
1139 1047 1197 1099 τῷ
1215 1043 1479 1100 ἱπποδρομίῳ.
1546 1039 1745 1102 ἐχρήσατο

317 1112 449 1157 κακῶς
468 1109 534 1150 καὶ
554 1112 612 1165 τῷ
633 1106 832 1166 ἒπισκόπῳ
853 1113 925 1163 τῆς
947 1109 1072 1164 αὐτῆς
1096 1108 1259 1160 πόλεως.
1329 1114 1449 1153 τοῦτο
1471 1110 1515 1152 δέ
1531 1108 1688 1166 γνόντες
1710 1109 1749 1153 οἳ

175 1181 207 1214 Ο
234 1181 296 1216 181
321 1175 510 1232 ἄρχοντες
538 1177 815 1230 Παλαιστίνης
835 1178 900 1218 καὶ
929 1175 949 1219 ὃ
980 1178 1078 1227 dod}
1101 1176 1312 1234 Θεόδωρος
1337 1176 1358 1220 ὅ
1385 1177 1501 1232 σιμὸς
1517 1177 1564 1220 τὸ
1586 1182 1659 1232 τῆς
1675 1193 1749 1220 τυ·-

318 1244 503 1298 ραννίὸος
521 1240 710 1297 τόλμημα
727 1242 918 1298 ἐμήνυσεν
938 1244 1088 1294 εὐθέως
1107 1249 1164 1303 τῷ
1186 1249 1350 1298 βασιλεῖ’
1358 1245 1646 1303 Ἰουστινιανῷ·
1681 1246 1748 1288 καὶ
1759 1245 1801 1280 15

317 1310 508 1353 ἀπελθὼν
531 1308 552 1352 ὁ
574 1310 671 1360 ὃοῦξ
692 1311 775 1352 κατ’
802 1311 928 1353 αὐτοῦ
947 1312 1048 1365 μετὰ
1072 1316 1222 1367 πολλῆς
1241 1314 1460 1367 βοηθείας,
1497 1311 1635 1363 λαβὼν
1652 1311 1748 1367 μεθ’

263 1385 295 1419 D
319 1377 464 1421 ἑαυτοῦ
486 1379 552 1419 καὶ
571 1377 640 1420 τὸν
667 1376 873 1434 φύλαρχον
906 1382 1208 1435 Παλαιστίνης·
1245 1382 1309 1421 καὶ
1339 1380 1458 1435 γνοὺς
1486 1384 1605 1422 τοῦτο
1635 1378 1656 1421 ὃ
1677 1377 1749 1422 τό-

286 1450 293 1455 ’
315 1462 460 1502 ραννος
474 1444 691 1495 Ἰουλιανὸς
710 1444 730 1488 ὅ
752 1448 1017 1501 Σαμαρείτης,
1056 1447 1194 1502 φυγών
1213 1447 1379 1501 ἐξῆλθεν
1395 1446 1474 1489 ἀπὸ
1496 1444 1747 1496 Νεαπόλεως.

313 1515 380 1556 καὶ
403 1514 634 1562 κατεδίωξεν
651 1512 774 1555 αὐτὸν
795 1511 815 1555 ὃ
839 1513 936 1562 δούξ
952 1513 1052 1566 μετὰ
1073 1519 1146 1568 τῆς
1165 1513 1310 1557 ἑαυτοῦ
1327 1515 1537 1569 βοηθείας,
1564 1516 1631 1556 καὶ
1651 1530 1748 1556 συν-

314 1582 509 1634 έκρουσαν
525 1578 723 1633 πόλεμον·
757 1582 823 1622 καὶ
853 1580 998 1633 ἔκοψεν
1025 1579 1045 1623 ὃ
1067 1582 1166 1631 doti}
1189 1583 1232 1623 ἐκ
1249 1586 1329 1624 τῶν
1355 1585 1618 1637 Σαμαρειτῶν
1645 1585 1748 1636 πλῆ-
1758 1585 1804 1621 20

314 1654 407 1702 θος,
431 1650 497 1690 καὶ
518 1647 740 1704 παρέλαβεν
759 1647 882 1690 αὐτὸν
903 1650 1158 1706 Σαμαρείτην
1183 1648 1414 1702 Ἰουλιανόν,
1455 1653 1528 1692 τοῦ
1547 1653 1649 1691 θεοῦ
1669 1665 1750 1691 πα-

408 1792 442 1826 8.
466 1786 669 1835 ἐπηρώτησε
692 1788 773 1830 Ch„
801 1787 997 1835 ἕπερώτησε
1021 1790 1088 1826 Ox.
1203 1792 1260 1827 15.
1281 1786 1478 1837 ἐμήνυσεν]
1509 1789 1647 1832 „Forte
1667 1788 1751 1824 scri-

406 1836 507 1871 bend.
530 1833 750 1880 ἐμήνυσαν.“
771 1834 836 1869 Ch.

319 1962 377 1993 tae
398 1958 530 1993 interim
560 1958 618 1993 ubi
639 1958 879 1993 intellexissent
907 1959 1145 2005 Imperatorem
1176 1958 1239 1994 sibi
1262 1958 1423 1993 infensum
1446 1970 1535 2000 esse,
1570 1969 1624 1992 τω
1646 1967 1749 1992 novas

319 2004 426 2037 moliti
447 2009 544 2045 sunt3
581 2008 616 2038 et
637 2004 800 2038 Julianum
823 2005 999 2048 quendam,
1024 2005 1233 2046 Samaritam,
1256 2005 1438 2039 Latronum
1463 2003 1659 2049 principem,
1691 2014 1750 2037 co-

318 2060 402 2082 rona
425 2049 636 2091 adornantes,
660 2049 806 2102 praediis
829 2050 947 2094 passim
980 2054 1015 2084 et
1037 2050 1197 2084 Ecclesiis
1220 2050 1315 2094 ignes
1338 2049 1541 2093 injecerunt;
1574 2047 1750 2092 quamplu-

317 2094 408 2127 rimis
431 2093 530 2127 etiam
553 2094 748 2127 Christianis
770 2107 790 2128 e
813 2095 921 2129 medio
944 2096 1093 2129 sublatis.
1140 2095 1230 2136 Quin
1254 2101 1289 2129 et
1305 2095 1482 2148 Neapolim
1499 2093 1664 2138 ingressus
1686 2092 1750 2126 Ju-

317 2138 423 2172 lianus
454 2149 628 2172 numerosa
650 2139 889 2175 Samaritarum
919 2141 1018 2174 turba
1040 2141 1199 2186 stipatus,
1241 2140 1412 2174 Circensia
1433 2139 1532 2173 etiam
1554 2138 1747 2182 spectabatz

318 2184 378 2217 ubi
399 2183 525 2217 Niceas
549 2183 702 2227 quidam,
727 2184 934 2219 Christianus
957 2186 1074 2230 auriga
1097 2185 1244 2219 Palmam
1269 2185 1405 2230 primam
1427 2183 1523 2217 tulit:
1554 2182 1612 2236 qui
1634 2186 1750 2216 caete-

319 2228 366 2262 ris
388 2227 489 2262 etiam
513 2229 570 2273 qui
591 2227 640 2261 ibi
661 2229 802 2263 aderant
824 2230 990 2272 omnibus,
1021 2235 1090 2264 tam
1112 2231 1306 2272 samaritis,
1338 2240 1434 2274 quam
1455 2228 1590 2262 Judaeis
1613 2227 1750 2272 aurigis,

317 2273 471 2318 superior
492 2273 600 2307 factus
634 2277 695 2307 est·
742 2274 937 2318 Tyrannum
959 2276 1075 2320 itaque
1097 2275 1281 2316 adientem,
1316 2273 1479 2308 victoriae
1502 2272 1682 2319 praemium
1705 2272 1750 2306 ab

319 2330 360 2352 eo
384 2324 423 2351 ut
445 2318 636 2362 aeciperet3
672 2318 871 2363 TyrannuS‚
895 2321 986 2364 cujus
1008 2324 1119 2354 sectae
1141 2326 1250 2362 esset,
1274 2331 1346 2354 eum
1366 2317 1604 2363 interrogavit.
1647 2318 1751 2352 Cum-

318 2374 385 2407 que
407 2363 632 2397 Christianum
653 2374 723 2397 esse
744 2363 977 2406 intellexisset,
1012 2367 1102 2410 (pro
1124 2365 1209 2400 malo
1232 2365 1267 2398 in
1288 2377 1323 2399 se
1345 2363 1451 2397 omine
1473 2364 1617 2404 habens,
1649 2361 1752 2396 Chri-

319 2408 443 2442 stianos
466 2408 603 2452 primam
619 2409 730 2442 statim
752 2409 892 2453 palmam
915 2409 979 2443 suis
1001 2409 1214 2455 praeripere3
1237 2409 1327 2454 quod
1349 2412 1385 2443 et
1406 2409 1532 2442 factum
1552 2407 1650 2452 estz)
1673 2406 1750 2441 mis-

318 2463 355 2486 so
380 2452 557 2493 carnifice,
592 2453 738 2497 Aurigae
759 2453 795 2487 in
816 2453 888 2506 ipso
911 2454 1012 2488 Circo
1047 2460 1150 2500 caput
1170 2453 1375 2499 amputavit,
1410 2453 1468 2487 sed
1491 2457 1526 2487 et
1547 2452 1748 2498 Episcopum

319 2508 453 2542 quoque
476 2497 624 2541 ejusdem
646 2498 738 2533 urbis
760 2510 899 2544 pessime
921 2499 1049 2532 habuit.
1094 2500 1305 2533 Palaestinae
1327 2502 1436 2532 autem
1460 2497 1651 2539 Praefecti,
1675 2507 1749 2532 cum

319 2542 502 2577 Theodoro
527 2543 617 2577 Simo
640 2543 752 2586 Duce,
776 2545 819 2578 de
840 2544 891 2578 his
912 2544 1072 2578 certiores
1094 2545 1197 2585 facti;
1229 2543 1384 2588 Tyranni
1405 2543 1502 2587 hujus
1523 2543 1748 2589 impudentem

319 2587 492 2622 audaciam
513 2587 699 2623 Justiniano
723 2588 919 2634 Imperatori
939 2589 1090 2633 protinus
1113 2600 1175 2633 per
1195 2588 1325 2622 litteras
1347 2593 1614 2632 repraesentant.
1655 2587 1750 2621 Con-

320 2636 376 2666 tra
398 2643 470 2666 eum
492 2643 586 2674 vero,
608 2633 737 2678 ingenti
760 2645 832 2668 cum
855 2633 1014 2675 exercitu,
1038 2634 1210 2677 egreditur
1233 2633 1431 2668 Theodorus
1453 2633 1550 2675 Dux3
1573 2631 1632 2679 qui
1653 2631 1748 2674 Phy-

319 2676 466 2711 larcham
495 2677 596 2712 etiam
626 2679 835 2714 Palaestinae
866 2678 928 2713 sibi
957 2678 1078 2712 socium
1111 2678 1276 2722 adjunxit.
1332 2679 1410 2719 Quo
1433 2678 1566 2719 audito,
1599 2676 1749 2711 Julianus

321 2722 511 2764 Samarita,
535 2722 732 2766 Tyrannus,
754 2724 900 2770 Neapoli
921 2722 1061 2764 relicta,
1085 2724 1198 2767 fugam
1221 2723 1381 2768 capessit:
1419 2735 1515 2768 quem
1537 2720 1750 2756 Palaestinae

320 2765 398 2800 Dux
422 2778 493 2801 cum
515 2767 618 2812 copiis
641 2769 707 2803 suis
727 2768 914 2812 insecutus,
937 2779 1077 2813 cumque
1099 2781 1139 2803 eo
1162 2768 1289 2813 praelio
1312 2780 1524 2813 congressus,
1546 2765 1747 2801 Samarites:

321 2809 390 2846 late
411 2812 613 2857 prosternit3
635 2815 902 2860 comprehensum
918 2825 1053 2861 quoque
1073 2814 1240 2850 sulianum
1261 2813 1378 2861 ipsum,
1399 2813 1473 2850 Deo
1490 2812 1644 2848 tradente
1661 2820 1747 2851 eum,
