1838 3230
412 133 1020 183 CHRONOGRAPHIA.
1077 134 1128 179 L.
1157 135 1312 182 XVIII.
1493 143 1590 191 471

126 272 187 312 ρω
204 259 280 311 τῆς
297 253 392 312 παρ’
417 254 548 299 αὐτοῦ
567 253 829 309 τυπωθείσης
848 251 1089 310 ποσότητος.
1160 255 1203 299 ἐν
1223 256 1269 298 δὲ
1287 260 1339 314 τῇ
1357 255 1592 313 Ἀντιοχέων

125 322 238 368 πόλει
266 324 309 368 ἓν
339 325 489 375 τίτλοις
519 324 698 367 σανίδων
729 320 937 379 ἐπεγράφη
969 323 1018 365 δι’
1050 321 1291 380 Ἑλληνικῶν
1321 323 1590 383 γραμμάτων.

125 393 170 437 ἐν
185 391 326 453 ταύτῷ
345 393 392 436 δὲ
408 394 475 437 καὶ
491 392 538 436 τὸ
561 391 742 449 θέατρον
759 396 833 446 τῆς
850 388 1005 441 πόλεως
1025 391 1280 448 ἐχρημάτισε.

231 465 298 520 Τῇ
327 462 372 505 δὲ
397 459 522 520 ὀγδόῃ
556 464 631 504 τοῦ
669 461 941 517 σεπτεμβρίου
980 461 1110 516 μηνὸς
1142 459 1163 504 ὅ
1192 461 1386 515 βασιλεὺς
1413 466 1591 518 Περσῶν

91 527 324 586 5Κωάδης,
344 529 530 586 ἀκηκοώς
550 529 603 573 τὰ
622 526 842 583 συμβάντα
861 528 1047 586 Πέρσαις
1066 529 1171 573 κακὰ
1187 528 1267 574 ὕπὸ
1281 528 1504 586 Ῥωμαίων,
1524 534 1593 574 καὶ

122 599 328 656 αἰφνίδιον
347 599 543 655 παρεθεὶς
561 597 613 641 τὰ
633 597 746 648 δεξιὰ
764 597 869 653 με’ρη
878 630 892 650 ,
929 599 998 640 καὶ
1027 598 1189 655 ἀγαγών
1209 599 1282 643 τὸν
1301 597 1490 658 δεύτερον
1511 600 1591 643 αὗ-

121 670 198 710 τοῢ
215 666 308 711 υἱὸν
339 664 579 723 Χοσὸρόην,
615 663 858 722 ἀνηγόρευσε
883 666 1073 719 βασιλέα,
1108 668 1263 719 ἐπιθεὶς
1294 668 1408 728 αὐτῷ
1435 668 1589 726 στέφα-

119 751 192 779 νον
221 739 274 793 τῇ
302 739 489 793 κορυφῇ·
536 736 603 778 καὶ
630 732 903 792 ἀρρωστήσας
930 733 1086 792 ἡμέρας
1119 736 1235 779 πέντε
1264 734 1286 780 ὃ
1309 741 1394 780 τῶν
1410 740 1587 795 Περσῶν
1611 739 1643 774 D

118 802 312 857 βασιλεὺς
351 802 530 860 Κωάὸης
563 807 746 863 τελευτᾷ,
784 802 840 846 ὢν
861 804 1058 848 ἐνιαυτῶν
1079 803 1151 858 πβ’
1185 806 1253 848 καὶ
1274 810 1417 862 μηνῶν
1438 810 1587 864 τριῶν·

63 883 110 920 10
119 871 356 926 ἐβασίλευσε
374 873 420 916 δὲ
441 871 512 928 ἔτη
530 869 599 929 μγ’
634 873 703 915 καὶ
719 875 854 927 μῆνας
874 870 962 916 δύο.

213 939 310 984 ’Ὅτε
328 941 373 984 δὲ
396 939 657 998 ἀνηγορεύθη
685 940 880 995 βασιλεῦς
908 942 1086 997 Περσῶν
1115 939 1362 998 Χοσδρόης,
1411 938 1589 998 ἐδήλωσε
1613 945 1646 981 0
1668 946 1738 981 212

117 1015 207 1060 τοῖς
226 1013 495 1065 πρεσβευταῖς
508 1008 720 1064 Ῥωμαίων
749 1009 818 1051 διὰ
849 1011 1020 1065 Περσοῦ
1052 1014 1347 1066 μαγιστριανοῦ
1391 1012 1590 1054 εἰσελθεῖν

118 1078 162 1121 ἔν
182 1084 270 1128 τοῖς
292 1081 513 1135 Περσικοῖς
554 1080 621 1121 καὶ
651 1082 819 1132 ποιῆσαι
848 1075 1010 1134 εἲρῆνης
1038 1075 1173 1121 πάκτα
1202 1077 1356 1133 μεταξὺ
1378 1076 1588 1132 Ῥωμαίων

117 1162 163 1190 τε
185 1147 254 1190 καὶ
273 1149 472 1204 Περσῶν·
510 1151 592 1190 τῶν
611 1147 657 1190 δὲ
673 1149 934 1203 πρεσβευτῶν
948 1143 1159 1200 Ῥωμαίων
1189 1146 1246 1202 μὴ
1276 1146 1587 1201 ἀνασχεθέντων

60 1223 106 1261 15
119 1215 316 1258 εἰσελθεῖν
345 1217 402 1265 εἷς
431 1214 484 1258 τὰ
509 1214 696 1272 Περσικὰ
718 1216 812 1268 δίχα
834 1211 1051 1264 κελεύσεως
1079 1219 1318 1271 βασιλικῆς,
1355 1213 1587 1271 ἀπολογού-

114 1300 244 1339 μενοι,
285 1283 347 1327 Οὐ
378 1287 594 1338 τολμῶμεν
620 1283 675 1326 τὰ
714 1282 816 1340 πρὸς
853 1279 961 1337 ὖμᾶς
1000 1281 1295 1340 καταφθάσαι,
1368 1285 1436 1326 καὶ
1467 1283 1589 1339 γνοὺς

115 1355 248 1395 ταῦτα
269 1349 292 1395 ὅ
311 1355 490 1409 Περσῶν
509 1349 719 1407 βασιλεύς,
755 1348 925 1408 γράψας
953 1351 1168 1406 ἐπιστολὴν
1204 1351 1359 1407 ἔπεμψε
1385 1351 1489 1407 πρὸς
1516 1353 1589 1395 τὸν

112 1419 287 1474 βασιλέα
304 1419 592 1464 Ἰουστινιανόν
603 1453 617 1474 ,
655 1421 782 1463 αἰτῶν
804 1420 1074 1476 ἐπιτραπῆναι
1092 1422 1190 1470 τοὺς
1210 1420 1464 1478 πρεσβευτὰς
1485 1419 1588 1463 Ῥω-

112 1490 248 1543 μαίων
282 1491 480 1533 εἶσελθεῖν
509 1491 552 1533 ἐν
584 1489 760 1546 Περσίδι
805 1490 873 1531 καὶ
910 1486 1046 1531 πάκτα
1075 1493 1254 1544 ποιῆσαι.
1324 1491 1392 1531 καὶ
1419 1486 1586 1545 γράψας
1609 1497 1639 1532 Ε

57 1557 280 1614 Ξῡφιλικὴν
297 1557 512 1614 ἐπιστολὴν
533 1555 554 1602 ὅ
573 1557 766 1612 βασιλεὺς
781 1560 974 1614 Περσῶν,
1012 1556 1216 1600 ἀπέστειλε
1235 1556 1303 1599 διὰ
1321 1555 1587 1613 Ἑρμογένους

113 1627 367 1682 μαγίστρου·
428 1625 569 1680 ἥντινα
607 1624 782 1680 μάνυσιν
827 1623 1048 1679 δεξάμενος
1077 1623 1098 1668 ὅ
1138 1625 1332 1677 βασιλεὺς
1377 1623 1587 1679 Ῥωμαίων

114 1693 383 1751 ἀπέγραψεν,
417 1692 558 1750 Ἱ-Ιμεῖς
590 1694 664 1737 οὐκ
704 1693 968 1750 ἐπιτρέπομεν
1016 1699 1101 1743 τοῖς
1133 1692 1343 1751 ἡμετέροις
1384 1681 1585 1750 πρεσβευ-

205 1827 267 1864 18.-
284 1824 530 1872 ἐπιτραπῆσαι
553 1825 621 1861 Ox.

112 1953 207 1979 mere
229 1941 385 1978 auderet.
432 1940 590 1975 Edictum
620 1951 703 1975 vero
726 1940 793 1975 hoc
817 1939 1038 1982 Antiocheni‚
1074 1939 1220 1975 Graecis
1244 1938 1441 1985 inscriptum
1463 1938 1584 1982 literis,

111 1989 148 2024 in
179 1987 390 2024 Tabularum
421 1987 537 2022 titulos
570 1986 715 2021 relatum
744 1987 946 2022 habuerunt.
1017 1985 1148 2021 Eodem
1180 1985 1281 2021 etiam
1312 1990 1467 2032 tempore
1491 1985 1584 2020 urbis

113 2035 274 2071 Theatro
296 2044 418 2070 nomen
449 2032 641 2079 impositum
663 2036 727 2069 est.

204 2103 332 2150 Mensis
360 2106 475 2136 autem
498 2101 710 2146 Septembris
732 2111 809 2135 vm.
835 2100 987 2142 enudas,
1023 2101 1203 2135 Persarum
1226 2099 1322 2141 Rex,
1357 2111 1445 2144 quae
1469 2098 1583 2134 Persis

112 2150 180 2186 suis
203 2162 226 2185 a
247 2147 407 2185 Romanis
430 2148 664 2189 obvenerant,
703 2146 854 2182 cladibus
877 2146 1020 2188 auditis,
1045 2147 1089 2181 de
1110 2152 1254 2193 repente
1277 2146 1434 2191 Paralysi
1458 2145 1582 2179 dextra

111 2195 265 2242 corporis
287 2199 388 2242 parte
410 2198 589 2239 correptus
613 2197 675 2228 est.
723 2193 923 2227 Convocato
945 2192 1064 2238 itaque
1087 2192 1131 2227 ad
1154 2204 1191 2227 se
1214 2192 1386 2233 chosroe,
1424 2190 1496 2224 filio
1520 2202 1580 2224 suo

112 2242 260 2278 secundo
283 2240 413 2287 genito,
439 2239 698 2283 diademateque
722 2238 828 2285 capiti
850 2239 923 2283 ejus
944 2238 1116 2284 imposito,
1144 2238 1275 2283 Regem
1299 2249 1374 2272 eum
1398 2236 1580 2271 renuncia-

112 2287 176 2323 vit.
222 2287 355 2329 Quinto
386 2289 500 2321 autem
522 2290 602 2330 post
632 2285 689 2319 die
721 2296 821 2331 quam
855 2285 1065 2319 decubuerat
1096 2284 1251 2326 (kades,
1290 2285 1467 2317 Persarum
1491 2281 1579 2323 Rex,

112 2332 200 2369 diem
221 2344 316 2368 suum
338 2331 447 2374 obiit,
481 2342 555 2366 cum
578 2330 721 2366 vixisset
742 2342 846 2366 annos
868 2341 968 2366 xxcn
991 2334 1028 2366 et
1050 2341 1179 2365 menses
1201 2340 1262 2371 ιιι,
1296 2332 1474 2373 regnasset
1495 2338 1579 2362 vero

106 2389 218 2424 ¹armos
239 2389 330 2414 xum
358 2389 554 2424 mensesque
575 2387 614 2412 11.

204 2446 372 2482 chosroes
394 2458 476 2481 vero
500 2446 679 2481 Persarum
701 2445 778 2480 Rex
799 2445 930 2488 factus,
952 2443 1179 2479 Romanorum
1202 2442 1351 2487 Legatos
1373 2452 1438 2487 per
1460 2440 1578 2494 Magi-

114 2491 275 2527 strianum
298 2493 436 2528 Persam
458 2497 591 2534 monet,
616 2491 667 2526 uti
689 2490 725 2525 in
746 2490 920 2526 Persidem
942 2491 1120 2531 venirent;
1157 2488 1201 2522 de
1224 2499 1311 2534 pace
1333 2489 1502 2522 Romanos
1524 2497 1578 2520 1n-

113 2541 169 2572 ter
190 2537 382 2583 Persasque
410 2538 559 2573 ineunda
591 2537 716 2582 agendi
746 2548 857 2572 causa.
904 2536 1028 2582 Legati
1060 2546 1143 2569 vero
1166 2534 1332 2574 Romani3
1373 2543 1516 2578 quorum
1539 2531 1576 2566 id

113 2582 250 2617 arbitrii
271 2595 338 2619 non
360 2588 456 2625 erat,
480 2595 543 2630 pro
566 2583 665 2618 libitu
688 2594 749 2618 suo
772 2582 943 2617 Persidem
967 2585 1107 2628 petere,
1131 2580 1314 2614 Persarum
1337 2577 1428 2622 Regi
1450 2588 1578 2612 renun-

114 2627 256 2671 dantes,
279 2629 470 2664 mandatum
492 2628 711 2675 Imperatoris
735 2628 864 2663 causati
887 2632 974 2664 sunt.
1021 2625 1124 2669 Quod
1139 2627 1317 2660 Persarum
1339 2624 1415 2659 Rex
1438 2622 1496 2658 ubi
1518 2634 1575 2656 re-

112 2674 260 2716 scierat,
293 2675 535 2720 Imperatorem
555 2674 779 2710 Justinianum
801 2686 865 2720 per
885 2674 1023 2715 literas,
1063 2683 1145 2716 quas
1167 2670 1337 2714 Magistro
1367 2668 1576 2713 Hermogeni

112 2719 316 2754 deferendas
338 2720 495 2763 tradidit,
519 2720 690 2755 amicitiae
712 2720 843 2765 plenas,
882 2718 1143 2758 adhortabatur,
1180 2716 1318 2760 Legatis
1340 2714 1408 2749 suis
1430 2714 1576 2760 impedi-

112 2770 227 2800 mento
252 2777 294 2799 ne
318 2770 416 2807 esset,
441 2767 615 2811 quominus
638 2767 673 2800 in
699 2765 871 2800 Persidem
895 2764 1065 2803 venirent,
1092 2761 1187 2807 pacis
1209 2761 1350 2795 foedera
1371 2759 1574 2805 percussuri.

115 2810 247 2855 Quibus
270 2809 378 2846 literis
401 2811 564 2858 acceptis,
591 2812 783 2859 Imperator
806 2812 985 2846 Persarum
1009 2808 1099 2854 Regi
1121 2806 1310 2854 rescripsit,
1331 2806 1422 2842 hunc
1443 2806 1480 2841 in
1503 2817 1577 2841 mo-
