1838 3230
607 133 1080 180 ANNOTATloNsss.
1476 142 1574 191 519

226 252 414 302 Peg-86.
450 254 513 294 16
570 247 714 292 ἑαυτόν
751 250 808 298 εἰς
841 253 922 318 πῦρ
958 250 1095 303 ἔβαλε]
1138 250 1199 289 Ita
1228 252 1344 290 etiam
1381 252 1574 293 Eusebius

115 305 263 347 Cliton.
279 306 350 348 lib.
371 311 411 350 2.
443 309 635 362 Ηρακλῆς
653 303 758 363 νόσω
777 304 965 360 λοιμώδει
985 304 1225 364 περιπεσών,
1258 308 1314 359 εἰς
1331 311 1412 363 πῦρ
1431 309 1575 353 ἑαυτὸν

114 360 241 416 ῥίψας
259 366 431 420 τελευτᾷ.

227 405 419 472 Pag.87‘.
453 423 517 464 16.
563 418 621 468 εἷς
642 416 718 472 τὴν
738 415 1020 487 Λαβύρινθον
1031 417 1191 475 χώραν]
1223 420 1337 462 Cedr.
1357 418 1490 471 habet,
1518 424 1574 472 εἰς

110 471 186 527 τήν
217 471 497 543 Λαβύρινθων
524 471 669 529 χώραν.
728 473 998 529 Λαβύρινθον
1026 476 1248 529 Hesychius
1271 477 1571 530 interpretatur,

108 533 334 584 κοχλιοειδῆ
345 529 484 575 τόπον.
542 531 804 584 Etymologici
825 533 955 585 Magni
984 540 1122 573 auctor
1145 533 1429 586 Labyrinthum
1449 536 1575 574 Cxeti-

110 600 200 626 cum
219 586 392 628 Mentem
419 589 541 628 fuisse
565 589 642 638 ait,
672 589 713 626 in
737 603 815 641 quo
835 597 991 628 antrum
1014 597 1099 629 exat
1119 591 1310 630 descensu
1334 605 1575 661 ascensuque

108 643 329 684 molestum.
385 642 652 712 Λαβύρινθος
680 645 724 685 ἐν
742 649 792 701 τῇ
820 644 960 717 Κρήτῃ
983 643 1095 712 νήσῳ
1115 645 1256 688 ἔστιν’
1242 645 1348 701 όρος,
1378 643 1471 689 ἒν
1440 664 1471 688 ω
1493 649 1574 689 ἐστι

109 695 308 752 σπήλαιον
327 695 536 755 α’ντρῶδες,
567 697 763 742 δύσκολον
782 702 871 754 περὶ
891 701 965 754 τὴν
987 688 1182 753 κάθοδον,
1210 703 1279 744 καὶ
1302 677 1484 758 δυσχερὲς
1504 721 1571 746 πε-

108 755 149 810 ρὶ
163 754 238 810 τήν
256 755 427 798 ι’ίνοδον
469 757 514 799 ἐν
535 773 565 810 ῳ
585 757 734 827 λέγεται
753 775 774 800 ο
797 756 1069 827 ΓΛινώταυρος
1086 759 1349 813 ἐμβληθῆναι.

220 815 316 866 Pssg·
346 817 411 857 88-
441 818 480 857 2.
534 830 595 855 οτι
621 813 745 867 α’λλην
783 811 894 869 αὕτῳ
930 816 1129 885 ἐποίησαν
1159 817 1201 857 οῖ
1235 815 1416 869 Κρῆτες]
1457 817 1571 855 locus

105 869 337 908 mendosus·
383 869 566 924 suspicor
595 871 824 921 legendum,
863 870 925 913 ὅτι
949 870 1051 925 α’λην
1077 868 1185 929 αὐτῷ
1211 872 1422 925 ἐποίησαν,
1461 874 1568 925 quod

109 932 240 973 verto,
270 927 311 964 in
328 939 494 966 errorem
519 942 602 966 eum
621 926 828 967 ‹laxet-,ant

221 980 316 1034 Pag·
348 985 415 1025 88.
447 986 512 1026 12.
540 999 614 1025 τον
628 980 826 1047 πρόγονον
844 981 995 1037 αὐτῆς]
1028 981 1230 1038 Πρόγονοι
1252 984 1452 1035 dicuntur,
1478 985 1567 1036 filii,

106 1051 156 1076 ex
174 1038 326 1091 nuptus
353 1039 557 1091 prioribus
589 1041 684 1079 uati.
741 1041 992 1094 Moschopul
1015 1019 1568 1112 Attic.voc.C011ect,1196}¹

102 1111 219 1162 γονοι
245 1094 313 1135 καὶ
343 1095 386 1135 οἱ
407 1092 489 1137 ἄπο
521 1096 721 1165 προτέρου
746 1095 876 1151 γάμου
908 1096 1197 1166 γεγενημένοι,
1219 1091 1276 1137 ὥν
1303 1095 1337 1147 ό
1355 1096 1565 1167 noc-mimo]

104 1147 235 1219 μήτηρ
258 1152 315 1199 εἰς
334 1147 520 1206 δεύτερον
542 1156 646 1205 ῆλθε
669 1169 812 1206 γαμον.
856 1153 1035 1207 λέγονται
1055 1151 1098 1193 δὲ
1123 1149 1323 1223 πρόγονοι,
1353 1151 1455 1205 πρός
1474 1153 1567 1203 τοὺς

104 1203 184 1247 α’πὲ
200 1211 274 1248 τοῦ
290 1207 476 1262 δευτέρου
495 1206 624 1276 γάμου
642 1209 965 1265 γεγεννημένους.
1009 1210 1198 1263 ἐπίγονοι1
1215 1207 1258 1250 δὲ
1286 1208 1485 1263 λε’·,γονται
1529 1213 1570 1252 οἱ

104 1260 184 1306 οἶπὸ
205 1268 280 1305 τοῦ
296 1264 480 1319 δευτέρου
504 1262 646 1319 γάμου.

222 1324 317 1374 Pag-
346 1323 412 1364 89.
443 1325 482 1364 2.
527 1337 807 1376 καταρωμενος
826 1336 897 1363 τον
914 1317 1027 1374 υἷὸν]
1071 1321 1219 1361 Eadem
1239 1320 1360 1361 habes
1378 1322 1485 1376 apud
1506 1324 1564 1364 Io.

103 1378 304 1428 Tzetzem,
337 1376 437 1416 Chil.
455 1381 496 1420 6.
518 1377 618 1418 Hist.
640 1380 707 1422 56.

325 1431 383 1475 To?
403 1435 598 1504 Φαίδρας,
618 1431 847 1476 Ιππολύτου
861 1449 902 1475 τε
920 1435 1022 1487 δῆλα
1040 1436 1145 1475 τελεῖ
1158 1436 1241 1482 τοῖς
1260 1437 1397 1484 πᾶσιν,

312 1489 416 1540 Ως’
395 1489 476 1544 η’ρα
498 1507 643 1533 τουτου
667 1493 823 1561 Φαίδρα
841 1489 913 1544 μὲν
934 1487 1137 1558 προγόνου
1156 1488 1394 1541 πεφυκότος.

319 1543 465 1589 Αυτου
486 1541 523 1588 δ’
552 1544 680 1600 αὐτην
701 1544 956 1597 οἷπώσαντος,
985 1543 1180 1598 ψεύδεται
1196 1544 1339 1587 τούτου
1358 1547 1453 1613 βίαν

323 1605 458 1654 Θησεῖ,
486 1607 543 1656 τῷ
563 1601 708 1646 τούτου
729 1603 772 1644 δὲ
790 1604 927 1657 πατρὶ,
960 1599 1133 1655 θνησκει
1151 1604 1299 1650 δειναῖς
1318 1618 1520 1653 καταραις.

218 1656 314 1710 Ραὸ-
345 1662 410 1702 89
442 1663 480 1702 6.
511 1660 775 1711 ἐξεσελλίσθη]
802 1661 892 1699 Vox
913 1659 1095 1711 hybxida,
1128 1672 1178 1697 ex
1195 1659 1393 1711 panicula
1415 1660 1564 1699 G1aeca

106 1713 165 1762 ἐξ,
194 1713 316 1753 verbo
347 1728 443 1755 vero
471 1717 631 1767 Latino,
663 1718 815 1755 Graeco
841 1730 951 1755 more
970 1716 1158 1765 formato,
1189 1715 1371 1753 conficta:
1419 1730 1440 1754 a
1474 1715 1564 1757 σέλα

106 1770 210 1808 enim
240 1784 328 1822 seu,
359 1771 495 1823 σε’λλα,
526 1772 657 1820 Sella,
689 1773 863 1826 σελλίζομ
867 1788 908 1812 αι
935 1772 1149 1819 formatur,
1179 1772 1270 1810 inde
1288 1772 1562 1824 compositum,

105 1826 367 1881 ἒξεσελλίσθη,
400 1843 449 1868 ex
469 1828 591 1878 Sella,
625 1843 691 1868 seu
715 1830 805 1868 sede
824 1842 1012 1867 exeussus
1034 1834 1105 1868 est.

219 1886 314 1938 Pag.
343 1888 408 1928 89.
440 1890 478 1929 7.
521 1886 741 1939 εἱληγέντος
766 1889 839 1926 τοῦ
868 1885 1037 1939 λωρίου]
1076 1883 1240 1936 λωρίον,
1268 1886 1398 1934 λῶρον
1426 1891 1466 1923 et
1482 1888 1561 1927 λῶ·-

105 1955 186 1993 ρος,
218 1941 325 1992 apud
340 1942 580 1981 lecentiores
602 1943 775 1981 G1aecos
795 1948 984 1992 usurpata
1005 1955 1095 1992 pro,
1125 1941 1203 1978 L01
1206 1953 1284 1990 um,
1311 1940 1488 1981 Habena.

219 2000 315 2051 Pag·
346 2001 414 2042 90.
443 1999 480 2041 5.
511 1997 747 2053 Ερυσθευς]
779 2000 861 2037 Sei.
878 1994 1126 2066 Εὖρυσθευς.
1146 1997 1289 2036 Euseb.
1311 1996 1457 2038 Chron.
1475 1999 1501 2037 l.
1520 2003 1559 2040 2.

102 2055 434 2107 Λακεδαιμονίων
455 2058 612 2108 πρῶτος
632 2055 883 2108 ἐβασίλευσεν
907 2050 1149 2108 Ευρυσθευς
1178 2052 1243 2106 ἔτη
1264 2049 1343 2106 μβ’.

215 2113 317 2164 Pag.
337 2115 403 2154 90.
437 2116 500 2155 11.
531 2127 626 2165 μετα
647 2128 742 2159 τους
759 2109 1128 2163 Λακεδαιμονίους]
1157 2110 1275 2149 Forte
1294 2109 1559 2159 scribendum,

103 2165 200 2218 μετα
219 2171 301 2208 τῶν
318 2169 673 2221 Λακεδαιμονίωνε
710 2167 1002 2206 Corinthiorum
1027 2166 1150 2215 enim,
1176 2172 1214 2204 et
1240 2166 1561 2204 [acedaemonio-

102 2236 191 2263 rum
221 2238 383 2275 regnum
411 2225 548 2264 eodem
573 2240 674 2263 anno
701 2225 897 2277 coepisse,
942 2223 1014 2262 sub
1036 2222 1193 2274 regibus
1217 2223 1365 2260 seilicet
1385 2222 1497 2262 Alete
1519 2229 1560 2261 et

102 2280 342 2333 Eurystheo,
371 2288 540 2321 testatur
553 2281 776 2320 Eusebius
765 2296 807 2319 m
832 2280 1056 2319 Ch1on1c1s
1089 2293 1203 2330 quem
1223 2278 1326 2317 vide.

218 2340 314 2390 Pag·
347 2342 415 2382 90·
450 2341 513 2381 13.
560 2338 629 2379 καὶ
661 2335 830 2391 ’ὕστερον
858 2337 1108 2390 ἐβασίλευσεν
1131 2334 1264 2383 *33'103
1287 2330 1333 2374 α’.
1342 2333 1356 2385 ]
1395 2335 1559 2386 Supple,

103 2406 155 2431 ex
172 2393 359 2445 Eusebio,
387 2391 630 2464 Αυτομέιης.
686 2394 830 2435 Euseb.
865 2393 1010 2433 Clnon.
1032 2393 1127 2431 Can.
1158 2390 1392 2444 Κορινθίων
1419 2390 1560 2443 ἐβασί-

104 2451 239 2490 λευσεν
266 2448 334 2491 ιθ’.
373 2447 607 2504 Λῦτομένης
636 2450 719 2500 ε’τος
731 2452 796 2521 ἓν.
827 2457 866 2490 et
887 2450 1030 2489 deinde
1058 2449 1100 2489 οἱ
1126 2447 1361 2514 Κορινθίων
1385 2447 1560 2499 βασιλεῖς

107 2520 180 2554 εως
193 2509 309 2548 τοῦδε
329 2524 400 2548 του
421 2505 562 2560 χρόνου
582 2504 679 2560 μεθ’
701 2506 772 2557 οὓς
788 2502 983 2548 ἐνιαύσιοι
1005 2499 1241 2558 Πρυτανεις.

218 2564 317 2617 Pag.
346 2567 413 2606 91.
443 2568 483 2606 7.
505 2561 663 2617 ἐτρώθη
679 2562 754 2619 γᾶρ
774 2564 831 2611 εἰς
850 2558 993 2616 αύτην]
1019 2559 1352 2608 Subaudmndum,
1367 2573 1421 2598 τω
1404 2557 1556 2613 ”’ἒ’ρωτι.

222 2621 315 2672 Pflg·
343 2624 409 2664 91.
440 2624 481 2663 8.
527 2619 733 2686 εὔστολος]
771 2621 863 2660 Vox
883 2620 981 2658 haee
1001 2618 1050 2656 ad
1073 2617 1241 2655 vestium
1264 2620 1443 2654 ornatum
1463 2629 1559 2667 pro-

106 2675 195 2729 Ριίο
221 2676 446 2717 referenda.
484 2677 578 2716 licet
594 2677 734 2716 hocin
753 2677 921 2716 Helenae
946 2674 1129 2713 laudibus
1154 2674 1286 2710 locum
1306 2670 1453 2710 habere
1479 2686 1559 2710 non

108 2733 250 2771 debere
274 2734 361 2783 quis
383 2733 591 2774 existimet.
650 2735 726 2774 Leo
748 2734 866 2772 Allar.
882 2734 922 2771 in
942 2732 1041 2770 [sae.
1059 2728 1351 2781 Porphyiogeu.
1373 2728 1422 2768 de
1444 2742 1557 2781 prae-

106 2789 296 2830 termissis
317 2789 363 2828 ab
381 2789 564 2842 Homero,
596 2790 687 2830 bene
711 2805 793 2830 con
795 2800 918 2843 ptam,
948 2787 1079 2827 vertit.
