1838 3230
298 142 418 219 480]
692 165 983 210 IOANNIS
1013 167 1354 210 MALALAE

299 290 349 341 λη
370 283 450 328 ὑπὸ
470 281 679 341 Χοσρόου,
701 283 900 338 βασιλέως
919 288 1115 342 Περσῶν.
1155 287 1222 327 καὶ
1251 285 1442 343 ἐπέμφθη
1472 287 1528 336 εἰς
1549 285 1598 329 τὸ
1630 291 1750 330 πολε-

296 358 426 409 μῆσαι
455 352 665 409 Γερμανὸς
708 353 879 404 ζωσθεὶς
919 351 1203 409 στρατηλάτης
1228 354 1332 407 μετὰ
1362 355 1429 396 καὶ
1451 357 1524 397 τοῦ
1551 353 1656 396 ἰδίου
1673 353 1750 396 αὗ-

296 425 372 464 τοῦ
388 422 479 464 υἱοῦ
497 421 731 463 ’Ῑουστίνου.
786 421 851 462 καὶ
870 422 997 475 μηδὲν
1021 419 1234 478 ὠφελήσας
1256 419 1436 476 ἐκάθητο
1459 422 1501 464 ἐν
1511 421 1746 481 Ἀντιοχείᾳ,

297 488 506 546 ἀγοράζων
525 488 596 531 τὸν
615 487 793 545 ἄργυρον
819 486 1080 543 νομισμάτων
1095 487 1137 543 β’
1156 488 1182 544 ἢ
1205 494 1328 547 τριῶν
1349 489 1425 545 τὴν
1443 490 1585 547 λίτραν
1603 489 1646 532 ἐκ
1667 493 1751 532 τῶν

299 557 435 600 αὐτῶν
450 555 695 610 Ἀντιοχέων.
1539 584 1545 589 «
1673 611 1675 613 v
1759 565 1783 601 5

393 623 444 667 Ὅ
463 624 507 666 δὲ
523 623 715 677 βασιλεὺς
733 625 909 680 Περσῶν
928 625 1092 680 εἰσῆλθε
1110 626 1176 667 καὶ
1208 625 1250 667 ἐν
1286 623 1483 684 Ἀπαμείᾳ
1518 624 1586 668 καὶ
1606 622 1649 667 ἐν
1665 621 1754 667 ἐτέ-

300 706 390 750 ραις
413 689 552 734 πόλεσι
570 695 644 746 τῆς
664 691 878 747 ἀνατολῆς.

400 761 486 803 Καὶ
509 764 566 818 τῷ
587 760 698 817 αὐτῷ
715 757 852 817 χρόνῳ
871 759 1137 817 κατεπέμφθη
1159 756 1397 816 Βελισάριος
1427 759 1468 802 ἐν
1492 757 1651 817 Ῥώμῃ·
1685 760 1754 803 καὶ

247 842 279 876 1)
304 826 539 884 πολεμήσας
564 828 769 884 παρέλαβε
795 826 871 888 τήν
900 845 943 870 τε
966 825 1126 883 Ῥώμην
1146 829 1223 882 ,καὶ
1251 828 1435 870 Σικελίαν
1457 829 1524 870 καὶ
1548 828 1623 878 τὰς
1641 827 1755 884 πέριξ

298 895 432 946 πόλεις
451 895 729 953 κρατουμένας
746 893 826 939 ὖπό
849 894 1054 952 Οῧιττιγή,
1092 895 1214 953 ῥηγὸς
1231 899 1312 938 τῶν
1331 899 1370 937 Γ
1367 893 1518 940 ότθων.
1574 897 1657 940 ,καὶ
1675 913 1753 938 πο-
1765 907 1808 941 10

298 962 497 1020 λεμήσας,
535 965 602 1006 καὶ
621 963 875 1020 παραλαβών
895 964 968 1008 τὸν
997 963 1123 1006 αὐτὸν
1156 963 1368 1019 Οὐιττιγὴν
1399 965 1466 1006 καὶ
1484 963 1558 1007 την
1581 970 1754 1021 γυναῖκα

301 1033 429 1075 αὐτοῦ
451 1033 517 1074 καὶ
540 1031 612 1074 τὸν
631 1031 720 1074 υἱὸν
743 1031 886 1084 αὐτοῦ,
924 1031 1071 1088 ἤγαγεν
1088 1033 1129 1074 ἐν
1151 1032 1376 1089 Βυζαντίῳ.

399 1101 486 1143 Καὶ
504 1099 589 1154 μετ’
613 1099 747 1155 ὀλίγον
765 1099 906 1153 καιρὸν
927 1098 947 1142 ὃ
972 1100 1096 1149 αὐτὸς
1113 1099 1305 1154 βασιλεὺς
1321 1098 1474 1153 ἔπεμψε
1491 1097 1665 1155 Ναρσὴν
1683 1097 1755 1140 τὸν

300 1165 635 1223 κουβικουλάριον
657 1168 760 1222 μετὰ
784 1172 936 1223 πολλῆς
963 1169 1164 1224 βοηθείας
1192 1169 1234 1210 ἐν
1265 1165 1400 1224 Ῥώμῃ
1444 1167 1550 1210 κατὰ
1572 1170 1655 1209 τῶν
1677 1165 1756 1209 αὖ-

298 1240 382 1279 τῶν
402 1234 592 1279 Γότθων.
1765 1243 1810 1279 15

401 1305 522 1358 Μηνὶ
563 1299 777 1361 αὕγοῦστῳ
806 1300 1025 1358 ἀπεζώσθη
1066 1300 1256 1357 Ἰωάννης
1298 1301 1319 1345 ὁ
1363 1303 1525 1358 ἐπίκλην
1568 1299 1755 1345 Καππά-

298 1374 396 1424 δοξ,
445 1372 507 1421 δὶς
538 1369 733 1420 διανύσας
762 1371 837 1425 τὴν
871 1375 952 1413 τῶν
981 1368 1167 1426 ἐπάρχων
1202 1368 1342 1426 ἀρχήν.
1420 1372 1488 1413 καὶ
1536 1371 1756 1426 δημευθεὶς

155 1451 187 1484 O
211 1451 280 1487 223
304 1439 498 1496 ἐπέμφθη
531 1439 573 1481 ἐν
601 1440 787 1497 Κυζίκῳ,
824 1440 1051 1494 κληρωθεὶς
1081 1436 1267 1487 διάκονος
1294 1439 1336 1480 ἐν
1356 1435 1554 1494 Ἀρτάκῃ·
1599 1437 1755 1480 κάκεῖσε

298 1504 559 1565 φρατριάσας
601 1505 703 1560 μετά
747 1523 867 1549 τινων
898 1504 1103 1561 κτητόρων
1137 1506 1295 1551 ἀνεῖλον
1320 1505 1518 1559 Εὗσέβιον
1552 1504 1627 1547 τὸν
1668 1505 1755 1547 ἐπί-

300 1592 452 1618 σκοπον
473 1578 545 1629 τῆς
565 1574 691 1629 αὐτῆς
708 1575 943 1629 Κυζικηνῶν
969 1573 1143 1623 πόλεως.
1187 1572 1340 1627 μαθὼν
1369 1574 1413 1615 δὲ
1435 1572 1455 1615 ὃ
1478 1572 1670 1626 βασιλεὺς
1686 1574 1812 1618 araizo

246 1653 280 1689 E
306 1641 590 1698 ἀγανακτήσας
616 1641 720 1684 κατὰ
750 1646 822 1684 τοῦ
843 1641 969 1684 αὐτοῦ
994 1640 1198 1693 Ἰωάννου,
1219 1641 1387 1695 πέμψας
1416 1638 1606 1695 ἐξήτασεν
1631 1640 1757 1683 αὐτὸν

301 1713 384 1754 ἐκεῖ
415 1710 484 1753 διὰ
527 1709 598 1752 τὸν
633 1707 844 1766 γενόμενον
877 1708 1016 1767 φόνον.
1088 1711 1156 1752 καὶ
1186 1709 1291 1752 κατὰ
1323 1709 1500 1752 κέλευσιν
1527 1712 1600 1752 τοῦ
1629 1708 1756 1751 αὐτοῦ

391 1865 426 1900 3.
452 1860 645 1909 ὠφελήσας
667 1863 750 1906 Ch„
774 1859 979 1907 ὥφειλήσας
1002 1862 1071 1896 Ox.
1164 1863 1218 1898 10.
1243 1859 1409 1906 Οὖιττιγί
1431 1863 1499 1897 Ox.
1580 1864 1636 1900 19.
1658 1857 1755 1899 ἂνεῖ-

392 1913 478 1956 λον]
504 1909 642 1946 ἀνεῖλεν
664 1910 727 1944 Ch.
773 1909 867 1944 Idem
889 1908 1114 1954 Κυζικηνῶν.
1138 1909 1353 1954 Κυζινηνῶν
1376 1909 1444 1944 ΟΧ.

299 2056 395 2089 rege,
420 2048 522 2089 capta
545 2049 607 2080 est.
652 2045 783 2081 Contra
806 2057 904 2091 quem
948 2045 1136 2080 Germanus
1166 2044 1313 2079 Militum
1334 2045 1500 2090 Magister
1521 2043 1652 2084 factus,
1689 2053 1757 2078 una

303 2102 377 2124 cum
399 2091 532 2125 Justino
557 2091 641 2132 filio,
665 2104 739 2126 cum
763 2092 915 2126 exercitu
936 2091 1053 2125 missus
1077 2096 1144 2126 est:
1173 2090 1232 2135 qui
1253 2090 1338 2124 nihil
1361 2090 1522 2130 efficiens,
1545 2087 1756 2122 Antiochiam

303 2148 340 2171 se
362 2137 513 2181 recepit3
549 2136 607 2169 ubi
632 2137 805 2179 desidens‚
845 2143 1021 2182 argentum
1052 2137 1095 2171 ab
1119 2136 1358 2178 Antiochenis‚
1398 2146 1462 2183 pro
1484 2134 1579 2170 libris
1600 2133 1755 2178 singulis,

302 2180 442 2216 nummis
464 2192 505 2223 11,
529 2186 588 2215 aut
610 2192 663 2215 111.
687 2182 773 2216 datis
793 2187 958 2217 mercatus
981 2184 1043 2217 est.

394 2238 573 2272 Persarum
596 2241 706 2271 autem
729 2238 805 2271 Rex
828 2239 1013 2283 Apamiam,
1037 2238 1188 2284 aliasque
1211 2237 1361 2273 Orientis
1382 2237 1481 2271 urbes
1505 2235 1699 2282 occupavit,

392 2292 540 2328 Emissus
564 2293 680 2328 eodem
702 2297 855 2338 tempore
878 2295 1070 2336 Belisarius,
1095 2297 1244 2336 Romam,
1274 2293 1435 2335 Siciliam,
1460 2303 1608 2337 quasque
1630 2290 1665 2325 in
1688 2290 1756 2326 cir-

302 2337 396 2372 cuitu
423 2339 577 2382 jacentes
600 2339 700 2373 urbes
732 2339 923 2373 Gothorum
947 2342 1021 2374 Rex
1055 2341 1189 2385 Vitiges
1213 2343 1458 2385 occupaverat,
1495 2337 1589 2371 Bello
1613 2336 1756 2382 recepit.

302 2383 395 2424 Quin
419 2388 455 2417 et
488 2384 619 2428 Regem
653 2385 780 2428 ipsum,
819 2396 893 2418 cum
925 2397 1032 2420 uxore
1063 2385 1203 2431 filioque
1245 2385 1536 2430 comprehensum,
1570 2382 1756 2418 Belisarius

301 2428 628 2474 Constantinopolim
651 2429 802 2464 abduxit.

392 2485 474 2518 Non
497 2486 600 2520 multo
624 2490 734 2520 autem
757 2488 834 2531 post
854 2486 1027 2530 temporis,
1059 2486 1187 2521 Nat-ses
1211 2484 1452 2526 Cubicularius,
1476 2484 1609 2529 ingenti
1630 2483 1757 2519 instru-

300 2532 375 2564 ctus
399 2531 551 2565 exercitu
574 2531 712 2565 Romam
736 2532 892 2566 adversus
915 2531 1048 2565 eosdem
1071 2533 1216 2572 Gothos,
1240 2532 1283 2565 ab
1306 2531 1515 2576 Imperatore
1537 2530 1650 2565 missus
1670 2533 1732 2564 est.

392 2587 510 2621 Mense
533 2588 683 2632 Augusto
707 2589 852 2622 Joannes
876 2593 1094 2631 cognomento
1119 2586 1309 2632 Cappadox
1342 2586 1400 2630 qui
1423 2587 1570 2621 secunda
1588 2587 1658 2630 jam
1680 2585 1756 2620 vice

301 2631 549 2667 Praefecturae
571 2644 685 2667 munus
709 2633 864 2675 obiisset,
904 2638 941 2667 et
963 2636 1203 2667 exauctoratus
1227 2631 1355 2665 demum
1379 2632 1540 2676 bonisque
1563 2630 1754 2679 publicatis,

303 2675 340 2710 in
364 2677 524 2720 Cyzicum
546 2678 717 2722 relegatus
740 2683 812 2720 est,
846 2681 883 2712 et
904 2680 1050 2712 Artacae
1072 2678 1239 2711 Diaconus
1272 2677 1394 2710 factus.
1447 2677 1535 2711 Heic
1566 2688 1648 2710 vero
1683 2686 1756 2709 cum

303 2721 503 2765 quibusdam
527 2723 654 2757 civibus
677 2723 761 2757 inita
784 2723 1051 2768 conspiratione,
1075 2722 1279 2763 Eusebium,
1309 2722 1517 2767 Episcopum
1540 2722 1754 2766 Cyzicenum,

305 2766 351 2800 (le
376 2767 482 2801 medio
505 2769 651 2802 sustulit.
699 2769 776 2810 Quo
801 2769 917 2803 audito
940 2767 1134 2812 indignatus
1156 2768 1343 2811 Imperator
1377 2767 1483 2801 mittit
1516 2768 1573 2812 qui
1595 2768 1756 2801 Joannem

306 2811 546 2858 Cappadocem
568 2813 664 2848 istius
687 2813 800 2849 caedis
822 2813 1050 2860 postularent:
1082 2813 1142 2859 qui
1175 2812 1317 2855 deinde,
1347 2812 1440 2856 jussu
1470 2811 1697 2859 Imperatoris,
1721 2810 1756 2844 in
