1838 3230
674 125 974 172 EPISTOLA·
1455 134 1557 182 727.

309 244 406 286 Ννν
427 236 534 285 αὖθ’
554 240 781 297 ὁπλοτέρων
803 238 966 298 ἄνδρων
987 238 1225 298 ἐρχόμεθα,
1255 244 1438 285 Μοῦσαι.

19 300 29 309 “
84 310 182 356 ,Δ111
195 318 237 353 et
251 310 494 352 Thebaidem
515 317 555 350 et
570 311 769 364 Epigonos
795 311 1018 350 attribuunt
1038 310 1271 351 Antimacho
1289 311 1550 364 Colophonio.

87 369 146 408 De
162 369 230 408 ilia
251 367 410 421 quidem
429 381 494 407 ree
513 374 571 406 eet
587 367 780 419 vulgaris.
810 368 860 407 110
887 367 950 406 his
973 374 1112 408 testem
1131 367 1260 407 habeo
1291 367 1562 408 Scholiastem

85 424 293 479 Aristoph.
321 424 374 464 ad
400 425 566 463 Pacem.
606 426 704 464 Παι.
737 426 831 464 Νῦν
850 419 956 465 αυθ’
981 423 1206 494 ὁπλοτέρων
1233 419 1396 477 ἄνδρων
1423 420 1550 477 ἀρχοί-

85 486 196 535 μεθα
222 503 279 512 -
304 501 363 511 —-
391 483 496 532 σχολ.
527 476 630 533 ἆρχη
656 483 738 521 τῶν
761 477 978 535 Επιγόνων
1010 478 1254 534 Λντιμάχου.
1311 481 1456 520 Verum
1481 494 1550 520 ex-

81 544 154 582 ira
167 551 321 578 omnem
342 537 654 576 controversiam
671 550 755 576 rem
777 538 915 589 posuit
932 537 1098 577 Joannes
1118 538 1295 586 Tzetzes‚
1315 537 1382 588 qui
1402 537 1548 576 utrius..

84 607 163 646 que
178 594 318 647 scripti
337 593 456 633 simul
470 593 709 632 mentionem
729 593 848 646 facit,
878 594 922 632 in
939 592 1070 633 Iliade
1089 595 1341 648 interpretata
1362 591 1548 648 allegori—

83 665 148 699 ce,
178 664 279 705 quae
296 650 475 690 nondum
494 649 602 690 edita
622 657 704 690 est:

307 740 406 794 Τρία
424 738 491 781 καὶ
513 738 608 782 δέκα
627 739 801 795 γέγραφε
810 737 1079 809 μνημόσυνον
1100 739 1256 793 βιβλία,

295 797 520 867 -Μαργίτην
533 812 595 847 τε,
625 798 694 838 καὶ
715 794 821 851 Atyn}
841 813 902 848 τε,
931 797 999 838 καὶ
1018 811 1099 837 των
1117 799 1253 837 Μυῶν
1277 793 1354 849 την
1371 793 1505 851 μάχην

306 850 390 906 Τήν
411 850 625 907 Επιγόνων
644 869 775 907 μαχην
794 869 834 894 τε
850 850 1018 908 γράφει,
1048 852 1118 893 καὶ
1140 854 1340 905 Θηβαΐδα,

307 908 391 961 Τήν
413 910 621 962 Οἰχαλίαν,
652 910 893 962 Κέρκωπας,
924 910 981 958 εἰς
1004 925 1098 957 τους
1118 906 1246 957 Θεούς
1264 924 1304 950 τε
1327 913 1505 963 Τμνους,

300 965 384 1007 Καὶ
401 963 496 1014 τούς
517 964 634 1006 Eut-oi
652 965 838 1008 ἐπάκτιον
859 966 926 1006 καὶ
947 963 1018 1013 τοίς
1042 967 1345 1019 Επικιγκλίδας,

264 1019 274 1025 ’
299 1021 383 1062 Καὶ
409 1018 702 1091 Επιγράμματα
721 1020 848 1064 πολλοὶ
872 1020 947 1063 συν
966 1025 1199 1074 Νυμφικοῖς
1216 1026 1300 1071 τοῖς
1326 1025 1495 1076 Υμνοις,

297 1077 382 1119 Καὶ
398 1093 474 1131 την
495 1079 719 1120 Οδυσσειαν
735 1075 862 1132 αὐτὴν
883 1076 980 1132 μετὰ
1001 1082 1073 1131 τῆς
1090 1075 1261 1126 Ῑλιάδος.

74 1166 203 1206 11111111
222 1167 339 1207 etiam
364 1166 594 1208 Oechaliam
615 1168 758 1208 habes:
787 1169 858 1207 sed
877 1169 986 1208 aliud
1014 1169 1220 1220 exemplar
1245 1182 1326 1206 non
1354 1167 1449 1217 τους
1468 1170 1543 1208 ha-

75 1224 165 1270 bet,
194 1237 332 1264 verum
350 1222 424 1278 τὴν
445 1222 543 1266 {nvo}
572 1222 774 1267 ἐπάκτιον.
834 1225 912 1264 Aut
937 1238 1010 1276 ego
1037 1225 1154 1276 plane
1177 1224 1353 1277 desipio,
1383 1232 1452 1263 aut
1483 1227 1541 1266 le-

72 1280 244 1332 gendum
262 1288 322 1320 est

294 1347 378 1390 Καὶ
396 1346 471 1401 τὴν
489 1345 793 1390 Επταεπᾶκτιον
812 1347 880 1388 καὶ
894 1364 966 1396 τας
987 1347 1263 1400 Επικιχλίδας·

73 1410 315 1457 postremam
337 1405 440 1444 enim
462 1398 600 1445 vocEm
626 1419 707 1444 non
727 1405 870 1443 Suidas
891 1411 1065 1452 tantum,
1094 1403 1164 1442 sed
1181 1410 1221 1442 et
1240 1403 1465 1443 Herodotus
1484 1406 1539 1445 ita

73 1459 256 1512 exhibet,
284 1467 324 1502 et
342 1461 568 1501 Athenaeus
597 1462 666 1501 1111.
688 1466 727 1505 2.
760 1467 799 1500 et
818 1475 902 1500 xxv.
975 1456 1084 1508 Quin
1112 1460 1229 1498 etiam
1251 1460 1359 1512 apud
1376 1461 1538 1500 Suidam

70 1516 172 1557 illud
200 1515 466 1560 ἒπταπᾶκτιον
501 1518 553 1556 1111
581 1517 660 1556 1100
700 1518 925 1581 exemplum
959 1516 1238 1567 corrigendum
1277 1522 1355 1555 est:
1395 1523 1434 1556 et
1459 1531 1538 1570 pro

54 1583 319 1641 “η’θιὲπακτος
335 1590 587 1629 scribendum
606 1588 766 1628 videtur
789 1587 818 1640 ἦ
836 1584 1058 1637 ζεποῖκτιος,
1088 1586 1114 1628 1.
1136 1599 1168 1626 e.
1192 1602 1218 1638 η
1239 1583 1535 1637 ἕπταεπακτιος.

71 1673 162 1699 nam
184 1663 207 1709 ζ
222 1666 335 1699 notat
352 1656 466 1701 ἑπτά.
524 1660 591 1698 810
608 1658 746 1722 apud—
744 1658 1006 1711 Hesychium:
1037 1654 1247 1711 Εννεωρός
1277 1656 1419 1710 θέτης·
1449 1658 1535 1710 lege

69 1730 215 1784 θέτης,
243 1731 273 1770 1.
298 1745 331 1771 e.
354 1729 569 1797 ἐνναέτης,
591 1731 684 1781 quia
712 1735 746 1770 θ
773 1729 966 1780 significat
988 1727 1115 1770 ἐννέα.
1157 1735 1195 1768 et
1214 1728 1339 1768 verbo
1357 1741 1438 1767 uno
1466 1729 1535 1767 in-

69 1784 480 1841 101Ἱο010,Εννηης,
512 1782 699 1839 σώφρων,
730 1783 906 1838 ἄληθης,
937 1781 1113 1837 ἀγαθὸς,
1141 1787 1335 1839 πατρῶος.
1390 1784 1534 1824 Libra-

69 1858 142 1906 rii,
177 1863 225 1897 ut
245 1857 522 1911 compendium
542 1871 685 1910 operae
704 1856 871 1906 saciant,
899 1872 979 1909 πηρ
1009 1856 1189 1896 scribunt
1214 1870 1289 1909 pro
1309 1853 1463 1911 πατὴρ,
1494 1863 1535 1896 et
1558 1862 1591 1898 V
1612 1863 1658 1900 33

68 1943 146 1982 pro
166 1944 350 1983 πατρωος
361 1959 372 1979 ,
403 1931 538 1997 πρῶος
567 1927 704 1981 quod
693 1942 733 1966 m
752 1928 832 1966 hoc
850 1928 940 1966 loco
962 1927 1222 1979 depravatum
1242 1933 1302 1966 est
1321 1941 1370 1967 ex
1391 1930 1533 1982 πρᾶος.

69 1985 162 2025 vide
188 1986 280 2028 Hes.
310 1986 352 2024 in
379 1982 535 2038 Ενηής.
592 1986 800 2023 Caeterum
830 1983 880 2022 de
909 1984 1068 2023 notione
1111 1987 1184 2037 τῆς
1211 1985 1530 2034 Επταεπακτίου,

68 2048 116 2081 111.
135 2049 174 2082 et
192 2042 293 2085 illud
321 2043 535 2095 attingam,
571 2041 801 2080 facillimum
828 2046 886 2079 est
909 2040 1033 2079 multa
1058 2041 1321 2080 comminisci:
1350 2041 1530 2093 proxime

68 2104 220 2149 tamen,
259 2100 425 2152 opinor,
465 2099 515 2138 ad
542 2112 682 2138 verum
712 2097 924 2148 accedent,
961 2097 1029 2149 qui
1055 2097 1271 2137 Homerum
1299 2100 1527 2150 putaveiint
1552 2102 1586 2136 0
1609 2101 1655 2139 64

68 2155 110 2194 in
127 2157 320 2225 opusculo
337 2157 408 2195 illo
426 2156 566 2194 lusisse
588 2155 637 2194 de
657 2154 885 2193 hominibus
911 2154 1146 2206 quibusdam
1175 2168 1341 2193 numero
1362 2161 1525 2206 septem,

69 2212 138 2263 qui
167 2208 236 2253 ἐπ’
265 2209 386 2264 α’κτῆς
413 2214 454 2252 in
484 2211 598 2253 litore
626 2211 716 2250 cibo
753 2211 817 2250 vel
840 2224 978 2249 somno
1009 2211 1202 2250 cuxabant
1231 2224 1420 2262 corpom,
1459 2212 1524 2250 vel

68 2268 177 2307 aliud
198 2269 321 2320 quid
306 2269 436 2322 jocosi
455 2275 493 2307 et
509 2268 671 2307 ridiculi
687 2267 894 2306 faciebant.
921 2267 1147 2307 Homerus
1135 2281 1219 2319 lpse
1240 2267 1279 2305 in
1301 2267 1523 2306 certamine

68 2338 158 2364 cum
207 2325 404 2365 Hesiodo:
461 2321 642 2378 Ανδρᾶσι
693 2327 924 2377 ληϊστῆρσιν
970 2320 1037 2366 ἐπ’
1084 2340 1206 2394 ακτης
1245 2319 1392 2390 δόρπον
1437 2322 1522 2364 ἑλέ-

67 2385 178 2421 σθαι.
246 2389 284 2421 et
312 2383 455 2434 Odyss.
492 2397 530 2422 v.
581 2379 658 2422 Τόν
693 2378 736 2422 δ’
776 2378 846 2434 αρ’
878 2377 946 2421 ἐπ’
982 2377 1105 2432 ἀκτῆς
1144 2375 1234 2432 εὗρε
1271 2375 1518 2431 καθήμενον.

66 2438 117 2476 Et
137 2437 389 2477 Herodotus
379 2453 417 2477 111
437 2438 515 2477 vita
530 2438 706 2477 Homeri:
737 2438 820 2479 Καὶ
838 2453 964 2485 ουτως
981 2434 1179 2489 αναλαβοι
1180 2451 1242 2484 τες
1259 2432 1378 2476 αυτὸν
1399 2432 1519 2488 οἷνήχ-

66 2499 224 2545 θησαν,
251 2494 320 2534 καὶ
340 2496 517 2547 ἴσχουσιν
537 2491 605 2536 ἐπ’
623 2490 770 2561 οἷκτῆς·
798 2495 841 2536 οἱ
858 2492 930 2547 μὲν
950 2491 998 2546 δὴ
1019 2492 1142 2541 ἁλιεῖς
1161 2490 1259 2547 πρὸς
1279 2492 1393 2545 ἔργον
1409 2489 1520 2544 ἐτρά-

66 2562 222 2601 πησαν,
251 2549 272 2591 ὁ
291 2549 334 2591 δὲ
364 2554 524 2605 Ομηρος
550 2548 624 2600 τἰἶν
650 2547 774 2591 νύκτα
803 2550 868 2593 ἐπι
891 2553 964 2590 τοῦ
991 2550 1176 2596 αἰγιαλοῦ
1207 2548 1444 2616 κατέμεινεν.
1479 2555 1519 2587 et

65 2606 268 2658 aliquanto
286 2607 468 2648 inferius.
499 2607 581 2649 Καὶ
602 2604 792 2660 ἀναχθεὶς
822 2622 917 2658 μετα
943 2621 1064 2646 τινων
1088 2605 1284 2675 ἐγχωρίων
1307 2600 1517 2674 οἷπηνέχθη

66 2664 121 2710 εἷς
151 2661 227 2715 τήν
257 2665 345 2704 Ιον·
383 2664 450 2705 καὶ
482 2663 747 2719 ωρμίσθησαν
775 2662 824 2705 οὔ
851 2678 950 2703 κατα
980 2659 1117 2711 πόλιν,
1163 2658 1251 2702 ἄλλ’
1284 2657 1349 2701 ἐπ’
1380 2657 1515 2713 ακτῆς.

66 2719 195 2770 Atque
214 2718 318 2758 hanc
335 2721 402 2759 vel
428 2721 536 2760 illam
562 2736 644 2761 rem
672 2720 884 2760 verisimile
909 2725 966 2757 est
986 2732 1053 2769 arg*
1033 2724 1256 2769 umentum
1286 2723 1324 2755 et
1341 2718 1515 2756 occasio-

66 2789 156 2815 nem
184 2777 356 2829 poemati
383 2776 548 2820 dedisse.
610 2778 736 2818 Venio
769 2777 820 2817 ad
850 2791 917 2828 ea,
957 2789 1057 2828 quae
1084 2776 1258 2815 oratione
1289 2788 1407 2827 prosa
1443 2775 1514 2812 Ιοιι
