1838 3230
258 186 359 234 486
663 179 962 226 IOANNIS
992 181 1327 226 MALALAE

372 302 493 356 Μηνὶ
530 300 782 358 σεπτεμβρίῳ
817 299 1065 350 ἲνὸικτιῶνος
1104 298 1150 343 ιε’
1185 300 1317 356 γέγονε
1356 300 1409 343 τὰ
1446 301 1622 357 ἓγκαίνια
1648 306 1722 357 τῆς

273 367 390 425 ἇγιάς
419 366 597 425 Εῗρῆνης
629 373 704 423 τῆς
731 367 856 424 οῧσης
885 368 1011 424 πέραν
1031 369 1073 412 ἔν
1096 368 1422 419 Ἰουστινιαναΐς·
1458 371 1524 412 καὶ
1548 370 1723 425 ἐξῆλθον

273 437 326 479 τὰ
346 435 439 493 ἅγια
461 438 637 491 λείψανα
667 437 711 478 ἐκ
739 441 812 490 τῆς
837 434 1013 492 μεγάλης
1037 436 1247 491 ἐκκλησίας
1289 436 1393 490 μετὰ
1427 438 1494 479 καὶ
1527 440 1609 480 τῶν
1647 435 1722 480 δύο

274 508 550 561 πατριαρχῶν,
572 504 673 559 λέγω
692 503 743 559 δὴ
755 506 975 559 Μηνᾶτοῦ
993 502 1242 561 πατριάρχου
1255 502 1724 555 Κωνσταντινουπόλεως

274 574 340 615 καὶ
365 571 671 628 Ἀπολλιναρίου
704 575 777 614 τοῦ
816 569 931 614 noina
956 572 1277 628 Ἀλεξανδρείας·
1321 574 1389 614 καὶ
1415 571 1612 615 ἐκάθισαν
1642 572 1757 628 εἰμι-5

275 638 440 697 φότεροι
460 641 501 682 ἐν
525 644 584 698 τῷ
600 643 798 699 βασιλικῷ
818 638 990 695 ὀχήματι
997 672 1012 694 ,
1045 640 1278 695 κατέχοντες
1297 641 1339 683 ἐν
1359 647 1445 690 τοῖς
1463 639 1628 697 γόνασιν
1647 640 1726 684 αὗ-

276 712 359 751 τῶν
380 708 433 750 τοὶ
451 708 564 761 τίμια
584 708 771 761 λείψανα.

223 787 252 822 Β
377 777 464 819 Καὶ
483 779 542 833 τῷ
563 775 674 834 αὐτῷ
687 774 823 834 χρόνῳ
848 771 1075 831 ἕξηντλήθη
1119 775 1187 817 καὶ
1222 775 1484 833 ἐκαθαρίσθη
1511 774 1534 819 ὅ
1562 776 1683 832 λιμὴν
1703 774 1726 819 ὃ

276 845 448 899 πλησίον
465 847 539 886 τοῦ
561 845 760 886 παλατίου
780 845 1094 887 Σεκουνὸιανῶν.

376 913 496 967 Μηνὶ
527 909 740 970 αὗγούστῳ
774 914 1019 960 ῗνὸικτιῶνος
1050 908 1094 953 ιε’
1129 915 1292 971 τελευτᾷ
1323 914 1476 966 Μηνᾶς
1499 909 1520 955 ὗ
1545 911 1724 969 ἄρχιεπί-
1738 916 1781 951 10

276 996 427 1029 σκοπος
444 978 938 1030 Κωνσταντινουπόλεως·
973 980 1039 1022 καὶ
1075 980 1253 1032 κειμένου
1286 983 1359 1022 τοῦ
1391 977 1586 1035 λειψάνου
1606 982 1660 1030 εἷς
1679 980 1726 1023 τῦ

276 1046 389 1102 ἅγιον
412 1041 709 1104 θυσιαστήριον
741 1052 815 1103 τῆς
845 1046 1022 1103 μεγάλης
1062 1048 1273 1102 ἐκκλησίας
1305 1047 1437 1103 γέγονε
1476 1046 1729 1106 πατριάρχης

276 1113 476 1170 Εὖτύχιος
494 1113 514 1158 ὃ
536 1114 837 1173 ἀποκρισιάριος
853 1116 1083 1170 Ἀμασείας.

379 1185 466 1225 Καὶ
488 1187 546 1240 τῷ
566 1183 677 1242 αὐτῷ
699 1186 796 1239 μηνὶ
817 1185 986 1226 ἐπινίκια
1003 1179 1136 1239 ἦλθον
1157 1182 1238 1225 ἀπὸ
1270 1179 1428 1238 Ῥώμης
1455 1182 1536 1226 ἀπὸ
1556 1185 1731 1240 Ναρσοῦ

280 1254 354 1293 τοῦ
386 1252 723 1308 κουβικουλαριόυ
755 1254 821 1293 καὶ
852 1251 1023 1309 ἐξάρχου
1055 1250 1276 1304 Ῥωμαίων.
1346 1249 1628 1306 συμβαλόντος
1651 1251 1728 1307 γὰρ
1742 1255 1784 1290 15

132 1329 165 1364 O
188 1330 254 1365 231
282 1319 408 1361 αὐτοῦ
428 1316 603 1373 πόλεμον
618 1319 720 1372 μετὰ
744 1321 922 1375 Τοτίλα,
960 1319 1082 1376 ῥηγός
1111 1323 1192 1361 τῶν
1220 1322 1261 1360 Γ
1258 1317 1396 1361 ότθων
1404 1351 1417 1372 ,
1455 1319 1559 1361 κατὰ
1584 1318 1732 1375 κράτος

280 1384 448 1440 νικήσας
475 1385 548 1429 τὸν
577 1385 753 1442 πόλεμον
787 1390 854 1429 καὶ
879 1387 1006 1429 αὐτὸν
1043 1386 1293 1442 κατέσφαξε·
1341 1388 1410 1429 καὶ
1446 1387 1641 1444 ἐπέμφθη
1678 1387 1731 1430 τὰ

283 1452 424 1507 ἱμάτια
443 1453 571 1496 αὐτοῦ
588 1452 799 1510 ᾑμαγμένα
821 1457 861 1498 ἐν
883 1452 1324 1498 Κωνσταντινουπόλει.
1632 1455 1633 1458 “

231 1521 261 1556 C
385 1522 504 1576 Μηνὶ
538 1523 697 1581 μαρτίῳ
737 1523 981 1571 ἷνδικτιῶνος
1002 1521 1041 1564 α’
1068 1522 1217 1576 ἐγένετο
1241 1522 1470 1578 διαστροφὴ
1489 1525 1563 1564 τοῦ
1582 1522 1732 1579 κέρμα-

283 1602 374 1638 τος·
410 1590 477 1630 καὶ
496 1589 539 1630 ἔκ
557 1593 637 1631 τῶν
666 1594 836 1644 πτωχῶν
867 1588 1046 1639 στάσεως
1074 1589 1287 1644 γενομένης
1315 1592 1382 1631 καὶ
1409 1588 1602 1645 θορύβου
1633 1590 1789 1645 ἄνη-20

281 1656 412 1711 νέχθη
431 1659 491 1714 τῷ
518 1656 629 1715 αὐτῷ
657 1661 838 1711 βασιλεῖ·
874 1660 941 1700 καὶ
971 1658 1148 1699 ἐκέλευσε
1179 1656 1254 1711 τὴν
1279 1655 1528 1700 κατάστασιν
1553 1661 1626 1700 τοῦ
1644 1658 1735 1716 κέρ-

285 1740 416 1778 ματος
436 1728 636 1780 κρατῆσαι
655 1726 759 1767 κατὰ
780 1725 826 1768 τὸ
847 1725 1014 1782 ἀρχαῖον
1030 1725 1141 1774 ἔθος.

385 1790 454 1834 Ἕν
481 1792 525 1834 δὲ
554 1796 611 1850 τῷ
645 1791 857 1851 αὖγούστῳ
887 1794 984 1847 μηνὶ
1012 1797 1087 1847 τῆς
1115 1791 1305 1849 δευτέρας
1332 1793 1578 1842 ἲνὸικτιῶνος
1612 1793 1736 1848 ἐγένε-

377 1888 410 1923 5.
431 1884 705 1934 Ἀπολλινοιρίου
730 1889 783 1923 Ch
797 1916 807 1933 ‚
827 1886 1075 1933 Ἀπολιναρίου
1092 1890 1160 1924 ΟΧ.
1221 1890 1276 1925 16.
1304 1886 1439 1925 Τότιλα
1460 1889 1528 1925 ΟΧ.
1582 1890 1638 1926 17.
1666 1888 1737 1934 γοῖρ

377 1932 549 1978 νικήσας]
573 1934 676 1980 ,,γάρ
699 1935 905 1970 redundat.“
930 1935 996 1971 Ch.

379 2012 496 2046 Mense
518 2013 733 2058 Septembri,
768 2014 965 2049 Indictionis
988 2026 1057 2056 xv,
1091 2015 1130 2048 S.
1153 2013 1267 2048 Irenes
1290 2012 1449 2058 templum
1480 2012 1524 2047 ad
1547 2013 1739 2049 ulteriorem

289 2056 397 2101 ripam
418 2057 456 2090 in
477 2058 669 2095 Justinianis
688 2059 851 2104 positum,
875 2061 1068 2094 dedicatum
1091 2063 1152 2094 est.
1199 2060 1341 2093 Sanctas
1365 2062 1475 2092 autem
1498 2058 1657 2103 reliquias
1680 2071 1740 2093 ex·

288 2102 487 2146 portabant,
509 2114 630 2146 magna
654 2116 695 2137 ex
718 2105 884 2147 Ecclesia,
908 2105 1131 2140 Patriarchae
1154 2104 1233 2145 duo,
1256 2104 1375 2138 Menas
1391 2103 1740 2150 Constantinopolita-

289 2158 350 2181 nus
373 2151 408 2180 et
431 2147 655 2191 Apollinarius
668 2150 928 2192 Alexandrinum
953 2151 1013 2196 qui
1035 2150 1151 2185 currui
1172 2148 1393 2195 Imperatorio
1411 2149 1558 2192 devecti,
1582 2150 1740 2195 reliquias

290 2191 430 2236 genibus
453 2192 518 2226 suis
541 2195 738 2237 compositas
760 2197 950 2239 gestabant.

323 2281 332 2290 ·
379 2237 510 2272 Eodem
531 2242 683 2282 tempore
706 2244 835 2284 portus,
859 2241 1143 2276 secundianorum
1166 2240 1292 2286 palatio
1315 2239 1463 2282 vicinus,
1493 2240 1589 2284 aquis
1613 2240 1739 2275 exhau-

290 2286 362 2325 stis,
384 2289 585 2327 repurgatus
607 2288 670 2318 est.

383 2327 501 2362 Mense
523 2330 687 2372 Augusto,
717 2329 838 2363 Indict.
861 2341 917 2371 xv,
941 2331 1071 2373 Menas,
1094 2331 1372 2376 Archiepiscopus
1396 2330 1741 2374 constantinopolita-

292 2383 374 2413 nus,
412 2372 499 2406 diem
522 2386 613 2408 suum
637 2373 742 2415 obiit3
778 2375 928 2419 reliquiis
952 2378 1022 2420 ejus
1046 2377 1193 2421 Magnae
1216 2376 1390 2411 Ecclesiae
1408 2377 1509 2418 juxta
1531 2387 1660 2410 sacrum
1684 2376 1740 2409 Al-

293 2422 369 2451 tare
390 2419 564 2465 repositis:
600 2421 693 2465 cujus
712 2419 748 2454 in
769 2420 878 2456 locum
900 2421 1100 2467 Eutychius‚
1131 2422 1283 2456 Amasiae
1306 2420 1558 2466 Apoorisiarius,
1583 2422 1741 2455 suffectus

295 2467 358 2498 est.

384 2508 503 2543 Mense
526 2508 644 2544 eodem
666 2511 793 2546 Narses
816 2510 1067 2553 Cubicularius,
1090 2512 1315 2546 Romanorum
1338 2510 1534 2552 Exarchus,
1565 2511 1610 2544 de
1631 2510 1741 2545 victo-

295 2552 351 2586 ria
373 2565 433 2588 sua.
453 2555 609 2588 nuncium
632 2556 739 2590 Roma
761 2555 866 2590 misit:
909 2557 1037 2600 praelio
1062 2558 1149 2590 enim
1172 2568 1244 2590 cum
1267 2555 1387 2589 Totila
1409 2556 1525 2589 Gotho
1557 2556 1739 2598 commisso,

296 2598 426 2632 Narses
447 2599 599 2644 superior
621 2602 732 2637 factus
754 2613 827 2637 eum
854 2602 1000 2646 occidit,
1041 2607 1218 2647 vestesque
1241 2602 1311 2647 ejus
1335 2605 1525 2637 cruentatas
1547 2601 1740 2636 Constanti-

295 2644 440 2689 uopolim
462 2645 654 2680 transmisit.

386 2689 504 2723 Mense
527 2691 677 2732 Martio,
710 2690 904 2727 Indictionis
925 2703 958 2734 1,
994 2691 1169 2726 commotio
1193 2692 1235 2725 ab
1265 2690 1397 2725 infimae
1419 2691 1519 2726 sortis
1542 2691 1739 2733 hominibus,

298 2733 341 2766 ob
364 2745 527 2769 nummum
550 2736 763 2778 diminutum,
789 2743 905 2773 coorta
928 2741 994 2772 est:
1019 2749 1086 2782 qua
1108 2749 1148 2770 re
1170 2736 1214 2771 ad
1236 2737 1474 2783 Imperatorem
1498 2738 1623 2779 delata,
1646 2748 1739 2771 num-

297 2790 381 2814 mum
405 2781 553 2814 valorem
575 2793 666 2816 suum
689 2782 863 2826 pristinum
885 2784 1039 2818 obtinere
1057 2783 1164 2827 jussit.

388 2824 504 2861 Mense
527 2826 697 2874 Augusto,
719 2828 914 2865 Iudictionis
937 2838 976 2872 11,
997 2832 1113 2865 terrae
1135 2830 1242 2865 motus
1264 2828 1449 2865 horrendus
1472 2826 1604 2870 extitit,
1628 2839 1649 2862 a
1671 2838 1737 2873 quo
