1838 3230
293 209 393 255 338
690 200 982 246 IOANNIS
1011 201 1351 245 MALALAE

291 319 479 373 λοῦστιος
508 321 676 377 πέμψας
704 318 864 375 ἤνεγκεν
897 317 1021 363 αὐτὸν
1052 318 1132 363 ἀπὸ
1165 319 1459 376 Σαλαμβρίας,
1492 320 1564 364 καῒ
1587 317 1670 365 εἶπε
1692 323 1752 380 τῷ

290 395 455 450 στρατῷ
476 389 537 433 ὅτι
561 390 691 438 οὐδεὶς
710 394 817 430 ποιεῖ
829 387 1000 442 βασιλέα
1015 385 1225 443 Ῥωμαίων
1249 386 1304 438 ὥς
1325 383 1457 438 οὗτος.

382 470 446 513 Ἢ
460 462 587 524 μόνον
613 468 657 510 δὲ
678 467 957 521 ἐβασίλευσεν,
989 467 1143 519 εὐθέως
1165 468 1367 520 διεδέξατο
1388 468 1460 512 τὸν
1480 465 1604 510 αὐτὸν
1625 463 1750 524 ἔπαρ-

237 549 270 587 D
289 557 365 595 χον
384 535 660 589 Σαλούστιον,
693 537 760 578 καὶ
786 534 867 579 ὕπὸ
905 533 1047 592 ἔγγῦας
1071 534 1242 592 ποιήσας
1278 537 1401 592 ἔθηκε
1434 533 1628 593 πρόθεμα
1660 533 1748 578 κατ’

291 607 420 650 αὐτοῦ
432 638 445 658 ,
479 606 549 648 ἰ’να
572 604 613 647 εἶ’
627 620 689 654 τις
705 602 885 660 ἠδικήθη
909 621 948 646 τι
967 603 1062 662 παρ’
1088 604 1214 648 αὐτοῦ
1226 638 1238 657 ,
1268 603 1481 661 προσέλθῃ
1499 607 1558 662 τῷ
1576 606 1746 658 βασιλεῖ’.
1759 616 1782 652 5

290 676 357 718 καὶ
377 674 510 722 οὐδεὶς
531 676 744 730 προσῆλθε
766 671 872 715 κατὰ
891 673 1146 716 Σαλουστίου
1162 687 1171 697 ·
1206 669 1258 728 ἦν
1277 674 1354 730 γὰρ
1378 671 1612 729 ἅγνότατος.

386 752 434 796 ‘0
464 753 508 795 δὲ
538 751 661 802 αὐτὸς
685 751 876 806 βασιλεὺς
898 752 1207 802 Βαλεντινιανός
1226 751 1375 796 ἔκτισεν
1393 754 1435 795 ἐν
1457 750 1677 810 Ἀντιοχείᾳ
1695 754 1748 808 τῇ

286 819 441 879 μεγάλῃ
461 818 605 864 πολλά.
664 818 954 877 ἐπεστράτευσε
972 821 1016 863 δὲ
1037 821 1141 863 κατὰ
1159 824 1347 876 Περσῶν,
1368 821 1535 874 πέμψας
1553 819 1624 862 τὸν
1643 819 1748 861 ἴδιον

287 890 414 933 αὐτοῦ
438 889 614 945 ἀδελφὸν
638 886 838 941 Βάλεντα,
876 886 1047 943 ποιήσας
1067 888 1192 931 αὐτὸν
1207 891 1416 944 Καίσαρα,
1435 889 1532 942 μηνὶ
1549 887 1746 944 ἀπριλλίῳ

162 970 195 1004 0
218 971 266 1006 30
288 956 454 1015 πρώτῃ·
506 958 572 999 καὶ
607 956 680 999 οὐκ
708 956 953 1012 ἐπολέμησεν
985 954 1006 999 ὅ
1042 957 1165 1006 αὐτὸς
1192 955 1356 1012 Βάλης,
1399 955 1505 998 ἀλλιὶ
1535 953 1746 998 κατελθών
1757 969 1801 1003 10

287 1027 472 1081 ἐποίησεν
501 1022 660 1081 εἰρήνης
686 1022 843 1068 πάκτα·
880 1023 956 1079 εἶχε
983 1024 1061 1081 γὰρ
1089 1029 1225 1067 πᾶσαν
1245 1024 1429 1076 ἐξουσίαν
1451 1025 1508 1073 εἷς
1525 1020 1744 1080 πρόσωπον

287 1098 363 1137 τοῦ
396 1094 501 1136 mov
532 1093 736 1149 ἀδελφοῦ·
784 1090 1071 1136 κατελθόντων
1105 1096 1282 1150 Περσῶν
1310 1094 1377 1137 καὶ
1403 1089 1658 1148 αἲτησάντων
1686 1091 1745 1133 εἲ-

286 1159 422 1219 ρήνην.

164 1247 196 1281 V
220 1247 264 1283 13
388 1236 608 1294 Γενόμενος
628 1235 699 1283 οὖν
722 1237 743 1283 ὃ
766 1239 891 1290 αὐτὸς
906 1237 1050 1295 Βάλης
1067 1240 1109 1283 ἓν
1129 1239 1349 1299 Ἀντιοχείᾳ
1377 1242 1450 1294 τῆς
1469 1237 1623 1295 Συρίας
1639 1237 1743 1292 μετὰ

284 1312 359 1352 τοῦ
379 1305 568 1363 πλήθους
594 1312 668 1362 τῆς
695 1313 986 1365 στρατιωτικῆς
1007 1306 1215 1362 δυνάμεως
1235 1309 1332 1363 μηνὶ
1354 1307 1555 1364 νοεμβρίῳ
1576 1303 1738 1363 δεκάτῃ,
1753 1316 1796 1352 15

284 1378 499 1420 ἲνὸικτιῶνι
532 1373 599 1428 ιδ’,
620 1376 817 1432 ’διέσυρεν
844 1377 926 1418 ἐκεῖ
943 1377 1069 1419 ἕνεκεν
1090 1380 1162 1418 τοῦ
1184 1380 1350 1431 ποιῆσαι
1367 1374 1472 1429 μετὰ
1493 1377 1669 1430 Περσῶν
1689 1373 1741 1417 τὰ

282 1442 419 1487 πάκτα
437 1447 511 1499 τῆς
531 1441 710 1500 εἲρήνης·
735 1445 801 1486 καὶ
818 1444 977 1499 ἐποίησε
997 1443 1048 1486 τὰ
1065 1441 1199 1486 πάκτα
1217 1444 1279 1485 ἐπὶ
1298 1442 1368 1497 ἔτη
1388 1439 1502 1494 ἑπτά,
1524 1446 1606 1484 τῶν
1626 1445 1741 1497 Περ-

285 1516 369 1555 σῶν
398 1509 652 1567 αἰτησάντων
683 1509 843 1569 εἲρήνην
863 1513 929 1554 καὶ
949 1509 1335 1568 παραχωρησάντων
1356 1509 1403 1552 τὸ
1421 1508 1546 1565 ἥμισυ
1565 1513 1639 1552 τοῦ
1659 1511 1739 1551 Νι-

283 1582 444 1633 ζτιζθιος.
517 1580 584 1622 καὶ
604 1578 753 1623 ἔκτισεν
776 1581 819 1622 ἓν
840 1583 890 1637 τῇ
913 1579 1016 1636 αὐτῇ
1036 1578 1267 1634 Ἀντιοχέων
1291 1576 1416 1629 πόλει,
1453 1578 1646 1633 τερφθεὶς
1665 1581 1741 1632 τῆς

282 1648 531 1697 τοποθεσίας
561 1649 627 1689 καὶ
656 1652 737 1690 τῶν
764 1647 894 1703 ἀέρων
914 1649 979 1690 καὶ
1003 1651 1084 1690 τῶν
1105 1645 1290 1698 ὑδάτων,
1321 1649 1483 1702 πρῶτον
1503 1646 1573 1687 τὸν
1590 1642 1734 1702 φόρον,
1746 1656 1795 1690 20

283 1714 576 1770 ἐπιβαλόμενος
598 1715 699 1771 μέγα
733 1716 907 1770 κτίσμα,
946 1713 1073 1765 λύσας
1092 1714 1165 1770 τὴν
1185 1713 1399 1768 βασιλικὴν
1426 1712 1500 1767 τὴν
1525 1712 1737 1768 λεγομένην

282 1781 424 1842 πρῴην
448 1783 495 1826 τό
518 1782 768 1840 Καισάρων,
802 1783 877 1838 τὴν
901 1778 1027 1826 οὖσαν
1053 1784 1223 1838 πλησίον
1243 1786 1317 1824 τοῦ
1337 1779 1556 1837 ὧρολογίου
1575 1781 1642 1822 καὶ
1662 1784 1736 1822 τοῦ

281 1852 525 1906 Κομμοὸίου
551 1852 748 1906 δημοσίου
756 1883 771 1905 ,
807 1855 882 1894 τοῦ
909 1853 998 1894 νυνὶ
1024 1850 1141 1900 ὄντος
1162 1850 1410 1908 πραιτωρίου
1432 1846 1629 1891 ὑπατικοῦ
1649 1852 1735 1892 Συ-

280 2003 504 2047 Praefectus,
528 2004 782 2050 exercitumque
803 2004 965 2039 concione
986 2004 1105 2039 habita
1126 2003 1278 2046 monuit,
1304 2001 1467 2038 neminem
1489 1999 1533 2036 ad
1555 1999 1733 2047 imperium

280 2050 464 2084 Romanum
487 2061 595 2094 aeque
616 2049 770 2084 idoneum
793 2063 864 2085 esse
886 2062 927 2084 ac
949 2051 1048 2085 hunc.

373 2104 440 2139 Hic
462 2117 544 2139 vero
569 2107 809 2152 quamprimum
843 2118 989 2152 regnare
1013 2105 1147 2152 coepit,
1183 2105 1366 2140 Salustium
1387 2104 1610 2140 Praefectura
1633 2101 1732 2137 abdi-

281 2149 392 2192 cavit,
416 2153 453 2184 et
474 2150 640 2195 stipulatis
662 2152 719 2196 qui
742 2164 804 2197 pro
829 2164 870 2187 eo
894 2152 1139 2207 responderent
1159 2151 1426 2193 fideiussoribus,
1455 2148 1589 2195 publico
1605 2152 1732 2192 *contra

281 2207 356 2230 eum
379 2195 506 2230 Edicto
531 2195 757 2239 denunciavit,
781 2197 831 2232 uti
854 2199 883 2232 si
906 2210 982 2244 quis
1006 2199 1049 2232 ab
1073 2209 1114 2232 eo
1137 2197 1245 2231 laesus
1267 2197 1398 2238 fuisset,
1423 2196 1467 2230 ad
1489 2195 1730 2239 Imperatorem

280 2240 473 2275 accederet.
518 2241 627 2275 Nemo
652 2246 765 2276 autem
789 2246 909 2278 contra
932 2243 1114 2278 Salustium
1135 2242 1282 2289 prodiit:
1323 2245 1400 2276 erat
1421 2240 1508 2275 enim
1530 2238 1583 2274 vir
1606 2249 1730 2272 summa

279 2286 490 2331 integritate.

371 2341 623 2385 Valentinianus
645 2341 832 2387 Imperator
854 2345 998 2389 plurima
1022 2343 1223 2379 Antiochiae
1246 2340 1406 2376 condidit.
1453 2339 1584 2374 Contra
1606 2340 1729 2374 Persas

279 2398 415 2432 quoque
438 2399 531 2422 arma
553 2387 668 2429 movit,
690 2387 787 2422 misso
810 2389 955 2424 Valente
978 2391 1087 2424 fratre
1109 2400 1191 2429 suo3
1215 2399 1312 2433 quem
1336 2387 1515 2420 Caesarem
1538 2389 1728 2427 creaverat,

279 2433 405 2477 Aprilis
429 2444 452 2466 1.
502 2433 581 2467 Non
605 2437 717 2467 tamen
739 2433 783 2467 ad
805 2435 937 2478 praelia
961 2436 1140 2470 deventum
1167 2437 1236 2467 est:
1274 2432 1397 2465 Valens
1420 2430 1506 2464 enim
1528 2430 1729 2476 pacis.con-

279 2477 423 2512 ditiones
443 2477 519 2512 iniit
542 2489 615 2512 cum
638 2477 708 2520 eis3
748 2475 880 2513 hoc'ab
905 2491 944 2513 eo
968 2480 1080 2514 Persis
1110 2477 1360 2523 flagitantibus:
1398 2479 1520 2522 utpote
1543 2486 1642 2521 quem
1665 2487 1728 2521 pe-

277 2534 356 2565 nes,
382 2523 498 2557 fratris
520 2524 581 2557 sub
605 2534 768 2568 persona,
790 2534 915 2558 summa
937 2536 1049 2559 rerum
1071 2528 1158 2559 esset
1180 2527 1338 2569 potestas.

367 2578 492 2614 Valens
514 2585 625 2615 autem
647 2591 719 2615 cnm
744 2579 892 2614 exercitu
914 2593 988 2623 suo,
1011 2579 1212 2615 Novembris
1234 2590 1268 2620 x,
1295 2577 1485 2613 Indictione
1507 2588 1580 2619 xlv,
1605 2575 1726 2611 Antio—

277 2624 388 2659 chiam
411 2625 535 2668 Syriae
557 2625 714 2668 veniens,
753 2625 801 2660 ibi
824 2625 868 2659 de
890 2637 976 2670 pace
1000 2637 1072 2660 cum
1096 2624 1206 2659 Persis
1230 2623 1354 2667 agendi
1378 2634 1478 2658 causa
1503 2626 1723 2656 commoratus

275 2674 338 2703 est.
386 2670 542 2704 Foedera
566 2676 679 2705 autem
702 2670 849 2706 firmavit
875 2670 912 2705 in
933 2670 1170 2716 septennium,
1211 2668 1322 2703 Persis
1345 2668 1378 2703 ei
1401 2668 1571 2702 dimidiam
1594 2665 1723 2702 Nisibis

274 2717 408 2759 partem
439 2715 668 2750 reddentibus.
723 2715 846 2750 Valens
870 2719 982 2750 autem
1005 2715 1070 2750 situ
1101 2714 1192 2749 urbis
1217 2713 1467 2756 Antiochenae‚
1503 2718 1572 2748 tum
1595 2712 1639 2747 ob
1662 2713 1721 2744 ae-

273 2763 361 2801 rem,
394 2764 463 2794 tum
486 2762 530 2795 ob
554 2773 657 2806 aquas
681 2760 902 2796 amoenissimo
927 2761 1134 2801 delectatus,
1165 2760 1292 2794 Forum
1313 2759 1380 2801 ibi,
1406 2770 1488 2803 opus
1509 2757 1720 2801 magnificum

273 2805 442 2847 extruxit3
478 2805 658 2848 dissoluta,
692 2818 798 2851 usque
825 2806 868 2840 ad
891 2806 1095 2847 Plethrium‚
1119 2805 1283 2846 Basilica,
1315 2816 1405 2849 quae
1427 2802 1619 2842 Caesarium
1641 2800 1720 2854 olim

271 2854 412 2892 vocata,
443 2851 543 2895 juxta
565 2851 783 2897 Horologium
806 2851 871 2888 sita
894 2855 971 2887 erat
993 2856 1029 2887 et
1050 2850 1224 2886 Commodi
1246 2850 1427 2892 Balneum,
1463 2847 1555 2895 quod
1576 2857 1663 2882 nunc
1683 2856 1719 2880 m
