1838 3230
266 195 368 243 318
669 190 961 236 IOANNIS
989 192 1328 237 MALALAE

267 326 336 361 νος
353 310 544 366 βασιλεὺς
570 311 637 354 καὶ
657 309 731 366 τὴν
750 310 1044 368 Εὐφρατησίαν
1067 313 1252 368 ἐποίησεν
1282 312 1500 370 ἒπαρχίαν,
1538 312 1620 371 ἀπὸ
1641 319 1726 360 Συ-

213 381 247 417 Ῑ)
272 381 361 437 ριάς
387 381 454 422 καὶ
469 380 696 435 Ὀσροηνῆς
720 381 888 436 μερίσας
907 381 972 423 καὶ
991 381 1088 431 δοὺς
1115 382 1270 424 δίκαιον
1288 381 1576 438 μητροπόλεως
1596 384 1638 426 ἓν
1653 381 1729 426 Ἱε-

268 446 448 504 ραπόλει.
520 449 587 490 καὶ
616 445 881 504 ὖποστρὲψας
908 444 1035 504 ἦλθεν
1062 450 1104 492 ἓν
1120 449 1342 509 Ἀντιοχείᾳ
1368 455 1419 508 τῇ
1446 449 1624 509 μεγάλῃ·
1659 452 1728 494 καὶ

267 515 418 559 ἔκτισεν
438 517 519 558 ἐκεῖ
531 515 604 570 τὴν
620 514 798 571 μεγάλην
816 517 1042 573 ἐκκλησίαν,
1061 518 1248 574 με’γιστον
1262 520 1424 572 κτίσμα,
1446 517 1575 569 λύσας
1594 518 1640 562 τὸ
1660 523 1728 562 λε-

264 583 433 640 γόμενον
449 585 654 626 Φιλίππου
672 584 872 639 βασιλέως
891 584 1087 641 δημόσιον
1099 600 1109 612 ·
1130 584 1303 643 λουτρὸν
1319 587 1396 643 γὰρ
1415 587 1589 631 παλαιὸν
1600 582 1650 643 ἦν
1661 589 1760 632 καὶὸ

171 661 203 695 V
225 659 249 697 4
272 657 329 710 τῷ
343 651 479 710 χρόνῳ
500 653 663 709 φθαρὲν
685 654 750 694 καὶ
771 653 829 708 μὴ
849 657 981 696 λοῦον.
1053 653 1180 697 ἔκτισε
1205 656 1249 697 δὲ
1276 657 1342 698 καὶ
1362 658 1511 706 ξενῶνα
1534 655 1727 711 πλησίον·

270 719 420 775 ὁμοίως
442 721 485 763 δὲ
504 719 630 763 ἔκτισε
651 722 716 763 καὶ
736 721 811 776 τὴν
834 721 1048 778 λεγομένην
1066 720 1278 779 Ῥουφίνου
1308 721 1545 779 βασιλικήν·
1579 719 1631 780 ἦν
1649 723 1728 780 γὰρ

268 793 392 831 τοῦτο
414 788 520 846 ἱερὸν
548 794 622 831 τοῦ
637 787 787 846 Ἑρμοῦ
814 792 879 832 καὶ
900 790 1037 833 ἔλυσεν
1065 791 1165 834 αὐτὸ
1181 789 1391 848 Ῥουφῖνος
1410 789 1430 834 ὅ
1450 791 1627 849 ἔπαρχος
1645 795 1728 835 τῶν

269 857 386 914 ἱερῶν
418 858 687 913 πραιτωρίων.
757 857 950 901 ἀπελθών
973 859 1017 900 δὲ
1035 859 1138 913 μετὰ
1160 863 1234 902 τοῦ
1250 860 1451 914 βασιλέως
1467 861 1510 903 ἐν
1528 864 1587 919 τῷ
1606 859 1728 903 πολί-

267 943 334 983 μῳ
356 924 574 981 ἐκελεύσθη
594 924 661 968 ὕπ’
682 925 809 969 αὐτοῦ
832 933 1053 984 περιμεῖναι
1072 928 1112 969 ἐν
1133 927 1352 988 Ἀντιοχείᾳ
1373 932 1423 985 τῇ
1444 926 1598 986 μεγάλῃ
1611 941 1622 952 ·
1658 929 1723 970 καὶ
1737 938 1782 971 10

269 991 476 1049 ἐπλήρωσε
499 993 573 1049 τὴν
602 993 730 1050 αὐτὴν
755 993 992 1050 βασιλικήν,
1031 996 1346 1051 ἔπανερχομὲνου
1367 1001 1440 1039 τοῦ
1458 997 1586 1039 αὐτοῦ
1604 1000 1728 1048 βασι-

270 1061 370 1111 λέως
389 1063 450 1104 ἐπὶ
465 1060 636 1117 Ῥώμην.
689 1065 731 1106 ἓν
751 1067 809 1121 τῷ
829 1064 874 1106 δὲ
889 1064 1045 1117 μέλλειν
1066 1064 1300 1119 ἕξέρχεσθαι
1322 1064 1392 1107 τὸν
1411 1064 1583 1116 βασιλέα
1603 1067 1727 1107 Κων-

270 1137 480 1172 σταντῖνον
503 1130 583 1172 ἀπὸ
607 1135 680 1185 τῆς
700 1130 825 1187 αὐτῆς
844 1131 1106 1187 Ἀντιοχείας,
1145 1134 1305 1188 ἐποίησε
1326 1137 1487 1189 πρῶτος
1507 1131 1630 1182 αὐτὸς
1650 1130 1727 1189 δίρ-

267 1214 395 1252 χοντα
415 1198 656 1252 Ἀντιοχείας
683 1204 756 1254 τῆς
781 1202 936 1256 Συρίας
960 1198 1234 1257 Πλούταρχον
1271 1199 1440 1254 ὀνόματι
1468 1197 1725 1257 χριστιανόν·

270 1264 381 1316 ὅστις
412 1268 477 1309 καὶ
510 1269 565 1316 εἷς
594 1267 641 1309 τὸ
663 1268 812 1321 κτίσμα
832 1273 904 1323 τῆς
926 1270 1136 1323 ἐκκλησίας
1158 1271 1224 1312 καὶ
1247 1273 1323 1324 τῆς
1339 1272 1553 1324 βασιλικῆς
1571 1266 1724 1311 ἓκελεύ-
1740 1277 1782 1312 15

268 1338 356 1389 σθη
377 1335 663 1390 ἕργοὸιωκτεΐν.
735 1334 755 1378 ὅ
777 1336 820 1378 δὲ
840 1336 964 1386 αὐτὸς
980 1335 1254 1393 Πλούταρχος
1273 1338 1314 1379 ἓν
1336 1341 1394 1395 τῷ
1412 1339 1553 1389 κτίζειν
1573 1336 1643 1380 τὸν
1663 1339 1728 1387 ’ξε-

216 1407 247 1442 Β
271 1406 382 1445 νῶνα
403 1401 582 1458 εὑρηκὼς
603 1403 651 1446 τὸ
668 1402 959 1460 χαλκούργημα
983 1409 1057 1446 τοῦ
1075 1407 1336 1455 Ποσειδῶνος
1358 1404 1405 1448 τὸ
1428 1403 1555 1454 ἑστὼς
1573 1408 1728 1447 τετελε-

163 1476 197 1529 0
221 1473 245 1511 4
268 1470 415 1525 σμένον
438 1471 564 1513 ἕνεκεν
582 1476 655 1514 τοῦ
673 1472 731 1527 μὴ
750 1470 916 1527 πάσχειν
935 1472 1142 1527 σειομένην
1161 1473 1236 1528 τὴν
1255 1470 1394 1525 πόλιν,
1432 1470 1586 1529 ἐπάρας
1602 1477 1725 1514 τοῦτο

267 1537 460 1594 ἐχώνευσε
493 1540 559 1581 καὶ
588 1540 773 1595 ἐποίησεν
802 1540 902 1582 αὐτὸ
930 1538 1083 1596 στήλην
1111 1545 1170 1599 τῷ
1201 1540 1312 1599 αὐτῷ
1341 1541 1641 1598 Κωνσταντίνῳ
1667 1543 1726 1599 τῷ

267 1612 446 1661 βασιλεῖ,
485 1604 639 1662 στήσας
658 1608 786 1663 αὐτὴν
806 1608 882 1659 ἔξω
899 1613 973 1651 τοῦ
995 1611 1242 1666 πραιτωρίου
1263 1607 1390 1652 αὖτοῦ
1400 1642 1414 1662 ,
1439 1607 1605 1664 γράψας
1621 1606 1782 1651 {mo-20

268 1673 379 1718 κάτω
406 1675 534 1730 αὐτῆς
542 1708 555 1729 ,
602 1674 723 1720 Βόνω
749 1678 1060 1720 Κωνσταντίνω.
1128 1675 1219 1733 ἥτις
1251 1675 1380 1733 στήλη
1401 1681 1534 1732 χαλκῆ
1560 1678 1728 1719 ἵσταται

269 1743 344 1793 ἕως
365 1747 437 1798 τῆς
457 1748 543 1786 νῦν.

368 1809 633 1869 Προηγάγετο
667 1813 712 1856 δὲ
741 1811 762 1857 ὅ
791 1812 913 1864 αὐτὸς
938 1812 1129 1868 βασιλεὺς
1156 1813 1199 1856 ἒν
1226 1817 1277 1871 τῇ
1308 1811 1413 1870 αὐτῇ
1439 1809 1593 1871 μεγάλῃ
1613 1809 1727 1855 πόλει

360 1954 394 1990 2.
416 1949 628 2000 Ὀσροηνῆς]
649 1951 840 2002 Ὀσροϊνῆς
863 1956 931 1994 Ox.
1020 1957 1078 1993 21.
1102 1955 1209 2004 Βόνφ
1232 1955 1497 2004 Κωνσταντίνφ
1519 1955 1589 1990 Ox.

271 2076 442 2112 Osdroina
464 2078 660 2123 sejungens,
682 2080 895 2116 Provinciam
917 2082 1019 2124 fecit3
1043 2083 1121 2127 jure
1144 2081 1246 2117 etiam
1268 2079 1525 2126 Metropolitico
1547 2079 1725 2125 Hierapoli

271 2135 440 2158 concesso.
487 2125 526 2157 In
548 2124 661 2158 reditu
684 2137 766 2160 vero
790 2128 1002 2163 Antiochiam
1025 2129 1182 2170 veniens,
1216 2126 1403 2162 Ecclesiam
1426 2126 1607 2170 Magnam,
1641 2136 1725 2170 opus

270 2170 372 2214 plane
396 2169 619 2213 magnificum,
643 2171 766 2205 ibidem
790 2173 952 2215 condidit,
992 2173 1148 2208 dissoluto
1174 2172 1323 2218 Philippi
1345 2172 1436 2216 regis
1457 2171 1584 2204 Balneo
1607 2169 1726 2204 Publi-

271 2226 330 2248 co:
366 2214 478 2259 quod,
510 2219 741 2260 pervetustum
765 2229 837 2252 cum
862 2228 948 2253 esset
970 2224 1006 2253 et
1028 2223 1184 2264 tempore
1207 2219 1408 2263 collapsum,
1446 2215 1563 2249 inutile
1587 2226 1726 2261 prorsus

270 2260 349 2294 fuit.
409 2260 526 2305 Prope
547 2260 733 2295 Ecclesiam
756 2274 891 2309 quoque
914 2265 1104 2310 Hospitium
1137 2263 1305 2299 extruxit:
1342 2261 1456 2296 Rufini
1478 2261 1580 2295 etiam
1602 2261 1725 2294 Basili-

271 2316 344 2339 cam
368 2305 529 2339 condidit.
576 2306 704 2340 Fuerat
727 2308 812 2342 haec
836 2310 915 2344 olim
938 2310 1101 2345 Mercurii
1124 2311 1260 2350 fanum;
1284 2307 1374 2353 qnod
1397 2305 1555 2347 Rufinus,
1579 2306 1726 2340 Praeto-

270 2350 395 2384 riorum
423 2362 593 2385 sacrorum
626 2351 844 2396 Praefectus,
880 2356 1055 2390 demolitus
1083 2357 1218 2395 fuerat3
1260 2354 1377 2387 eodem
1397 2352 1434 2385 in
1464 2351 1540 2384 loco
1562 2351 1726 2386 inchoata

271 2401 352 2430 ante
374 2395 495 2430 bellum
519 2396 683 2438 Basilica;
715 2410 814 2442 quam
838 2406 966 2444 postea,
992 2412 1012 2435 a
1036 2401 1123 2435 bello
1146 2400 1266 2440 redux,
1287 2396 1504 2442 Imperatoris
1522 2396 1627 2440 jussu,
1651 2397 1725 2431 ΚΟ·

270 2452 356 2475 mam
379 2442 583 2486 repetentis,
620 2442 818 2478 Antiochiae
839 2446 997 2487 relictus,
1035 2446 1079 2480 ad
1102 2446 1228 2480 exitum
1258 2443 1427 2490 perduxit.
1482 2442 1724 2476 Constantinus

271 2492 385 2520 autem
408 2488 599 2532 lmperator
622 2489 665 2522 ab
689 2489 869 2523 Antiochia
893 2491 1085 2534 discedens,
1108 2491 1232 2535 Syriae
1254 2489 1472 2523 Praefectum
1497 2487 1724 2522 Christianum

269 2531 398 2576 primus
424 2533 617 2574 constituit,
652 2533 868 2568 Plutarchum
890 2536 1039 2570 nomine:
1076 2539 1170 2581 cujus
1193 2534 1295 2569 etiam
1319 2545 1418 2575 cura,
1452 2533 1488 2567 in
1511 2533 1665 2567 Ecclesia
1689 2537 1725 2566 et

271 2577 437 2619 Basilica,
475 2578 690 2621 extruendis,
727 2591 802 2614 usus
825 2585 888 2614 est.
946 2581 1144 2615 Plutarchus
1167 2591 1250 2615 vero
1273 2579 1358 2621 iste,
1399 2580 1492 2613 inter
1514 2578 1723 2613 condendum

270 2622 472 2666 Hospitium,
496 2628 634 2669 reperta
655 2624 778 2659 ibidem
801 2625 953 2671 Neptuni
975 2631 1089 2661 statua
1113 2637 1225 2667 aerea,
1256 2625 1481 2659 Telesmatice
1503 2628 1722 2669 praeparata,

271 2667 430 2702 adversus
446 2674 562 2704 terrae
584 2674 709 2712 motus,
732 2682 776 2705 ne
798 2671 957 2717 deinceps
980 2672 1022 2705 ab
1046 2671 1095 2705 his
1117 2673 1196 2706 urbs
1218 2675 1416 2716 pateretur;
1439 2681 1512 2704 eam
1535 2674 1726 2703 extractam

270 2712 350 2747 inde
372 2714 540 2756 refundit,
564 2720 775 2762 statuamque
798 2728 840 2751 ex
863 2728 904 2751 ea
926 2717 1095 2758 effictam,
1123 2716 1344 2752 Constantino
1369 2715 1573 2761 Imperatori
1595 2712 1720 2749 erexit=

209 2769 212 2773 ²
271 2768 370 2800 quam
402 2765 439 2800 et
472 2765 569 2794 extra
592 2761 804 2796 Praetorium
835 2773 927 2796 suum
950 2763 1132 2804 excitavit,
1166 2774 1239 2796 cum
1264 2763 1327 2795 hac
1349 2760 1594 2807 Inscriptioue,
1625 2760 1722 2793 Bono

273 2803 506 2839 Constantino.
557 2806 655 2846 Quae
678 2807 813 2853 quidem
835 2813 947 2842 statua
968 2808 1018 2842 ibi
1041 2819 1148 2853 usque
1171 2808 1281 2841 adhuc
1303 2807 1436 2841 visitur.

360 2849 452 2884 Idem
484 2851 672 2897 Imperator
696 2853 898 2889 Antiochiae
920 2853 1069 2900 Magnae
1099 2853 1223 2900 primus
1247 2852 1411 2888 Comitem
1442 2849 1615 2891 Orientis,
1660 2847 1721 2894 qui
