1838 3230
590 153 1065 200 ANNOTATIONES.·
1470 163 1570 210 617

114 271 233 340 dum,
259 270 345 313 sive
371 272 693 322 Primiceratum,
733 271 871 312 ordine
907 271 1214 312 ascendebatur:
1252 278 1370 324 atque
1395 272 1495 324 hoc,
1516 269 1570 316 Χτὸ

77 349 89 359 2
113 324 309 381 πλήρωμα
325 331 396 382 τῆς
415 330 628 381 στρατείας,
654 336 772 367 vocat
793 329 944 368 Auctor
964 336 1108 368 noster.
1150 329 1250 368 Vide
1267 329 1383 380 infra,
1413 331 1481 369 lib.
1502 331 1568 374 15.

113 384 158 425 in
183 386 360 425 Zenone:
399 385 483 427 Καὶ
509 400 636 427 ταυτα
659 381 882 434 ακούσαςο
873 383 1098 439 ’βασιλεὺς
1126 382 1291 453 Ζήνων,
1323 386 1483 439 συνέσχε
1497 385 1571 428 τᾶν

112 441 321 512 πατρίκιον
339 439 551 497 Πελάγων,
578 440 649 482 τὸν
667 438 749 482 ἄπο
770 444 1065 510 Σιλεντιαρίων,
1089 439 1363 496 πληρώσαντα,
1395 440 1571 514 (subau-

113 495 169 548 di,
188 494 265 551 την
285 499 489 563 στρατείαν
513 494 665 550 αὐτου)
684 497 752 538 καὶ
771 494 938 539 ἐλθόντα
956 499 1013 546 εἰς
1030 497 1104 551 τὴν
1123 515 1192 540 του
1210 501 1416 566 πατρικίου
1437 497 1569 550 (ἰξίαν,

113 559 188 593 ete.
246 553 332 593 Lib.
367 554 484 594 etiam
517 557 581 598 18.
610 554 653 592 in
679 555 916 594 Justiniano:
951 555 1073 596 Εἰδοὶ
1096 554 1138 596 δὲ
1160 552 1441 608 ὀνομάζονται,
1471 553 1570 598 διότι

111 605 268 659 πάντας
283 625 378 660 τους
395 607 693 666 προκόπτοντας
713 610 756 651 ἐν
775 616 861 660 ταῖς
880 612 1097 666 στρατείαις
1127 611 1151 653 ὁ
1167 609 1351 664 βασιλευς
1373 613 1570 681 Ρωμαίων

111 665 158 707 ἐν
150 661 494 736 ἄριστοὸείπνοις
499 667 635 722 τρέφει
657 667 699 708 ἕν
715 671 770 722 τῷ
785 664 912 708 αυτοῦ
926 669 1113 722 παλατίῳ,
1143 665 1395 721 χαριζόμενος
1418 666 1570 725 ἑκάστῳ

111 738 161 762 τα
177 724 250 763 τοῦ
274 720 578 789 πριμικηρᾶτου.
635 724 858 763 Dorotheus
878 725 1017 774 etiam,
1044 726 1316 766 Doctr.XX111.
1347 729 1410 766 Εν
1428 728 1483 781 τῷ
1496 742 1570 766 πα-

115 779 236 834 λατίω
259 778 337 820 εἶσὶ
352 777 516 836 μεγάλαι
544 779 613 821 καὶ
635 780 809 848 λαμπραι
833 780 1030 850 στρατιαὶ,
1058 778 1223 823 υπόθου
1241 779 1315 833 τὴν
1337 768 1571 835 σύγκλητον,

110 849 208 884 τους
225 837 471 888 πατρικίους,
501 851 596 885 τους
614 833 888 905 στρατηλάτας,
920 853 1013 885 τους
1032 834 1240 891 ἐπάρχους,
1271 854 1364 887 τους
1383 842 1570 880 σιλεντια-

111 890 245 946 ρίους·
277 892 354 934 εἰσὶ
369 890 444 947 γὰρ
466 908 581 933 αυται
603 890 814 951 πολύτιμοι
833 894 1020 961 στρατιαί.

227 950 319 1001 Pog-
349 951 543 992 361.19
602 951 655 1002 ἠν
687 966 763 1003 γαρ
794 945 1104 1004 καθαριώτατος.
1115 949 1132 1002 ]
1171 949 1263 989 C.hr
1291 950 1403 989 Alex.
1434 949 1568 998 habet,

41 1024 44 1027 ·
111 998 215 1044 διότι
230 1002 412 1058 καθαρος
427 999 482 1058 ἦν
500 1002 630 1046 πάνυ·
671 1006 816 1045 Verum
838 1007 886 1045 ab
908 1008 1083 1046 Auctore
1109 1013 1246 1046 nostro
1265 1007 1537 1059 longiuscule'
1526 1021 1567 1045 m

109 1058 186 1098 hac
202 1061 429 1100 narratione
445 1061 490 1100 in
513 1062 599 1100 aliis
624 1063 740 1101 etiam
762 1063 936 1102 discedit.

309 1120 447 1160 ..361
475 1121 544 1161 21.
584 1134 708 1160 αυτον
734 1118 798 1161 ε’πὶ
824 1116 944 1161 τόπον
974 1116 1191 1174 Αύγουστε.
1202 1122 1216 1168 ]
1255 1119 1334 1158 Ista
1360 1118 1568 1170 vocabula,

110 1171 223 1211 uncis
243 1173 412 1220 inclusa,
444 1175 601 1213 omnino
624 1176 861 1215 redundant.

219 1231 448 1283 Pag.362.
481 1234 517 1272 1.
548 1227 757 1284 ἐχόλεσεν.]
801 1234 882 1273 Ser.
914 1229 1108 1285 ἕχόλησεν.

211 1287 314 1339 Pssg·
341 1289 434 1330 362-
465 1290 503 1329 6.
546 1286 762 1336 ἐπίσκοπος
788 1304 1003 1342 γεναμενος
1033 1289 1090 1336 εἰς
1109 1285 1152 1329 τὸ
1181 1282 1391 1341 λεγόμενον
1408 1284 1568 1329 Κοτυα-

110 1342 216 1393 ειον]
248 1343 332 1382 Ser.
360 1337 583 1396 γενόμενος.
640 1345 720 1383 Alii
747 1358 843 1383 vero
878 1345 1024 1398 Cyrum
1048 1344 1179 1394 hunc,
1209 1358 1289 1383 non
1317 1345 1568 1396 Cotyaeensi-

107 1397 206 1448 bus,
233 1398 304 1437 sed
329 1399 424 1451 Sin)
424 1400 630 1439 mensibus
654 1401 896 1455 Episcopum
920 1401 1055 1441 datum
1085 1401 1240 1440 volunt.
1299 1401 1399 1441 Vide
1426 1403 1568 1439 Zonar.

111 1429 273 1493 Cedien.
295 1462 335 1494 et
353 1455 499 1496 Chr-on.
522 1456 635 1496 Alex.

221 1513 318 1564 Pag·
348 1515 443 1555 862
471 1515 510 1554 7.
557 1512 601 1554 τὸ
620 1512 663 1553 δὲ
683 1511 908 1555 Κοτυαειον
927 1511 1043 1562 πόλις
1065 1512 1145 1554 ἐστὶ
1164 1515 1235 1565 τῆς
1254 1513 1430 1578 Φρυγίας
1451 1512 1567 1566 ἔπαρ-

109 1565 197 1620 χίας
225 1570 507 1621 Σαλουταρίας.
518 1572 531 1617 ]
564 1568 1093 1619 Kanvefietov‚u1bsl1aec
1117 1569 1354 1607 Eustathio
1342 1584 1383 1607 ιιι
1401 1568 1565 1622 Dionys.

107 1621 302 1673 Perieget.
325 1623 431 1662 dicta
452 1630 529 1666 est.
575 1628 645 1676 qui
667 1627 780 1665 etiam
802 1627 993 1678 Phrygiae
1019 1625 1185 1674 tertiae,
1212 1622 1465 1678 Επικτήτου,
1493 1639 1570 1664 vo-

111 1683 222 1717 eatae
251 1691 335 1717 eam
369 1680 478 1718 facit.
534 1680 705 1733 Phrygia
729 1683 829 1721 enim
862 1683 1043 1734 Antiquis
1071 1682 1220 1734 triplex
1250 1688 1353 1732 eratr,
1397 1681 1569 1733 Phrygia
1619 1707 1622 1713 ι

109 1734 256 1787 Major,
285 1736 356 1774 ubi
374 1736 496 1774 Midas
525 1739 726 1788 regnavit,
756 1738 927 1790 Phrygia
950 1739 1097 1788 Minor,
1097 1713 1383 1805 Hellesponto
1413 1745 1569 1776 conter-

110 1791 236 1842 miua3
266 1791 334 1832 καὶ
352 1792 494 1862 τρίτη,
502 1809 529 1844 η
551 1793 739 1847 λεγομένη
761 1796 996 1866 Erulum-cog,
1025 1794 1108 1835 ἕν“
1085 1789 1113 1849 ᾗ
1128 1810 1171 1834 το
1193 1790 1469 1845 Καττυεύειον,
1500 1794 1568 1834 καὶ

110 1863 155 1887 το
182 1845 428 1901 Δορύλαιον,
460 1864 514 1896 ως
542 1848 563 1890 ὁ
590 1849 822 1904 γεωγρᾶφος
846 1851 1005 1905 ἴστορεῖ.
1063 1838 1284 1903 Stephanus
1311 1857 1466 1900 tamen,
1498 1851 1566 1902 qui

113 1904 231 1942 etiam
255 1918 306 1943 ex
324 1904 516 1944 Strabone
534 1906 646 1945 urbis
668 1907 784 1974 hujus
806 1921 951 1947 nomen
971 1907 1148 1960 profert,
1188 1903 1410 1948 Κοτυαειον
1427 1913 1566 1945 vtocat

112 1955 356 2012 Κοτυάειον,
386 1957 502 2008 πόλις
520 1965 592 2014 τῆς
612 1960 840 2015 Επικτήτου
869 1965 1062 2018 Φρυγίας·
1092 1960 1284 2016 Στραβων
1306 1959 1370 2015 ιβ’.
1427 1963 1564 2015 Itaque

112 2013 335 2058 Κοτυᾶειον
356 2017 464 2070 apud
484 2019 729 2058 Eustathium
751 2020 909 2059 omnino
931 2019 1216 2072 reponendum:
1246 2020 1305 2058 uli
1323 2019 1441 2059 hodie
1464 2020 1565 2070 legi-

110 2079 182 2112 tur
199 2073 306 2124 apud
324 2074 505 2114 strabon.
527 2075 678 2127 ipsum,
709 2077 735 2115 1.
759 2079 826 2119 12.
849 2079 927 2142 τῆς
940 2073 996 2117 δι’
1009 2073 1238 2130 Επικτήτου
1271 2077 1448 2130 Φρυγίας
1463 2078 1566 2125 Αζα-

111 2129 178 2171 vol
194 2144 236 2170 τε
251 2129 340 2180 εἰσὶ,
369 2129 438 2170 καὶ
460 2129 674 2182 Νακόλεια,
703 2132 771 2172 καὶ
792 2128 1025 2183 Κοτυαειον,
1056 2139 1127 2173 etc.

227 2189 323 2239 Pag
356 2190 546 2230 36212.
595 2188 762 2241 ἔκραξαν
787 2205 893 2242 αυτῳ
921 2191 1224 2242 προσομιλῆσαι.
1234 2187 1250 2240 ]
1292 2189 1562 2239 προσομιλεῖν,

112 2248 154 2281 et
173 2240 342 2295 ομιλεῖν,
371 2243 657 2282 recentioribus
677 2245 898 2284 concionem
916 2244 1072 2297 habere,
1103 2251 1234 2283 sonat:
1268 2244 1393 2293 unde,
1421 2241 1564 2282 Homi-

112 2297 189 2349 lia,
220 2299 336 2337 etiam
358 2299 506 2338 Latinis
527 2301 673 2339 Concio
695 2307 765 2341 est.

223 2353 322 2408 Pag-
352 2359 445 2398 363.
488 2361 529 2399 2.
590 2357 658 2397 καὶ
697 2353 923 2409 ἐφονεύθη,
979 2356 1033 2406 αῖς
1070 2353 1282 2410 μελετήσας
1311 2355 1537 2409 τυραννίδα
1547 2355 1564 2407 ]

116 2371 331 2457 Quemnagm
359 2411 425 2450 hie
444 2421 634 2452 memorat
658 2414 841 2453 Rufinum
867 2414 1017 2453 Auctor
1036 2413 1194 2452 noster?
1225 2412 1388 2450 Rufinus
1406 2412 1565 2463 quidem

113 2466 338 2505 Praefectus
355 2468 578 2519 Praetorio,
619 2477 663 2508 ut
686 2469 777 2508 Chr.
802 2470 1057 2509 Alexandrini
1080 2469 1266 2513 Auctori,
1309 2468 1391 2507 sive
1411 2469 1569 2507 Praefe-

115 2528 205 2560 ctus
229 2522 422 2572 Orientis,
463 2523 484 2566 ὁ
505 2529 575 2578 τῆς
607 2521 802 2575 οἷνατολης
828 2524 1026 2580 ὕπαρχος,
1055 2526 1112 2563 uti
1140 2525 1305 2575 Evaglio
1333 2524 1461 2563 dictus
1495 2530 1564 2573 est,

114 2577 275 2617 Arcadii
295 2579 450 2632 Imperii
480 2583 551 2620 sub
582 2582 710 2632 initio,
741 2584 790 2621 ob
817 2583 1019 2621 affectatae
1040 2581 1261 2633 tyiannidis
1289 2581 1565 2632 suspicionem,

115 2649 138 2671 a
159 2634 347 2674 militibus
377 2637 530 2676 occisus
559 2645 635 2677 est:
665 2639 724 2677 uti
748 2639 913 2690 legimus
935 2638 1038 2690 apud
1066 2637 1335 2676 Marcellinum
1360 2636 1564 2685 Comitem,

115 2691 296 2742 Prosper.
317 2691 500 2743 Aquitan.
519 2695 629 2734 Paul.
655 2696 812 2734 Diacon.
832 2702 870 2734 et
886 2696 1115 2745 Evagrium:
1161 2707 1232 2733 nec
1250 2693 1432 2731 Rufinum
1455 2693 1565 2731 illum

117 2747 254 2796 alium,
300 2762 362 2786 res
392 2762 513 2788 novas
533 2751 605 2790 sub
636 2751 857 2791 Theodosio
881 2752 1034 2791 minore
1067 2750 1312 2800 molientem,
1356 2749 1565 2802 proferunt

117 2803 228 2842 nobis
248 2803 449 2843 Historici.
