1838 3230
625 167 1087 213 PROLEGOMENA.
1168 216 1170 219 ,
1507 191 1586 216 1.xv

118 284 440 328 Diem-tationem
464 292 640 326 nostram
665 294 804 342 eontra
823 282 1050 324 Historiam
1075 283 1261 325 Aristeae
1291 283 1340 324 de
1356 299 1451 324 Lxx.
1472 286 1602 325 Inter-

115 351 310 407 pretibus,
348 354 634 408 Responsionis
669 354 762 392 loco
796 353 978 406 reposuit
1008 353 1072 393 vir
1090 353 1332 393 clarissimus
1359 360 1399 393 et
1422 368 1600 393 summus

117 419 174 462 Is.
205 419 395 474 Vossius,
435 421 459 465 ὅ
493 423 733 478 μακαρίτης·
770 434 972 474 quamque
1004 420 1107 462 nihil
1138 422 1172 461 is
1197 422 1425 475 respondit,
1466 430 1599 463 osten-

117 487 262 530 dimus.

229 557 399 598 XXXV.
455 558 753 613 Respondemus
779 557 956 597 secundo
966 587 978 608 ,
1014 572 1144 612 neque
1185 559 1279 598 satis
1305 565 1487 598 constare
1514 573 1598 598 rem

117 623 329 678 plusquam
352 627 627 680 perfunctorie
646 626 839 676 intuenti,
869 626 1012 665 Autori
1044 634 1184 667 nostro
1206 633 1371 680 accepta
1396 641 1480 667 esse
1499 629 1600 667 rese-

115 691 242 732 renda
267 693 354 744 ista,
375 708 477 747 quae
493 696 536 734 in
556 710 602 736 eo
621 696 739 735 simul
759 702 798 735 et
817 693 1016 734 Chronico
1042 693 1235 734 Paschali
1256 702 1496 749 comparent.
1530 697 1603 735 Cui

116 759 221 800 enim
238 775 319 802 non
337 763 486 816 liquet,
511 763 706 804 Autorem
733 770 912 803 nostrum
934 777 982 803 ex
1005 763 1279 816 Scriptoribus
1301 765 1388 803 aliis
1405 765 1601 805 verbatim

117 829 341 871 exscribere
367 831 560 871 solitum?
602 832 693 871 Hoc
724 847 772 872 ex
798 833 881 872 illis
901 832 1116 871 clarissime
1137 831 1325 871 elucescit
1344 846 1445 885 quae
1466 833 1601 886 inepte

114 895 341 952 tautologus
368 900 535 953 repetit:
566 899 645 940 hoc
677 907 843 954 apparet
873 914 924 940 ex
946 900 1032 938 aliis
1053 900 1137 938 istis
1160 913 1263 952 quae
1281 914 1403 954 supra
1427 902 1601 954 protuli..

114 978 225 1014 mus,
254 967 326 1006 ubi
351 966 437 1020 ejus
463 982 619 1008 errores
647 969 697 1009 de
729 969 849 1008 rebus
879 968 953 1007 sub
974 966 1199 1007 Iustiniana
1227 969 1345 1019 gestis
1363 971 1600 1022 perstrinxi-

114 1046 216 1074 mus.
273 1035 414 1088 Neque
444 1037 574 1077 solum
601 1037 650 1076 de
681 1037 801 1077 rebus
831 1037 905 1075 sub
934 1034 1160 1075 Iustiniano
1189 1037 1397 1075 transactis
1426 1037 1598 1077 tautolo-

111 1117 206 1155 gum
235 1101 335 1154 agit,
365 1103 437 1143 sed
463 1111 502 1144 et
533 1105 620 1144 aliis
641 1106 684 1144 in
702 1105 798 1144 locis
820 1104 995 1158 ejusdem
1020 1103 1248 1143 oscitantiae
1273 1105 1506 1145 manifestus
1530 1114 1600 1148 est.

114 1169 162 1208 In
190 1168 310 1210 Libro
334 1173 398 1215 13.
432 1171 482 1212 de
502 1173 751 1213 Constantini
771 1173 823 1212 M.
849 1173 890 1212 in
921 1171 1020 1212 urbe
1050 1171 1123 1212 GP.
1151 1172 1349 1224 Operibus
1375 1188 1598 1215 sermonem

112 1237 287 1289 habens,
325 1239 375 1278 de
402 1238 675 1294 fflppodromi
703 1241 956 1282 extractione
992 1240 1054 1279 bis
1089 1249 1386 1282 commemorat.
1465 1244 1531 1282 Sic
1560 1251 1600 1283 et

112 1306 250 1346 scribit
270 1306 390 1348 bisin
418 1308 523 1348 libro
554 1312 591 1353 9.
618 1309 668 1350 de
688 1309 869 1364 Aegypto
890 1311 1157 1349 Romanorum
1176 1309 1322 1350 ditioni
1350 1311 1398 1350 ab
1422 1311 1598 1364 Augusto

114 1375 283 1418 Caesare
313 1376 536 1430 subjugata.
594 1378 660 1418 Ait
690 1392 779 1419 eum
805 1379 848 1418 in
867 1378 1022 1433 praelio
1048 1378 1180 1417 navali
1200 1378 1316 1431 juxta
1334 1381 1496 1433 Epirum
1516 1381 1597 1420 An-

111 1445 266 1484 tonium
292 1445 564 1498 interfecisse,
607 1454 647 1487 et
678 1447 867 1500 Reginam
901 1448 1068 1500 Aegypti
1091 1448 1339 1500 Cleopatram
1371 1449 1411 1486 in
1434 1448 1597 1487 vincula

114 1513 356 1566 conjeciss03
400 1515 620 1555 solventem
648 1515 741 1555 inde
777 1522 817 1556 et
844 1516 884 1555 in
917 1519 1145 1570 Aegyptum
1176 1524 1426 1570 pergentem,
1466 1517 1597 1568 regio-

110 1595 202 1622 nem
222 1581 331 1622 illam
350 1582 392 1622 in
407 1592 637 1637 potestatem
665 1599 774 1624 suam
791 1581 835 1638 1)
869 1581 1076 1638 redegisse,
1106 1595 1141 1624 et
1169 1586 1372 1626 victoriam
1399 1584 1595 1637 triumpho

112 1647 348 1692 celebrasse.-
375 1657 459 1690 tum
476 1664 565 1691 eum
585 1651 788 1705 subjungit
807 1649 1006 1706 Europam
1027 1663 1148 1692 totam
1165 1662 1484 1706 praeter-vectum,
1515 1651 1597 1706 By-

111 1718 287 1758 zantium
319 1716 488 1770 venisse,
528 1719 745 1771 Galatiam,
796 1721 985 1773 Lydiam,
1038 1720 1335 1774 Pamphyliam,
1383 1720 1596 1773 Phrygiam

112 1786 388 1837 Pacatianam,
429 1792 468 1826 et
489 1787 727 1840 Lycaoniam
748 1789 1018 1828 Romanorum
1048 1789 1220 1842 imperio
1238 1789 1470 1842 subjecisse:
1501 1789 1595 1828 inde

111 1854 226 1894 illum
252 1854 293 1894 in
322 1854 479 1907 Syriam
505 1857 756 1908 profectum,
784 1856 1047 1896 Antiochiam
1078 1855 1225 1895 adiisse
1249 1855 1297 1896 de
1321 1857 1504 1896 Victoria
1525 1873 1596 1897 sua

113 1921 298 1963 adversus
318 1923 536 1963 Antonium
574 1933 610 1963 et
629 1922 878 1979 Cleopatram
903 1923 1046 1964 ibidem
1072 1923 1424 1977 triumphaturum.-
1452 1926 1596 1965 Laodi-

114 2005 224 2032 ceam
239 1991 335 2031 hinc
356 1992 624 2043 contendisse,
655 2000 694 2032 et
715 1991 859 2033 ibidem
888 2006 1046 2046 quoque
1077 1991 1125 2031 cle
1150 1991 1333 2032 Victoria
1363 2009 1434 2032 sua
1454 1995 1594 2032 trium-

109 2058 230 2114 phum
263 2061 406 2115 egisse:
447 2059 592 2100 deinde
623 2068 717 2114 post
748 2075 876 2114 pauca
903 2060 1002 2100 haec
1028 2067 1271 2113 sequuntur:
1302 2061 1348 2101 A
1370 2060 1594 2102 Palaestina

111 2128 154 2167 in
181 2127 404 2182 Aegyptum
430 2144 677 2182 progressus,
715 2146 797 2170 eam
828 2129 1072 2184 subjugavit,
1113 2146 1275 2184 cumque
1302 2131 1342 2168 in
1365 2128 1591 2169 Romanam

111 2196 329 2235 servitutem
371 2196 597 2251 subegisset,
636 2197 936 2239 Alexandriam
971 2200 1186 2252 ingressus,
1229 2195 1277 2236 cle
1307 2197 1489 2237 Victoria
1520 2214 1592 2236 sua

113 2261 382 2317 triumphavit.
454 2265 619 2305 Civitati
647 2276 773 2306 autem
800 2266 892 2306 huic
927 2268 1097 2320 primum
1142 2263 1386 2322 praefectum
1421 2281 1475 2305 eae
1512 2267 1592 2304 suis

114 2328 242 2382 dedit,
282 2332 436 2373 nomine
464 2331 683 2374 Cornelium
715 2332 897 2384 Gallum,
929 2349 1038 2388 quem
1070 2343 1105 2372 et
1126 2331 1360 2388 Augustalis
1385 2332 1589 2387 dignitate,

112 2400 281 2440 nominis
298 2400 361 2439 sui
378 2401 545 2455 insigni,
576 2401 852 2442 cohonestavit.

224 2468 412 2508 xxxvl.
471 2469 648 2522 Apparet
667 2469 798 2518 idem,
828 2470 893 2508 vel
919 2470 1006 2523 ipso
1035 2472 1118 2511 sole
1143 2471 1311 2519 clarius,
1344 2483 1393 2508 ex
1418 2483 1463 2508 eo
1482 2470 1591 2521 quod

112 2535 212 2574 solet
243 2536 465 2589 Scriptores
494 2539 677 2588 Latinos,
707 2536 891 2586 Florum,
923 2537 1104 2588 Livium,
1136 2538 1370 2587 Lucanum,
1404 2535 1587 2586 Plinium,

114 2602 314 2655 Servium,
363 2604 605 2655 Salustium,
664 2604 889 2645 Suetonium
933 2605 1230 2661 Tranquillum,
1279 2612 1318 2644 et
1362 2604 1406 2643 V
1403 2604 1588 2658 irgilium‚

159 2815 199 2860 ι)
223 2827 258 2863 p.
282 2816 370 2861 285,
395 2816 483 2860 286,
506 2793 585 2856 ⁸287.

168 2902 319 2938 Ioannes
358 2903 526 2939 Malatas.
1254 2914 1273 2936 e
