1838 3230
606 139 905 187 EPISTOLA.
1415 141 1516 190 747

16 296 18 306 f
59 256 202 314 tiplioi
237 257 441 299 docuinae
485 255 602 312 copia
643 256 852 310 praeditus
889 256 1117 296 Eustathius
1162 254 1519 295 Thessalonicensis

4 314 28 340 ¹²
10 315 194 374 Epioe.
217 322 401 356 accurate
417 315 619 368 disputans
645 314 695 352 de
716 313 937 352 Homericis
962 314 1044 353 illis
1068 309 1276 365 ἱππήλατα
1299 311 1457 365 Πηλεὺς
1478 319 1518 352 et

1 367 237 439 Ερμείας
255 368 435 426 ἀκάκητα
453 379 526 412 etc.
556 385 638 411 non
658 366 814 423 Σισαρα
833 377 872 409 et
891 366 1022 419 Σάλα,
1051 383 1132 409 non
1152 372 1322 422 Ημοῦλα
1352 370 1402 408 ad
1424 383 1519 421 par-

1 421 119 470 tes
135 435 276 479 vocat3
304 442 396 468 nam
416 426 614 468 Giovanni
635 425 791 468 Per-alm
813 427 880 478 qui
901 428 1044 479 potuit,
1075 426 1307 479 priusquam
1326 426 1360 464 is
1382 439 1518 465 nasce-

0 514 29 533 -Ν
30 483 202 526 retur?
242 485 357 538 quod
384 491 524 524 eontra
564 498 614 523 ex
642 483 750 521 omni
779 484 965 522 memoria
996 484 1076 521 duo
1107 483 1299 522 duntaxat
1327 488 1518 522 menioiat

0 546 15 568 13

57 541 272 581 masculina
291 542 442 581 Graeca
468 543 511 580 in
531 540 588 589 A,
621 553 742 591 eaque
763 539 922 578 minime
953 554 974 578 a
996 554 1037 577 se
1057 540 1178 588 lecta,
1208 539 1278 578 sed
1301 539 1520 578 Eudaemo-

55 598 119 638 nis
136 597 215 637 fide
238 598 480 646 Pelusiotae;
518 597 603 650 ejus
634 597 799 649 opinor,
834 596 947 649 cujus
973 596 1119 634 librum
1146 596 1195 635 de
1226 594 1520 649 Orthographia

1 661 12 666 ⁴·
56 653 281 707 Stephanus
303 654 540 707 Byzantius,
573 660 612 693 et
643 653 783 691 Suidas
818 659 855 691 et
894 654 971 705 Ety
974 653 1158 703 mologici
1185 652 1352 705 scriptor
1382 653 1519 692 citant.

8 747 9 751 ,
54 711 208 751 Horum
240 724 364 751 unum
392 710 595 763 illyricum
623 724 705 748 esse
729 723 894 759 nomen,
934 722 985 748 ex
1023 711 1301 762 epigrammate
1333 709 1517 762 quodam,

57 762 261 821 Πατηρδ’
287 764 355 821 ἔμ’
385 766 508 818 ἔφυσε
534 765 723 817 κόπαινα,
760 764 851 818 ἤτοι
881 766 1111 818 Κοπαίνης·
1143 767 1435 817 Syracusanum
1464 767 1518 806 al-
1542 767 1575 803 O
1600 769 1649 804 89

4 839 6 841 ·
54 830 187 864 terum
213 837 266 863 ex
284 823 516 876 Sophrone,
553 822 575 865 ὁ
604 820 1142 876 Μύριλλα.1)οηιοοορυῑη
1169 823 1357 862 videlicet
1385 823 1516 863 archi-

1 882 13 922 ,¹
55 886 228 930 tectum,
257 894 350 920 cum
377 880 576 919 theatrum
604 879 898 918 exaedificasset
928 880 1156 931 Syracusis,
1185 880 1336 932 populo
1365 881 1517 921 viritim

7 971 9 973 ,
55 943 301 989 unguentum
328 936 602 987 distribuisse,
643 943 682 976 et
713 950 763 975 ex
792 950 837 975 ea
863 949 907 974 re
930 943 1190 987 cognomento
1215 943 1400 976 vocatum
1431 952 1515 978 esse

53 993 276 1045 Myrillam.
306 1007 446 1045 nempe
475 989 556 1034 ἀπὸ
582 995 656 1034 τοῦ
659 989 815 1062 μύρου
843 989 1070 1044 Μυριλλαν.
1127 994 1210 1044 Ego
1239 1007 1337 1032 vero
1358 995 1513 1034 Eudae-

52 1063 212 1090 monem
225 1050 337 1090 illum
356 1049 476 1103 jubeo
495 1045 671 1103 κρόμμυ’
699 1049 872 1099 ἐσθίειν,
902 1055 948 1088 ut
966 1048 1167 1088 hominem
1192 1050 1410 1089 infortunio
1432 1065 1515 1090 ma-

54 1113 179 1146 ctem:
209 1107 403 1158 siquidem
421 1107 561 1158 religio
589 1113 673 1146 erat
693 1106 899 1145 Pelusiotis
923 1120 1038 1158 cepas
1068 1114 1237 1156 gustare.
1295 1108 1393 1146 Nam
1423 1123 1515 1160 pzo-

53 1163 159 1203 fecto
181 1163 231 1202 de
251 1162 556 1216 Syracusiorum
576 1163 746 1202 dialecto
778 1176 863 1201 cras
890 1163 1031 1212 credo,
1068 1162 1188 1202 hodie
1215 1163 1327 1206 nihil
1385 1164 1513 1203 Theo-

54 1219 178 1258 critus
209 1221 502 1271 Syracusanus,
536 1220 604 1272 qui
635 1220 822 1258 idiomate
861 1219 1075 1258 vernaculo
1105 1226 1300 1272 perpetuo
1329 1227 1388 1259 est
1417 1234 1514 1260 usus

55 1277 257 1325 (Μοῦσαν
286 1272 330 1317 δ’
361 1272 528 1328 ὄθνείην
564 1272 708 1318 οὔποτ’
757 1271 1088 1343 ἕφειλκυσάμην)
1122 1290 1251 1314 annon
1292 1280 1329 1316 Σ
1360 1277 1514 1316 literam

55 1332 204 1384 ubique
235 1339 390 1382 servat,
435 1333 658 1386 Δαμοίτας,
705 1328 945 1380 Μενάλκας,
993 1327 1201 1385 Αμύντας,
1247 1333 1515 1382 montaldus?

52 1388 144 1427 Non
163 1387 312 1440 Apollo
331 1389 540 1440 Δαφνίτας
556 1388 757 1440 Syracusis
787 1388 1021 1427 colebatur?
1055 1389 1144 1426 Non
1157 1387 1323 1427 Hicetas
1345 1392 1516 1442 Syracu-

53 1445 137 1484 sius
154 1444 418 1498 Philosophus
438 1459 459 1483 a
482 1445 669 1484 Cicerone
688 1445 875 1484 laudatur
901 1445 943 1482 in
963 1444 1236 1483 Academicis?
1266 1459 1348 1484 non
1376 1460 1515 1485 eorum

53 1514 231 1540 sermone
257 1499 442 1556 γαφᾶγας
464 1499 678 1541 lumbricus
703 1502 812 1554 apud
842 1501 1173 1553 Etymologicon'?
1202 1515 1282 1540 non
1307 1503 1517 1549 dissimulo

53 1557 162 1609 apud
180 1557 423 1610 Hesychium
453 1559 643 1609 scriptum
671 1571 754 1596 esse
778 1556 966 1608 Γαφάτα,
1004 1555 1174 1609 σκώληξ·
1212 1558 1280 1596 sed
1314 1572 1410 1598 vero
1440 1560 1516 1599 du-

52 1613 150 1667 plici
177 1627 324 1655 errore.
387 1615 486 1653 Nam
516 1615 664 1652 excidit
683 1618 722 1654 Σ
749 1615 887 1664 liteia,
916 1620 962 1652 ut
989 1627 1066 1652 usu
1091 1614 1226 1653 venire
1259 1615 1381 1665 solet,
1423 1630 1514 1656 cum

51 1669 238 1723 proxime
263 1670 524 1722 subsequatur
553 1671 697 1709 altera:
742 1674 783 1711 T.
820 1678 951 1709 autem
976 1670 1159 1709 facillime
1192 1677 1370 1710 mutatur
1397 1673 1439 1711 in
1468 1677 1513 1713 Γ.

51 1733 101 1765 ut
118 1726 212 1766 alibi
235 1726 479 1779 Στένντρον,
511 1722 872 1780 εὔρυπωδέστερον,
901 1728 1148 1780 συριγγωδες.
1176 1741 1249 1781 pro
1275 1727 1510 1783 Στενυγρόν,

53 1780 294 1836 εὔριπῶδες,
321 1780 477 1832 στενὸν,
509 1785 761 1836 σνριγγῶδες.
819 1785 876 1822 Ne
901 1784 982 1835 ipse
1002 1784 1160 1835 quidem
1184 1783 1366 1836 Sophron
1397 1787 1513 1826 aliter

50 1839 214 1879 locutus
230 1846 300 1879 est.
355 1838 579 1879 Athenaeus
605 1841 670 1878 hb.
701 1854 771 1880 vu.
811 1839 892 1880 Καὶ
919 1838 1027 1893 παροῖ
1045 1836 1279 1907 Σώφρονι
1258 1857 1279 1882 ο
1299 1841 1510 1895 ’θυννοθή-

52 1911 138 1950 ρας.
168 1903 208 1936 et
225 1899 440 1967 καρχαρίας
461 1896 663 1948 aliquanto
686 1896 851 1935 inferius
879 1911 920 1949 p.
941 1900 1034 1940 306.
1064 1894 1267 1951 Σωφρων,
1296 1903 1509 1951 θνννοθη-

51 1957 149 2003 pata
166 1951 210 1993 δὲ
223 1951 371 2007 γαστήρ
395 1954 608 2007 καρχαρίας
638 1952 662 1994 ὁ“
686 1950 848 2018 κάτινος
874 1955 1012 2005 δῆσθε
1068 1955 1206 1993 Priora
1234 1955 1368 2005 veiha,
1410 1970 1510 2008 quae

52 2009 285 2049 casaubono
310 2010 526 2049 molestiam
552 2010 757 2060 creabant,
796 2011 852 2048 sic
883 2011 988 2061 lege:
1024 2007 1210 2076 Σώφρων
1231 2010 1504 2066 Θυννοθήραι.

50 2070 90 2107 A
112 2064 156 2107 δὲ
173 2062 342 2119 γαστήρ,
371 2066 415 2105 id
435 2073 520 2115 est,
549 2064 804 2121 θυννοθήρα.
860 2067 1053 2106 Nimirum
1074 2067 1148 2106 iste
1176 2067 1278 2106 liber
1294 2067 1506 2121 Θυννοθή-

51 2138 125 2176 ρας
139 2122 355 2190 inscriptus
378 2129 445 2166 est.
502 2124 671 2175 Etymol
696 2124 738 2161 in
756 2126 853 2164 Ηϊα
913 2125 976 2171 ,Ως
1004 2137 1117 2189 φησι.
1125 2121 1311 2178 Σώφρων
1341 2125 1384 2165 ἕν
1404 2128 1506 2166 Θυν-

50 2175 222 2235 νοθηρα.
279 2179 382 2219 Male
405 2179 499 2218 alibi
523 2179 565 2220 ἐν
586 2177 880 2234 Θυννοθήραις.
938 2180 1058 2228 Quod
1087 2181 1118 2218 si
1149 2195 1217 2220 vei
1221 2195 1285 2219 um
1314 2188 1375 2219 est
1402 2181 1505 2221 illud

51 2234 103 2274 de
133 2236 384 2287 Democopo,
427 2236 536 2287 vulgi
565 2236 656 2288 joco
685 2250 898 2287 cognomen
928 2250 1042 2276 suum
1062 2237 1229 2288 adeptus
1262 2251 1344 2276 esse
1365 2239 1504 2277 videa-

49 2297 141 2342 tur,
172 2293 264 2344 quia
293 2292 471 2331 fortassis
497 2306 542 2331 ea
572 2300 804 2345 tempestate
828 2294 1033 2346 Sy1acusis
1062 2301 1194 2332 scorto
1223 2294 1392 2346 cuipiam
1423 2309 1505 2333 non

49 2348 214 2399 ignobili
240 2363 381 2388 nomen
409 2349 529 2388 fuerit
560 2350 730 2401 Myrina.
785 2351 884 2389 Nam
915 2351 1089 2389 mulieris
1113 2350 1154 2388 id
1167 2349 1338 2414 ‘quidem
1363 2365 1506 2389 nomen

51 2418 137 2443 esse
154 2405 359 2457 proprium
381 2407 568 2444 certiores
598 2421 669 2444 nos
697 2407 791 2446 facit
814 2414 930 2473 poeta
950 2407 1083 2445 nescio
1109 2406 1195 2458 quis
1213 2406 1319 2445 inter
1340 2408 1396 2459 Ly
1400 2407 1504 2445 ricos

49 2459 100 2500 H.
119 2461 320 2513 Stephani.
350 2460 609 2531 Στρατόκλεις
627 2464 744 2514 φίλος
761 2460 972 2531 Κυθήρης,
1000 2461 1252 2515 Στρατόκλεις
1273 2464 1389 2514 φίλος
1409 2467 1505 2502 Μυ-

50 2517 198 2586 ρίλλης.
259 2519 324 2559 Ιδε
338 2516 414 2588 τήν
435 2520 558 2572 φίλην
580 2525 772 2573 γυναῖκα,
802 2516 980 2574 Κομάει,
1009 2518 1174 2571 τέθηλε,
1208 2516 1365 2571 λάμπει.
1426 2516 1506 2559 Ρό-

50 2575 124 2614 δον
151 2570 310 2614 ἀνθέων
337 2571 518 2627 ἀνάσσει,
546 2574 678 2618 Ρόὸον
710 2577 754 2619 ἐν
783 2575 920 2631 κόραις
952 2576 1150 2630 Μυρίλλα.
1210 2576 1327 2623 Quod
1350 2575 1399 2614 ad
1422 2572 1506 2616 Κό-

49 2644 175 2671 παινα
191 2630 348 2681 attinet,
378 2633 451 2670 etsi
471 2647 552 2672 non
578 2635 695 2672 facile
717 2634 834 2673 fidem
852 2634 1034 2681 habeam,
1063 2632 1210 2671 viderit
1238 2632 1286 2671 de
1314 2646 1359 2670 eo
1380 2632 1504 2671 verbo

50 2686 342 2738 epigrammatis
363 2689 524 2738 author3
553 2691 620 2741 qui
648 2691 830 2740 sortasse,
862 2704 952 2728 cum
970 2689 1181 2728 barbarum
1209 2689 1388 2740 Illyrium
1412 2690 1506 2743 βαρ-

51 2743 263 2794 βαρίζοντα
301 2743 524 2795 induxerit,
570 2746 669 2786 bene
703 2754 897 2787 moratum
939 2759 1095 2783 carmen
1139 2745 1279 2783 secisse
1313 2746 1504 2784 videatur.

51 2798 171 2848 Quod
192 2799 314 2852 siquis
333 2801 558 2853 illyriorum
580 2805 757 2857 exemplo
785 2800 967 2856 Ιωάννης
993 2801 1017 2844 ὁ
1038 2801 1205 2843 Μαλέλα
1229 2802 1409 2855 proferre
1430 2816 1500 2842 ve-
1522 2809 1554 2844 Ο
1578 2812 1624 2846 90

615 2904 627 2924 S
