1838 3230
354 197 453 242 686
937 188 1208 233 BENTLEII

352 301 476 355 φύσις
492 301 572 359 γαρ
587 300 715 359 μόνου
735 303 839 345 ’θεοῦ
858 302 911 352 οὖς
929 303 1056 345 αἰτίου
1076 307 1149 345 τοῦ
1166 302 1310 352 παντὸς
1337 303 1495 359 γνμνῆν
1508 303 1659 377 ψυχὴν-
1671 306 1792 347 δυνα-
1828 306 1829 309 “

350 359 471 412 μένου
500 361 596 410 (leg.
617 356 844 413 δυναμένη)
869 361 986 401 ἰδεῖν
1020 357 1076 408 εἷς
1093 358 1168 432 γὰρ
1198 361 1322 409 αἴτιος
1345 365 1419 402 τοῦ
1446 359 1638 412 παννός,
1634 357 1702 410 εἷς
1725 361 1794 403 καὶ

350 415 390 464 ἐξ
412 414 536 457 αυτοῦ
555 413 644 456 ἄλλ’
669 413 752 464 οἷος
773 414 880 487 (leg.
891 414 1051 488 ἄλλος)
1079 417 1104 457 o‘
1129 414 1203 467 εἷς,
1233 417 1301 458 καί
1326 432 1421 459 ποτε
1449 413 1565 467 οὗτος
1590 417 1616 460 ὅ
1642 414 1700 468 εἷς
1714 433 1794 459 ουκ

346 471 392 513 ἐν
409 468 560 528 χρόνῳ,
591 468 720 522 ἀΐδιος
736 471 812 527 γὰρ
831 471 852 514 ὁ
871 468 928 521 εἷς
950 471 1019 513 καὶ
1038 474 1251 521 συναΐδιος.
1702 508 1706 511 .
1726 503 1727 507 η

221 542 255 576 o
279 544 325 580 10
458 594 461 597 y
1017 539 1124 579 ΧΗ.

800 609 884 647 Τοῦ
903 602 1026 647 αὐτοῦ
1045 605 1137 659 περὶ
1157 609 1341 660 Χριστοῦ.

463 671 552 741 Οψέ
569 671 664 715 ποτέ
692 687 751 720 τις
778 672 842 713 ἐπὶ
866 688 940 724 την
964 674 1186 725 πολυσχεδῆ
1197 671 1247 739 *)
1277 687 1424 740 ταυτην
1453 667 1580 715 ἐλάσει
1605 663 1700 742 γῆν,
1723 671 1793 714 καὶ

348 730 437 783 δίχα
455 726 684 796 σφάλματος
706 726 802 782 σαρξ
826 725 1050 798 γενήσεται,
1078 725 1292 780 ακαμάτοις
1306 725 1515 796 θεότητος
1537 744 1648 783 οροις
1674 724 1791 770 ἄνια-

347 802 426 827 των
453 790 600 826 παθῶν
630 782 738 825 λύσει
755 782 949 854 φθορὰν,
985 784 1052 825 καὶ
1084 788 1200 825 τοῦτο
1229 780 1386 835 φθόνος
1411 781 1616 852 γενήσεται
1634 784 1673 833 ἐξ
1695 779 1790 824 απί-

347 856 443 883 στου
472 845 573 882 λαοῦ
599 841 666 882 καὶ
691 838 787 908 πρὸς
814 838 924 892 ν’ψος
947 837 1261 908 κρεμασθήσεται
1291 839 1345 888 αῖς
1374 836 1547 882 θανᾶτοι
1573 841 1791 888 καταδίκους

345 896 450 953 (leg.
469 893 635 953 θανάτῳ
652 893 886 950 κατάδικος)
907 893 1039 938 πάντα
1056 893 1208 951 πράσας
1229 895 1324 950 (leg
1344 892 1495 950 πράξας
1511 897 1594 937 sive
1614 891 1789 950 δράσας)

342 956 530 996 πείσεται.

244 1029 275 1062 V
298 1032 320 1067 8
1000 1019 1135 1058 ΧΙΙΙ.

428 1084 618 1141 Χρησμὸς
635 1089 708 1127 τοῦ
731 1082 968 1133 Λπόλλωνος
997 1085 1133 1132 δοθεὶς
1153 1084 1198 1125 ἐν
1216 1087 1390 1136 Δελφοῖς
1410 1083 1502 1139 περὶ
1520 1087 1706 1138 Χριστοῦ

453 1153 531 1200 Εἰ’ς
560 1168 606 1219 με
637 1148 812 1205 βιάζεται
844 1148 1037 1204 ου’ράνιον
1071 1168 1180 1203 φως,
1221 1151 1287 1192 καὶ
1318 1150 1342 1192 o‘
1371 1148 1519 1192 παθών
1545 1149 1644 1200 θεός
1668 1151 1786 1203 ἔστιν,

340 1208 408 1250 καὶ
431 1224 478 1249 ov
501 1205 646 1259 θεότης
678 1208 828 1248 ε’παθεν
857 1206 978 1260 αὕτη,
987 1207 1127 1275 ἄμφω
1152 1206 1226 1262 γάρ
1249 1204 1503 1277 βροτόσωμος
1526 1207 1594 1248 καὶ
1621 1205 1789 1262 ἅβροτος

341 1263 457 1313 αὐτὸς
476 1261 573 1311 θεὸς
597 1261 678 1315 ἤδη
699 1263 766 1303 καὶ
786 1260 912 1316 ἄνηρ,
941 1260 1072 1304 πάντα
1093 1263 1226 1330 φέρων
1239 1279 1354 1332 παρα
1370 1261 1511 1332 πατρὸς
1533 1263 1631 1315 ἔχων
1657 1279 1698 1304 τε
1716 1267 1789 1315 τῆς

339 1318 488 1389 μητρός
505 1318 682 1368 ἅπαντα,
711 1317 858 1386 πατρὸς
876 1318 947 1371 μὲν
969 1318 1067 1371 ἔχων
1093 1317 1202 1368 ζώων
1224 1317 1351 1367 αλκει,
1381 1334 1526 1372 μητρος
1561 1318 1604 1360 δὲ
1631 1323 1788 1372 θνητῆς

341 1373 526 1430 σταυρὸν,
550 1390 694 1426 ταφον,
712 1371 830 1427 ῧβριν
853 1372 1017 1440 οἷνιήτου
1036 1375 1104 1414 καὶ
1124 1372 1201 1427 οἷπό
1220 1372 1429 1441 βλεφάρων
1447 1378 1636 1426 ποτεχευᾶ
1645 1373 1693 1415 τα
1708 1374 1786 1416 δᾶ-

338 1448 442 1503 κρυα
470 1428 609 1499 θερμα
621 1430 644 1471 6
663 1429 777 1470 πέντε
796 1427 972 1482 χιλιαδας
996 1430 1039 1471 ἐκ
1056 1430 1169 1471 πέντε
1192 1446 1331 1500 πυρων
1351 1428 1510 1495 κορέσαι
1541 1430 1598 1483 (l.
1618 1430 1714 1480 σας)
1739 1428 1786 1471 τὸ

337 1487 413 1543 γοῖρ
444 1486 561 1527 θέλεν
584 1483 750 1538 ἂβροτος
771 1484 892 1526 αλκει.
953 1484 1117 1539 Χριστὸς
1134 1503 1155 1528 ο
1185 1484 1277 1555 ἐμός
1296 1482 1392 1532 θεός
1410 1485 1514 1525 ἐστιν
1531 1484 1574 1525 ἐν
1593 1482 1698 1542 ξυλφ
1718 1501 1784 1526 τα-

338 1546 451 1613 νυθῇ
485 1540 530 1591 ὃς
568 1542 673 1593 (leg.
713 1541 952 1595 τανυσθεὶς)
991 1542 1134 1583 θανεν.
1202 1540 1246 1590 ὃς
1282 1541 1324 1582 ἐκ
1358 1543 1489 1592 ταφῆς
1529 1540 1586 1589 εἰς
1625 1544 1785 1583 πολλῶν

338 1598 560 1693 &muz-(liris
587 1652 714 1691 modis
744 1653 842 1693 haec
868 1654 1096 1706 perturbata
1126 1659 1239 1700 sunt3
1266 1665 1442 1703 magnam
1469 1658 1598 1690 tamen
1629 1659 1783 1705 partem

338 1713 380 1751 in
397 1725 533 1752 versus
555 1722 646 1747 suos
669 1708 780 1748 nullo
807 1710 961 1761 negotio
981 1710 1105 1760 redigi
1125 1715 1289 1761 possunt
1309 1709 1348 1747 in
1366 1707 1473 1745 hunc
1489 1707 1660 1748 modum.

556 1765 633 1812 Εἴς
658 1780 705 1817 με
722 1763 894 1818 βιαζεται
917 1762 1107 1833 ου’ράνιον
1126 1768 1243 1833 φῶς
1242 1786 1291 1794 -
1324 1785 1371 1793 -
1404 1785 1454 1793 -

557 1821 639 1861 Καὶ
662 1836 681 1860 ο
699 1821 843 1863 παθών
863 1818 958 1869 θεός
974 1822 1071 1870 ἐστι,
1101 1821 1168 1860 καὶ
1195 1815 1243 1860 ου’
1261 1817 1400 1871 θεότης
1421 1815 1556 1859 πάθεν
1577 1815 1699 1872 αυτή.

555 1881 688 1929 Αμφω
706 1876 780 1932 γὰρ
803 1875 1084 1947 βροτόσωμος’
1072 1876 1139 1928 εἠν
1158 1872 1231 1944 ἠδ’
1252 1873 1418 1944 ἄβροτος
1438 1871 1558 1924 αὕτδς

558 1954 607 1961 -
642 1954 690 1960 -
726 1956 776 1964 -
809 1956 858 1963 -
889 1931 986 1981 θεός
1002 1930 1074 1986 η’δὲ
1096 1932 1162 1971 καὶ
1185 1927 1310 1984 οἷνηρ,

558 1984 698 2030 Παντα
717 1989 850 2060 φέρων
870 2005 976 2040 παρα
1002 1985 1167 2040 πατρός,
1198 1986 1294 2038 ἔχων
1314 1989 1385 2038 τῆς
1402 1983 1545 2039 μητρὸς
1561 1999 1715 2026 απαντα

557 2047 619 2082 Εκ
637 2044 785 2115 πατρός
804 2044 874 2098 μὲν
897 2045 991 2097 ἔχων
1011 2041 1112 2096 ζόην
1132 2041 1239 2083 ἅλκει
1270 2063 1320 2071 -
1352 2063 1402 2070 —
1435 2062 1485 2070 —

556 2099 723 2153 Μητρός
741 2100 782 2141 δὲ
799 2105 952 2153 θνητῆς
975 2097 1161 2153 σταυρὸν,
1190 2113 1340 2164 ταφον,
1370 2094 1509 2149 ν’βριν,
1537 2089 1667 2146 ἇνίην.

560 2157 641 2195 Τοῦ
664 2157 730 2197 καὶ
747 2154 823 2198 απὸ
842 2153 1052 2210 βλεφάρων
1073 2169 1166 2196 ποτε
1186 2150 1328 2206 χεύατο
1350 2150 1504 2206 δακρυα
1521 2147 1665 2204 θερμά

758 2285 942 2329 Αστᾶνου
959 2288 1048 2342 περὶ
1065 2291 1135 2340 τῆς
1156 2282 1363 2328 Θεοτόκον.

455 2352 688 2407 Τιμήσωμεν
704 2369 777 2406 την
796 2352 984 2419 Μαριαμ,
1013 2370 1065 2401 ως
1082 2355 1209 2400 καλως
1228 2349 1441 2406 κρύψασαν
1455 2348 1500 2392 τό
1503 2347 1745 2417 μυστήριον.

453 2412 543 2449 Sine
563 2410 683 2449 dubio
703 2411 791 2448 loeo
812 2407 993 2449 Αστᾶνου
1022 2408 1306 2448 emendandum
1331 2414 1388 2446 est
1410 2403 1602 2448 Οστανου.
1661 2408 1775 2446 Osta-

336 2480 403 2506 nes
423 2480 558 2517 magus
581 2473 619 2505 et
651 2467 874 2504 Zoroastres
907 2462 1021 2502 etiam
1044 2464 1216 2502 indoctis
1246 2462 1512 2514 cognitissimi.
1569 2463 1776 2502 Theodoro

336 2522 599 2562 Meliteniotae
634 2522 876 2560 Praefatione
910 2520 952 2558 in
987 2520 1272 2558 Astronomiam
1305 2532 1384 2557 non
1414 2519 1577 2558 Ostanes
1617 2518 1776 2564 dicitur,

214 2581 247 2616 Ο
273 2580 314 2616 11
338 2579 406 2617 sed
435 2574 601 2629 Οτάνης.
670 2578 780 2625 Quae
815 2578 978 2616 sortasse
1008 2589 1100 2615 vera
1136 2576 1331 2626 scriptura
1364 2580 1439 2615 est:
1473 2587 1569 2613 nam
1596 2580 1639 2613 et
1667 2573 1775 2625 apud

337 2634 584 2673 Herodotum
601 2647 681 2672 non
701 2647 800 2674 unus
822 2639 881 2673 est
907 2631 1051 2671 otanes
1077 2632 1214 2671 Persa:
1245 2636 1285 2670 et
1311 2642 1407 2670 vero
1438 2629 1574 2681 Magus
1606 2629 1674 2669 ine
1701 2641 1772 2667 na-

383 2821 423 2864 ’)
445 2820 646 2866 πολυσχιδῆ
670 2820 826 2866 Toupius
849 2817 989 2856 Emend.
1010 2817 1077 2854 vol.
1099 2816 1165 2854 111.
1187 2828 1221 2863 p.
1246 2817 1338 2853 431.·
