1838 3230
277 209 375 259 456
673 206 962 252 IOANNIS
991 208 1328 253 MALALAE

276 325 607 383 Περσαρμενίων,
638 323 694 376 ὥς
715 323 866 377 εῗδότες
893 326 1095 383 λέγουσιν·
1132 325 1250 370 ἅτινα
1279 326 1366 385 ὅρη,
1382 327 1551 386 φέρουσι
1573 329 1751 388 χρυσὸνι
1778 365 1783 369 .

275 392 426 438 πολύν·
463 393 528 437 ὅτε
555 394 632 449 γὰρ
661 396 809 451 βροχαὶ
837 396 904 437 καὶ
936 395 1083 453 ι’)’μβροι
1109 397 1308 452 γίνονται,
1346 395 1614 453 κατασύρεται
1632 396 1728 455 ἦγῆ

222 465 254 499 Ε
277 466 359 505 τῶν
390 461 525 505 αὐτῶν
545 461 693 516 ὀρέων,
731 464 921 513 λεπτίδας
948 462 1233 517 ἀναβλύζουσα
1257 469 1438 520 χρυσοῦ·
1473 466 1526 508 τὰ
1554 467 1599 509 δὲ
1620 465 1728 509 αὗτὰ

279 529 354 587 ὅρη
385 530 632 584 ἐμισθοῦντο
664 529 711 572 τὸ
741 528 937 588 πρότερόν
968 549 1072 582 τινες
1100 532 1179 575 ἀπὸ
1204 530 1414 586 Ῥωμαίων
1445 535 1512 576 καὶ
1550 537 1728 590 Περσῶν

128 605 161 639 O
187 609 253 644 193
273 602 430 654 χρυσοῦ
449 601 596 653 λιτρῶν
618 599 856 641 διακοσίων·
893 600 935 650 ε”ξ
957 593 1004 642 οὗ
1029 601 1074 642 δὲ
1101 599 1427 657 παρελήφθησαν
1449 601 1500 644 τὰ
1524 601 1761 658 αὗτάπὸρηὸ

275 664 355 708 ὑπὸ
373 669 445 708 τοῦ
466 663 683 708 θειοτάτου
703 666 971 710 Ἀναστασίου
985 699 998 720 ,
1032 665 1220 721 Ῥωμαῖοι
1251 666 1368 723 μόνοι
1396 670 1626 723 κομίζονται
1653 669 1730 726 τὴν

275 737 576 777 θεσπισθεῖσαν
594 735 836 778 συντέλειαν.
907 736 973 778 καὶ
992 735 1036 778 ἐκ
1053 733 1200 779 τούτου
1219 736 1368 792 ἐγένετο
1390 738 1620 795 διαστροφὴ
1640 738 1731 796 περὶ

274 801 328 844 τὰ
348 799 496 845 πάκτα.

372 867 433 912 ‘H
444 870 488 912 δὲ
507 872 590 911 τῶν
611 872 876 925 Σαμαρειτῶν
902 871 1103 927 προδοσία
1135 868 1323 926 ἐγνώσθη
1345 869 1569 927 Ῥωμαίοις,
1594 870 1650 922 ὥς
1667 889 1730 916 τι-

158 950 190 984 V
211 951 258 987 67
279 955 360 981 νων
392 936 434 988 ἔξ
461 936 596 980 αὐτῶν
626 935 808 994 εὐπόρων
837 938 1118 993 συσχεθέντων
1146 939 1188 981 ἐν
1209 943 1265 997 τῷ
1294 937 1562 997 ὑποστρέφειν
1581 940 1784 992 αὖτοὺς1ο

278 1005 358 1049 ἀπὸ
383 1009 465 1048 τῶν
481 1009 696 1061 Περσικῶν
720 1009 878 1061 μερῶν,
908 1008 973 1048 καὶ
1005 1006 1314 1062 γνωρισθέντων
1335 1008 1437 1061 μετὰ
1463 1008 1512 1051 τὸ
1539 1008 1731 1052 ἀπελθεῖν

277 1073 428 1123 αὐτοὺς
448 1073 551 1130 πρὸς
574 1071 768 1128 Κωάδην,
795 1074 966 1127 βασιλέα
987 1077 1177 1129 Περσῶν,
1212 1077 1279 1117 καὶ
1310 1073 1595 1126 συντάξασθαι
1617 1075 1730 1135 αὒτῷ

277 1148 402 1184 ποιεῖν
422 1141 497 1196 τὴν
519 1142 741 1196 προδοσίαν
762 1147 836 1196 τῆς
863 1143 970 1192 ἰδίας
991 1140 1154 1199 χώρας,
1193 1140 1247 1192 ὥς
1268 1145 1523 1200 προείρηται·
1557 1140 1664 1200 ἦσαν
1686 1145 1731 1188 δὲ

278 1210 318 1252 οἳ
350 1208 639 1265 γνωρισθέντες
674 1213 925 1266 Σαμαρεῖται
961 1209 1143 1265 ὀνόματα
1181 1211 1317 1254 πέντε·
1362 1214 1428 1254 καὶ
1466 1211 1732 1268 συσχεθέντες

278 1276 569 1332 ἀπηνέχθησαν
587 1276 688 1332 πρὸς
708 1277 780 1319 τὸν
809 1276 1093 1334 στρατηλάτην
1117 1283 1192 1334 τῆς
1222 1279 1446 1336 ἀνατολῆς,
1483 1282 1551 1323 καὶ
1584 1278 1730 1336 ἓξητά-
1743 1283 1788 1320 15

276 1349 443 1399 σθησαν
468 1344 563 1399 παρ’
596 1343 734 1402 αὐτῷ,
772 1347 839 1387 καὶ
870 1343 1135 1402 ὡμολόγησαν
1162 1346 1236 1401 τὴν
1268 1349 1493 1404 προδοσίαν
1521 1346 1570 1403 ἢν
1596 1348 1733 1403 ἐμελέ-

277 1430 373 1455 των.
441 1411 495 1455 τιὶ
515 1413 559 1454 δὲ
579 1412 837 1469 πεπραγμένα
868 1413 1004 1456 αὐτῶν
1035 1412 1272 1470 ἀνεγνώσθη
1300 1419 1358 1474 τῷ
1387 1419 1550 1469 βασιλεῖ
1561 1416 1732 1459 Ἰουστι-

277 1483 414 1537 νιανῷ.

373 1547 441 1589 Ἐν
463 1545 574 1605 αὐτῷ
596 1547 640 1589 δὲ
659 1551 716 1605 τῷ
737 1544 871 1607 χρόνῳ
892 1548 1071 1605 ἐγένοντο
1091 1549 1248 1605 σεισμοὶ
1265 1548 1369 1592 κατὰ
1393 1546 1543 1604 τόπον,
1578 1551 1646 1592 καὶ
1671 1553 1734 1592 λι-

276 1621 368 1665 ταῖς
387 1612 602 1669 ἐσχόλαζον
627 1616 668 1658 ἕν
687 1614 837 1672 ἑκάστῃ
857 1614 980 1660 πόλει.
1742 1624 1789 1659 20

384 1686 456 1740 Τῷ
475 1683 519 1725 δὲ
539 1682 650 1742 αὐτῷ
684 1687 811 1741 καιρῷ
838 1685 904 1726 καὶ
935 1683 1184 1741 πρεσβευτὴς
1204 1682 1396 1739 ἐπέμφθη
1415 1681 1496 1726 ὖπό
1518 1688 1594 1727 τοῦ
1611 1688 1734 1738 βασι-

226 1756 257 1792 Β
279 1749 380 1800 λέως
407 1753 583 1806 Περσῶν
624 1750 726 1807 πρὸς
750 1751 822 1794 τὸν
848 1753 1020 1805 βασιλέα
1032 1751 1262 1807 Ῥωμαίων·
1299 1754 1366 1794 καὶ
1393 1752 1554 1802 ἐπιδοὺς
1575 1751 1625 1802 ἃς
1643 1753 1736 1795 ἐπε-ι

278 1818 425 1878 φέρετο
446 1816 601 1874 σάκρας
620 1817 806 1874 ἀπελύθη
838 1819 1107 1875 κομισάμενος
1128 1822 1254 1877 δῶρα.

378 1884 427 1929 ‘O
448 1887 492 1928 δὲ
510 1886 703 1940 βασιλεὺς
717 1885 926 1942 Ῥωμαίων
955 1886 1135 1938 ἀκούσας
1162 1887 1274 1944 παρὰ
1296 1891 1370 1931 τοῦ
1394 1888 1605 1945 πατρικίου
1619 1885 1734 1930 Ῥου-

372 1972 406 2006 1.
430 1967 493 2015 ὥς]
517 1971 616 2005 Adde
639 1970 686 2008 οἱ.
779 1973 813 2008 3.
838 1973 1023 2018 λεπτίδας]
1047 1973 1146 2008 Fort.
1170 1973 1334 2014 λεπίδας.

280 2042 402 2078 finibus
424 2043 481 2076 siti
503 2047 598 2078 sunt:
630 2044 680 2078 uti
703 2045 845 2079 tradunt
867 2045 911 2088 ii,
936 2047 1056 2092 quibus
1081 2048 1145 2082 hoc
1168 2049 1374 2093 compertum
1397 2047 1460 2080 est.
1508 2043 1578 2086 Qui
1601 2043 1735 2090 quidem

279 2091 408 2124 montes
430 2099 584 2132 magnam
607 2090 722 2123 ferunt
744 2090 817 2125 auri
840 2092 989 2137 copiam:
1024 2104 1067 2126 ex
1090 2092 1213 2138 pluviis
1237 2092 1323 2126 enim
1357 2090 1584 2134 imbribusque
1609 2090 1735 2124 caden-

279 2135 374 2168 tibus
414 2137 508 2166 terra
538 2133 581 2167 de
612 2134 784 2171 Montibus
820 2136 973 2171 deorsum
998 2144 1093 2180 acta,
1133 2137 1217 2173 Auri
1241 2136 1336 2182 quasi
1370 2136 1511 2170 laminae
1533 2135 1733 2169 scaturiunt.

282 2179 462 2213 Caeterum
481 2178 616 2212 Montes
639 2180 739 2214 hosce
763 2185 864 2215 antea
887 2183 1058 2229 temporis,
1083 2195 1191 2228 aeque
1213 2194 1234 2217 a
1258 2181 1367 2216 Persis
1400 2193 1442 2215 ac
1465 2180 1633 2222 Romanis,
1658 2180 1736 2225 qui-

281 2225 357 2258 dam
381 2235 434 2257 cc.
466 2223 538 2257 auri
562 2223 655 2258 libris
678 2226 917 2261 conduxerunt.
967 2229 1019 2262 Ex
1042 2241 1109 2274 quo
1133 2240 1215 2263 vero
1238 2227 1275 2260 in
1297 2229 1499 2272 potestatem
1520 2226 1735 2260 sacratissimi

281 2267 449 2304 Anastasii
466 2269 675 2303 devenerunt
690 2272 876 2306 mercedem
900 2273 1086 2307 condictam
1110 2273 1231 2308 exinde
1247 2271 1390 2306 Romani
1412 2271 1473 2305 soli
1494 2276 1733 2316 perceperunt.

283 2315 465 2348 Caeterum
490 2314 566 2348 hinc
590 2314 705 2349 Paetis
727 2317 919 2362 rumpendis
943 2319 1057 2353 oblata
1080 2319 1223 2353 occasio.-

372 2359 411 2392 In
434 2359 640 2393 Proditionis
661 2371 764 2403 vero,
801 2373 898 2405 quam
928 2364 1116 2398 Samaritae
1139 2363 1378 2403 moliebantur,
1415 2360 1569 2395 notitiam
1593 2361 1735 2396 Romani

283 2404 349 2438 hoc
372 2404 470 2439 modo
494 2409 732 2449 pervenerunt.
791 2407 949 2452 Quinque
972 2409 1058 2443 enim
1094 2422 1136 2444 ex
1157 2409 1286 2444 iliorum
1310 2406 1476 2453 primariis
1498 2406 1599 2448 viris,
1636 2407 1734 2452 (qui,

283 2450 386 2496 paulo
421 2454 497 2494 post
520 2450 586 2484 iter
617 2454 804 2497 susceptum
827 2453 1042 2496 supradictae
1072 2453 1276 2489 Proditionis
1308 2464 1383 2486 cum
1406 2451 1523 2486 Coade
1554 2452 1660 2486 Persa
1681 2453 1733 2486 in-

285 2496 418 2528 eundae
434 2506 546 2535 causa,
571 2495 822 2540 innotuerant‚)
845 2497 880 2530 in
904 2499 1018 2532 reditu
1041 2512 1100 2534 suo
1125 2511 1168 2534 ex
1192 2497 1333 2532 Perside
1356 2497 1599 2542 comprehensi,
1623 2509 1735 2544 eoram

284 2540 431 2574 Militum
453 2539 489 2573 in
512 2540 654 2575 Oriente
677 2541 844 2587 Magistro
868 2542 1007 2577 adducti
1031 2550 1126 2579 sunt:
1156 2545 1250 2585 Quos
1272 2542 1479 2577 Proditionis
1502 2542 1655 2587 agitatae
1677 2542 1736 2576 ubi

311 2585 506 2626 ostuiasset‚
545 2587 744 2621 confitentes
765 2587 882 2621 habuit
903 2590 1015 2622 statim
1038 2601 1124 2625 reos.
1180 2590 1281 2631 Quae
1304 2599 1384 2622 vero
1419 2588 1462 2623 de
1485 2587 1536 2622 his
1559 2591 1638 2622 aeta
1659 2590 1735 2622 sunt

307 2629 471 2664 ustiniano
493 2630 693 2676 imperatori
714 2632 859 2677 legenda
882 2633 1114 2668 mittebantur.

374 2675 504 2709 Eodem
519 2680 672 2720 tempore
694 2681 809 2712 terrae
831 2682 937 2712 motus
958 2679 1083 2726 ubique
1107 2680 1370 2723 grassabantur;
1395 2678 1577 2714 hominibus
1599 2677 1733 2713 interim

284 2719 427 2754 Litaniis
449 2721 576 2765 ubique
595 2722 726 2756 urbium
748 2723 958 2758 vacantibus.

375 2765 505 2799 Eodem
537 2766 622 2800 enim
653 2771 808 2814 tempore
839 2769 1013 2803 Persarum
1036 2768 1111 2802 Rex
1128 2769 1294 2813 Legatum
1317 2769 1406 2803 misit
1428 2768 1472 2803 ad
1495 2768 1734 2815 Imperatorem

286 2811 487 2852 Romanurn3
520 2811 577 2856 qui
601 2812 734 2847 traditis
757 2813 863 2848 literis
886 2817 921 2848 et
943 2814 1133 2848 muneribus
1156 2815 1298 2849 donatus
1322 2815 1470 2849 dimissus
1492 2818 1554 2849 est.

378 2856 449 2891 Sed
481 2856 616 2892 iuterim
640 2857 835 2905 Imperator
866 2859 909 2895 de
939 2859 1066 2895 Coadis
1097 2860 1274 2895 Persarum
1307 2860 1410 2906 Regis
1443 2857 1735 2906 praevaricatione
