1838 3230
411 124 419 143 l

274 195 369 242 178
561 219 563 221 -
673 185 956 232 IOANNIS
985 187 1322 232 MALALAE

273 314 330 352 λει
347 306 483 366 Ῥώμῃ
505 304 646 363 πλήθη
669 310 869 362 γυναικῶν
879 338 892 359 ,
931 307 996 348 καὶ
1029 304 1318 363 ἀνεπλήρωσαν
1336 306 1382 350 τὸ
1403 304 1562 349 ἱππικὸν
1581 292 1720 362 γ’νναῖ-

273 394 336 427 κες
354 375 554 432 ὕπανδροι
582 377 648 417 καὶ
666 371 855 430 νεώτεραι
876 374 1095 430 παρθένοι·
1129 370 1263 429 ἦλθον
1283 375 1327 417 δὲ
1350 376 1416 417 καὶ
1438 374 1480 416 αἱ
1500 373 1722 431 θυγατέρες

272 449 355 488 τῶν
379 443 598 500 λεγομένων
626 442 826 495 Σαβίνων,
857 440 995 498 χώρας
1014 444 1183 497 πλησίον
1202 447 1275 497 τῆς
1290 440 1448 497 Ῥώμης
1465 439 1610 497 οὔσης,
1645 457 1718 498 γυ-

221 521 252 556 Β
275 519 406 562 ναΐκες
436 510 653 565 εὐπρεπεῖς.
725 511 792 552 καὶ
822 509 918 559 δούς
948 508 969 552 ὅ
997 507 1151 564 Ῥῶμος
1176 512 1367 565 μανδᾶτα
1388 507 1530 568 λάθρᾳ
1551 515 1720 565 γυναῖκα

270 580 478 636 ὕπανδρον
507 574 633 621 οὖσαν
659 575 860 631 Ῥωμαίαν
894 577 1080 621 πολίτιδα
1098 578 1154 633 μὴ
1174 582 1406 635 θεωρῆσαι,
1443 574 1631 627 κελεύσας
1653 577 1753 625 καὶ5

273 650 363 705 ἰδίῳ
393 649 556 703 στρατῷ
590 644 692 688 ὥστε
732 643 941 701 ὓπάνδρου
972 646 1157 701 γυναικὸς
1189 646 1248 701 μὴ
1277 649 1477 700 τολμῆσαι
1508 643 1718 699 ἅψασθαι,
1780 688 1785 691 ς

273 715 378 759 ἀλλὰ
401 714 475 763 τὰς
508 713 740 770 παρθένους
770 711 953 768 ἁρπάσαι
987 715 1053 756 καὶ
1080 714 1155 763 τὰς
1182 714 1238 768 μὴ
1267 711 1438 767 ἐχούσας
1471 711 1624 768 ἄνδρας
1655 713 1724 755 καὶ

259 781 416 839 μόνας,
441 781 623 824 ἀνελθὼν
644 783 685 824 ἔν
705 785 763 839 τῷ
781 781 928 838 ἱππικῷ
950 778 970 823 ὃ
989 780 1142 835 Ῥῶμος
1161 780 1338 838 ἐθεώρει.
1410 782 1476 823 καὶ
1498 781 1541 823 ἓν
1558 784 1615 838 τῷ
1636 780 1723 822 ἐπι-

271 854 479 894 τελεῖσθαι
504 850 551 892 τὸ
581 846 846 905 ἱπποδρόμιον
883 848 1105 898 ἀπολυθεὶς
1132 847 1152 892 ὃ
1180 849 1355 906 στρατὸς
1371 849 1415 891 ἐκ
1431 851 1506 891 τοῦ
1522 848 1724 891 παλατίου

274 919 471 975 ὥρμησαν
489 918 530 959 ἐν
547 922 604 976 τῷ
625 918 795 976 ἱππικῷ,
833 918 899 959 καὶ
921 917 962 959 ἐκ
979 921 1061 960 τῶν
1077 915 1251 972 βάθρων
1271 917 1502 960 ἀνέσπασαν
1521 915 1597 966 τὰς
1614 932 1721 972 παρ-
1733 927 1778 963 10

273 988 424 1036 θένους
449 992 639 1042 γυναῖκας
673 987 739 1027 καὶ
766 985 840 1035 τὰς
871 985 928 1039 μὴ
962 982 1132 1039 ἐχούσας
1159 984 1334 1041 ἄνδρας·
1369 985 1435 1026 καὶ
1455 983 1602 1038 ἔλαβον
1627 981 1723 1026 ἔαυ-

274 1062 361 1104 τοῒς
378 1060 578 1109 γυναῖκας.
648 1047 770 1096 τοῦτο
794 1054 838 1095 δὲ
857 1052 957 1108 πρὸς
976 1051 1086 1104 ἅπαξ
1105 1053 1287 1108 ἐποίησεν
1308 1050 1497 1107 ὃῬῶμος
1513 1051 1722 1107 γενέσθαι·

124 1130 157 1161 0
180 1130 250 1166 226
276 1121 419 1171 καθώς
444 1119 464 1163 ὃ
492 1118 732 1178 σοφώτατος
755 1122 987 1177 Βεργίλλιος
1009 1121 1192 1171 ἐξέθετο·
1227 1118 1421 1169 ὡσαύτως
1451 1120 1496 1162 δὲ
1525 1121 1592 1162 καὶ
1615 1110 1725 1162 ΙΪλί-

225 1197 255 1231 C
278 1208 361 1241 νιος
380 1187 402 1233 ὃ
419 1187 628 1243 Ῥωμαίων
642 1186 952 1245 ἱστοριογράφος
973 1186 1278 1246 συνεγράψατο,
1317 1186 1466 1243 ὁμοίως
1486 1187 1530 1230 δὲ
1548 1188 1616 1230 καὶ
1637 1186 1725 1230 Λί-

273 1264 375 1314 βιος.
448 1258 573 1314 ἕτεροι
611 1257 655 1298 δὲ
693 1257 886 1312 ἱστορικοὶ
924 1255 1232 1312 συνεγράψαντο
1266 1260 1430 1314 πρῶτον
1457 1252 1724 1313 ἱπποδρόμιον
1736 1265 1778 1301 15

274 1325 496 1369 ἐπιτελέσαι
517 1324 656 1372 αὐτοῖς
675 1324 745 1366 τὸν
759 1323 914 1377 Ῥῶμον
932 1326 986 1374 εἷς
1003 1323 1255 1381 βούρδωνας.
1661 1336 1663 1338 ’

376 1393 463 1435 Τὸν
498 1393 542 1434 δὲ
576 1390 731 1446 Ῥῶμον
765 1393 830 1434 καὶ
858 1391 928 1434 τὸν
958 1390 1105 1446 Ῥῆμον
1138 1391 1235 1441 τοὺς
1267 1390 1468 1448 ἀδελφοὺς
1495 1391 1724 1447 ἱστοροῦσιν

274 1460 354 1504 ὑπὸ
383 1461 599 1514 Λυκαίνης
629 1459 1050 1515 γαλακτοτροφέντας,
1088 1458 1149 1502 ὅτι
1172 1459 1363 1514 βασιλεὺς
1384 1457 1405 1502 ὅ
1427 1456 1663 1513 Ἀμούλιος,
1701 1455 1723 1500 ὅ

275 1529 412 1571 αὐτῶν
430 1525 618 1579 πάππος,
655 1527 853 1570 ἐκέλευσεν
875 1527 1023 1578 αὐτοὺς
1040 1527 1204 1584 ῥιφῆναι
1223 1529 1278 1577 εἷς
1296 1527 1370 1577 τὰς
1387 1525 1510 1579 ὕλας,
1546 1524 1601 1576 ὥς
1620 1541 1725 1582 πορ-

275 1593 559 1652 νογεννήτους,
596 1595 728 1650 ἐπειδὴ
759 1594 785 1651 ἡ
812 1595 911 1638 Ἰλία
945 1594 972 1651 ἦ
999 1593 1135 1652 μήτηρ
1166 1594 1323 1648 αὐτῶν,
1361 1594 1482 1651 ἱέρεια
1512 1589 1616 1637 οὖσα
1649 1597 1781 1639 voveo

266 1665 438 1720 Ἄρεως,
476 1660 665 1720 ἐφθάρη,
703 1667 972 1720 πορνευθεῖσα
1001 1661 1082 1706 ὖπό
1112 1679 1220 1713 τινος
1249 1660 1523 1718 στρατιώτου,
1559 1663 1648 1719 περὶ
1677 1655 1725 1704 οὗ

279 1732 439 1788 λέγουσι
484 1734 810 1787 μυθολογοῦντες
852 1731 923 1775 τὸν
960 1730 1082 1789 ’Άρεα
1126 1731 1402 1788 ἐγγαστρῶσαι
1445 1727 1595 1785 αὖτῆν,
1660 1730 1728 1772 καὶ

371 1841 404 1875 8.
433 1836 570 1883 μόνας]
594 1837 711 1882 μόνος
734 1839 802 1874 Ox.
825 1839 1038 1885 sequentibus
1060 1839 1146 1874 haec
1166 1838 1318 1883 iungens.
1455 1839 1509 1874 13.
1545 1837 1727 1883 Βεργίλιος

371 1884 452 1926 Ch.‚
475 1885 674 1927 Βελγίλλιος
696 1885 764 1919 Ox.
855 1887 910 1922 18.
932 1883 1314 1940 γαλακτοτροφέντας]
1337 1884 1728 1943 γαλακτοτροφηθῆναι

372 1929 497 1964 Chron.
543 1931 586 1963 V.
609 1931 655 1965 ad
678 1942 712 1975 p.
734 1932 792 1968 37.
813 1931 856 1966 D.
953 1932 1035 1967 ibid.
1061 1927 1121 1967 ὅτε
1143 1931 1234 1974 Ox.‚
1256 1932 1350 1967 διοτι
1371 1929 1498 1965 Chron.
1595 1931 1653 1967 21.
1680 1933 1726 1966 A·

370 1973 461 2020 ρέως
483 1994 527 2000 -
543 1974 645 2021 Ἀρέοι
668 1977 735 2010 Ox.

280 2066 487 2110 urbibusque
520 2069 555 2100 et
585 2066 704 2102 viculis
737 2067 838 2101 etiam
873 2067 974 2112 longe
995 2067 1133 2102 remotis
1156 2067 1201 2102 ad
1222 2067 1338 2102 urbem
1358 2067 1497 2101 Romam
1521 2065 1726 2102 concursita-

279 2113 362 2150 bat;
405 2111 605 2156 Circumque
637 2113 822 2158 implebant
852 2118 1024 2148 matronae
1060 2113 1275 2158 virginesque
1311 2112 1490 2157 innuptae:
1530 2112 1622 2146 inter
1643 2123 1725 2157 quas

281 2162 318 2191 et
340 2156 537 2190 Sabinorum
560 2158 668 2192 sonna
690 2159 932 2202 praecellentes
955 2159 1136 2194 adfuerunt
1157 2158 1268 2200 filiae;
1296 2169 1436 2202 quorum
1456 2158 1554 2202 regio
1578 2158 1620 2192 ab
1642 2158 1727 2191 urbe

282 2202 419 2247 propius
442 2202 571 2236 aberat.
615 2202 768 2236 Dederat
789 2214 890 2247 porro
912 2205 1071 2238 Romulus
1094 2204 1179 2238 clam
1200 2204 1237 2238 in
1257 2202 1434 2244 mandatis,
1461 2214 1506 2236 ne
1527 2203 1725 2248 cujusquam

283 2248 366 2281 civis
388 2247 530 2281 Romani
552 2258 637 2282 uxor
659 2247 694 2281 in
716 2249 908 2301 spectaculo
933 2249 1083 2284 adesset=
1119 2249 1291 2294 Militique
1312 2248 1428 2283 itidem
1450 2259 1508 2283 suo
1530 2248 1656 2289 edixit,
1686 2250 1725 2281 ut

281 2293 473 2326 Matronam
506 2292 627 2327 nullam
659 2298 916 2337 contingerent3
950 2295 1034 2328 solas
1065 2299 1227 2340 raperent
1258 2293 1430 2339 virgines,
1464 2296 1500 2328 et
1523 2303 1608 2338 quae
1642 2292 1724 2327 viris

284 2337 414 2372 omnino
449 2342 614 2373 carerent.
658 2338 757 2372 Solus
788 2342 900 2373 autem
931 2339 966 2373 in
989 2340 1123 2374 Circum
1144 2339 1301 2374 Romulus
1333 2339 1447 2380 venit,
1481 2341 1520 2372 ut
1541 2337 1725 2372 certamina

283 2385 464 2428 spectaret.
508 2383 644 2418 Interim
667 2386 778 2418 autem
801 2383 877 2418 dum
898 2385 1072 2419 ferverent
1094 2384 1341 2429 aurigationes,
1372 2384 1504 2418 emissus
1526 2394 1570 2417 ex
1591 2382 1724 2417 Palatio

283 2428 396 2470 miles,
431 2428 467 2462 in
490 2429 624 2463 Circum
646 2428 807 2474 erumpit,
836 2429 1068 2474 virginesque,
1101 2434 1138 2465 et
1159 2441 1245 2475 quae
1267 2429 1348 2464 viris
1371 2430 1527 2463 carerent
1550 2427 1726 2469 foeminas,

284 2485 327 2507 ex
347 2474 506 2517 gradibus
523 2478 658 2520 raptas,
681 2473 717 2508 iu
739 2484 859 2509 uxores
880 2475 944 2509 sibi
963 2475 1072 2509 duxit.
1117 2476 1193 2510 Hoc
1215 2479 1325 2509 autem
1347 2474 1447 2508 semel
1469 2473 1634 2507 duntaxat
1649 2471 1725 2507 fieri

224 2557 227 2559 ‚
283 2518 393 2552 voluit
414 2519 593 2554 Romulusz
627 2519 681 2554 uti
701 2518 955 2563 sapientissimus
979 2520 1140 2565 Virgilius
1162 2525 1301 2554 testatus
1323 2523 1389 2553 est:
1415 2518 1470 2553 cui
1492 2517 1617 2552 accinit
1639 2529 1726 2562 quo-

284 2575 351 2608 que
373 2564 502 2598 Plinius
526 2565 694 2599 Romanus
716 2565 1035 2610 Historiographus,
1057 2566 1109 2599 uti
1132 2569 1167 2600 et
1189 2565 1302 2599 Livius
1325 2563 1435 2598 etiam.
1482 2563 1620 2598 Caeteri
1640 2573 1723 2598 vero

283 2608 515 2650 tradiderunt,
542 2610 664 2655 prim'os
685 2610 780 2645 ludos
804 2610 985 2655 Equestres
1006 2611 1208 2645 burdonibus
1230 2622 1252 2644 a
1272 2610 1414 2644 Romulo
1436 2609 1634 2643 celebratos.
1742 2646 1749 2653 ⁴

376 2654 550 2689 Romulum
579 2667 662 2691 vero
696 2659 733 2690 et
753 2655 892 2690 Remum
912 2656 1039 2690 fratres
1062 2667 1083 2690 a
1104 2656 1204 2700 Lupa
1224 2655 1368 2689 laetatos
1390 2654 1511 2697 fuisse,
1541 2654 1631 2688 fama
1653 2655 1722 2687 est:

287 2709 359 2732 cum
382 2711 443 2733 rex
466 2699 634 2743 Amulius,
656 2712 737 2736 avus
759 2712 891 2741 eorum,
912 2704 1072 2746 tanquam
1094 2702 1234 2742 nothos,
1257 2712 1314 2735 eos
1335 2700 1370 2734 in
1392 2700 1489 2735 silvas
1512 2698 1634 2744 exponi
1651 2699 1726 2742 jus-

288 2749 391 2778 serat.
446 2746 561 2779 Mater
592 2745 678 2780 enim
699 2746 833 2781 illorum
853 2745 916 2780 Ilia
938 2745 1059 2780 Martis
1089 2745 1264 2787 sacerdoS,
1301 2758 1322 2780 a
1343 2745 1448 2780 milite
1469 2745 1611 2790 quodam
1634 2754 1723 2777 com-

285 2799 401 2832 pressa
431 2791 562 2832 fuerat,
594 2791 683 2826 unde
715 2803 788 2826 eam
817 2803 838 2826 a
859 2791 973 2826 Marte
1005 2791 1180 2835 gravidam
1205 2791 1306 2825 fuisse
1335 2792 1478 2832 factam,
1517 2789 1722 2823 fabulantur.

287 2834 457 2869 Gemellos
481 2840 592 2871 autem
614 2836 739 2872 edidit:
764 2849 866 2882 quos,
889 2840 1072 2883 propterea
1094 2837 1137 2871 ab
1160 2848 1223 2872 avo
1246 2837 1280 2871 in
1303 2836 1394 2874 silvis
1414 2835 1599 2882 expositos,
1621 2843 1722 2878 repe-
