1838 3230
591 152 1066 200 ANNOTATIONES.
1459 155 1563 204 629v

0 293 10 316 ,
103 276 270 324 quenter
287 272 526 322 usurpatur,
558 269 783 321 diciturque
801 269 851 309 de
871 283 940 320 eo,
971 269 1040 321 qui
1059 270 1100 307 in
1121 268 1240 318 iram,
1269 267 1352 307 sive
1371 267 1559 307 offensam

103 327 272 380 alicujus
306 326 460 367 incidit.
517 327 566 366 Ut
592 326 661 365 lib.
693 329 756 368 18.
806 326 904 378 μηνὶ
940 325 1086 366 Ιουνίω
1127 325 1347 366 ἰνδικτιῶνι
1375 327 1427 380 τῇ
1456 320 1561 379 αὐτῇ

101 382 248 436 ἐδέχθη
266 381 292 425 o‘
311 382 527 431 ἐπίσκοπος
554 378 718 434 Ρῶμης,
746 383 938 436 Βιγίλιος,
968 367 1144 423 «ὑπ-ὀποῦ
1162 379 1374 434 βασιλέως·
1403 374 1458 431 ἦν
1483 378 1560 433 γοῖρ

101 435 418 495 ἄγανακτηθεὶς,
447 438 514 480 καὶ
537 437 775 492 προσφυγίῳ
801 435 1048 490 χρησάμενος
1078 438 1134 486 εἰς
1159 435 1231 478 τόν
1258 433 1374 491 ἅγιον
1392 435 1561 489 Σέργιον

101 501 176 535 etc.
233 495 422 547 Exempla
450 495 596 548 passim
624 501 852 532 occurrunt.
915 495 1034 542 Quod
1065 500 1196 533 autem
1225 493 1303 532 hoc
1330 493 1422 531 loco
1451 492 1559 543 dicit,

99 545 156 604 ἦν
185 546 498 606 ἅγανακτηθεὶς,
535 550 588 589 ad
618 549 736 588 finem
764 550 938 601 ejusdem
968 551 1038 590 lib.
1072 554 1137 592 18.
1167 550 1321 601 inquit,
1358 546 1440 590 ’ὗπό
1464 545 1559 603 οἷγα-

100 602 295 659 νᾶκτησιν
333 606 514 661 γέγονεν,
551 606 602 645 de
630 607 820 645 Belisario
857 607 978 646 verba
1006 606 1180 646 habens:
1218 605 1287 646 καὶ
1323 601 1561 658 ἆμφοτὲρων

101 661 376 734 συςχεθένξων
387 693 411 732 ‚,
429 669 512 729 οἱα,
563 667 751 703 κατεῖπον
779 664 1038 718 Βελισσαρίου
1066 665 1141 704 τοῦ
1165 662 1396 716 πατρικίου·
1425 661 1495 702 καὶ
1519 661 1562 702 ἐκ

99 734 244 762 τουτου
274 734 356 760 vno
384 731 653 772 αγανακτησιν
677 718 850 772 γέγονεν.

212 777 317 827 Pag·
345 777 444 818 390.
473 778 511 817 7.
543 774 762 828 διαδέχεται
783 791 841 823 τις
862 771 942 815 οῗπό
959 774 1280 827 Σιλεντιαρίων.]
1311 773 1442 813 Verba
1461 773 1563 812 haec

100 838 266 881 sonant,
296 844 342 869 ac
368 831 401 869 si
432 831 660 870 Anastasius
690 831 903 870 Silentiarii
929 830 1061 869 officio
1091 831 1242 869 dudum
1274 831 1435 868 functus
1466 830 1563 868 suis-

100 895 184 928 set:
223 887 424 939 quomodo
455 887 574 926 etiam
601 888 822 926 invenimus
861 886 882 927 ὁ
911 883 992 927 ἀπό
1019 883 1206 936 ὑπάτων,
1247 883 1325 927 οἷπό
1351 887 1561 939 νοταρίων,

101 944 152 984 de
193 943 250 984 eia
287 944 441 982 scilicet
479 943 648 992 dictum,
691 944 758 995 qui
798 943 1028 982 muneribus
1064 943 1150 981 istis
1186 943 1345 995 jamiam
1384 942 1563 981 defuncti

101 1006 218 1040 sunt:
250 1000 358 1051 quod
387 1005 427 1039 et
454 1001 618 1052 proprie
647 1002 763 1039 etiam
790 1001 833 1038 in
863 999 1116 1051 sequentibus
1145 1000 1295 1038 dictum
1325 1005 1385 1038 est
1411 999 1460 1037 de
1487 999 1563 1036 Pe-

100 1057 206 1108 lagio
235 1056 428 1107 Patricio,
468 1058 539 1107 qui
567 1056 883 1095 Silentiariorum
921 1055 1066 1106 gradus
1096 1069 1230 1094 omnes
1258 1061 1561 1107 praetervectus,

102 1113 155 1152 ad
187 1112 402 1152 Patricium
439 1112 520 1165 jam
549 1112 780 1163 dignitatem
810 1111 1059 1151 ascendisset.
1118 1112 1263 1150 Omnes
1292 1118 1425 1150 tamen
1454 1111 1564 1149 Scri-

100 1176 241 1224 ptores
270 1169 340 1208 alii
375 1181 463 1207 eum
501 1182 550 1207 ex
579 1169 802 1208 Silentiario
830 1169 1115 1219 Imperatorem
1146 1169 1356 1207 salutatum
1383 1167 1561 1210 tradunt.

101 1226 206 1266 Vide
234 1225 453 1266 Marcellin.
491 1225 634 1266 zonar.
663 1226 830 1266 Cedren.
868 1225 960 1263 Chr.
998 1223 1114 1266 Alex.
1151 1224 1303 1263 Victor.
1331 1225 1560 1262 Tununens.

102 1282 215 1322 alios.

213 1336 311 1392 Pag·
344 1340 440 1381 390.
483 1341 548 1381 17.
593 1333 886 1391 παρερχόμενος
921 1332 1001 1377 nino*
1031 1338 1104 1388 τῆς
1127 1335 1375 1389 ἐκκλησίας.]
1405 1335 1562 1374 Mallem

104 1391 172 1437 διά
196 1397 268 1444 τῆς
295 1394 398 1436 ἔκκλ.
429 1393 491 1432 uti
520 1393 642 1433 habet
677 1393 769 1432 Chr.
802 1393 914 1432 Alex.

217 1451 318 1503 Pag-
346 1453 442 1493 391.
486 1453 522 1492 1.
569 1451 796 1506 δυσεντερίᾳ
833 1447 1039 1502 ληφθεὶς]
1076 1449 1133 1487 Ita
1175 1448 1291 1488 etiam
1320 1447 1413 1486 Chr.
1448 1446 1561 1487 Alex.

104 1507 298 1557 Evagrius
326 1513 454 1545 tamen
473 1507 668 1546 Zenonem
697 1507 797 1558 Imp.
820 1505 1018 1544 Comitiali
1048 1504 1186 1543 morbo
1217 1511 1444 1555 correptum
1461 1503 1563 1555 diem

103 1577 220 1603 suum
257 1563 400 1603 obiisse
438 1563 644 1615 perhibet:
681 1566 755 1604 τοῦ
784 1559 978 1613 Ζήνωνος
1006 1562 1143 1601 τοίνυν
1179 1558 1348 1607 ἄπαιδος
1386 1555 1564 1610 τελευτή-

104 1632 247 1667 σαντος
268 1619 504 1671 ἐπιληψείας
529 1616 636 1673 νόσῳ
670 1617 765 1671 μετὰ
795 1619 966 1671 ἕβδομον
995 1617 1062 1657 καὶ
1095 1615 1259 1656 δέκατον
1288 1616 1372 1663 ἔτος
1399 1618 1471 1667 τῆς
1494 1611 1562 1655 αὗ-

104 1679 178 1716 τοῦ
206 1677 427 1728 βασιλείας,
455 1672 597 1727 ἤλπισε
625 1673 697 1727 μὲν
725 1678 925 1728 Λογγῖνος
953 1679 1026 1714 etc.
1087 1672 1285 1711 Cedrenus
1313 1678 1444 1710 tamen
1473 1685 1564 1710 euin

106 1733 207 1772 miro
239 1731 411 1782 quodam
439 1732 561 1770 modo
591 1731 789 1770 sublatum
818 1729 1012 1782 perhibet.

220 1790 315 1841 Pag.
345 1791 438 1830 392.
467 1790 506 1829 8.
549 1791 613 1827 Εν
641 1790 699 1842 τῷ
718 1788 832 1840 δεξιῷ
860 1783 1061 1840 ὀφθαλμῷ
1084 1783 1183 1836 ἔχων
1207 1799 1281 1836 την
1298 1779 1425 1837 κόρην
1444 1785 1561 1836 γλαυ-

106 1841 220 1898 κήν.]
271 1843 444 1882 Eandem
473 1843 668 1883 Anastasii
694 1846 767 1883 τοῦ
794 1838 960 1895 δικόρου
990 1841 1172 1892 appellati
1201 1853 1358 1880 causam
1393 1839 1564 1889 assignat

107 1902 299 1951 Zonaras,
329 1900 423 1939 licet
447 1900 602 1951 singulo
629 1900 746 1938 oculo
771 1899 942 1937 colorem
964 1911 1079 1936 suum
1108 1896 1339 1947 assignando
1367 1910 1388 1933 a
1417 1896 1562 1934 Nostro

36 1965 41 1976 '
107 1957 316 2010 discrepet.
363 1957 535 1995 Zonaras
557 1956 658 1995 enim
678 1955 777 1995 haec
799 1955 935 1994 habet:
966 1954 1124 2007 δίκορος
1151 1949 1193 1994 δ’
1219 1953 1391 1994 ἐκαλεῖτο
1410 1950 1431 1993 ὅ
1450 1957 1562 1992 Ανα-

108 2011 286 2061 στάσιος,
317 2009 381 2054 ὅτι,
395 2009 589 2066 οἷνομοίας
611 2009 800 2064 ἀλλήλαις
817 2009 892 2063 εἶχε
909 2008 980 2058 τοῖς
997 2006 1119 2063 κόρας
1135 2012 1216 2050 τῶν
1235 2006 1460 2061 ὀφθαλμοῖν
1472 2018 1481 2028 ·
1512 2010 1563 2063 τῇ

107 2069 180 2124 μὲν
198 2068 274 2125 γᾶρ
299 2064 353 2123 ἦν
374 2067 417 2111 τὸ
443 2073 581 2124 χρῶμα
600 2065 857 2123 μελάντερον,
895 2062 922 2120 ἦ
946 2065 990 2108 δὲ
1006 2064 1097 2108 zano?
1126 2063 1228 2120 πρός
1242 2063 1285 2107 τὸ
1303 2060 1564 2119 γλαυκότερον

105 2124 381 2182 ἕχρωμάτιστο.

224 2186 320 2235 Pag.
351 2185 446 2224 393.
477 2185 544 2225 22.
587 2180 655 2222 καὶ
680 2180 927 2234 Λογγινίνην
953 2176 1024 2219 τόν
1046 2174 1209 2231 χωλόν.]
1246 2177 1406 2227 Lilingis
1433 2177 1508 2215 iste
1540 2190 1563 2214 a

107 2239 335 2280 Marcellino
366 2239 495 2277 dictus
513 2244 591 2277 est:
631 2237 735 2275 Dum
761 2234 901 2275 bellum
926 2243 1092 2288 paratur
1113 2232 1352 2279 Isauricum,
1398 2230 1564 2284 dumque

108 2296 282 2336 Isaurici
301 2295 503 2348 imperium
532 2293 609 2333 sibi
627 2292 826 2332 vindicare
853 2293 1046 2335 nituntur,
1081 2291 1122 2329 in
1141 2289 1317 2341 Phrygia
1340 2290 1462 2340 juxta
1486 2285 1561 2326 Co-

109 2354 252 2391 ieiuum
271 2352 485 2397 civitatem,
515 2349 615 2389 unde
633 2351 852 2403 confluunt,
883 2345 1078 2398 hungis,
1109 2347 1234 2398 segnis
1253 2342 1407 2399 quidem
1434 2341 1561 2396 pedes,

108 2405 178 2446 sed
193 2423 304 2462 eques
321 2408 362 2446 in
381 2405 480 2446 bello
500 2407 710 2446 acerrimus
730 2419 756 2443 α
769 2403 964 2443 Romanis
980 2404 1129 2456 primus
1147 2403 1187 2441 in
1206 2398 1354 2454 praelio
1378 2397 1562 2438 trucida-

107 2473 192 2503 ωε.-
221 2469 298 2503 etc.

220 2517 324 2558 Ibid.
370 2518 438 2558 καὶ
461 2514 637 2560 Κόνωνα
653 2514 720 2557 τὸν
745 2518 999 2557 Φουσκιανοῦ
1016 2513 1087 2556 τὸν
1106 2509 1184 2554 cinti
1208 2508 1432 2554 ἐπισκόπων
1450 2513 1564 2551 Amc-

110 2575 256 2628 μείας.]
292 2575 490 2613 Cononem
519 2574 628 2613 hunc
657 2571 726 2613 τόν
752 2569 831 2614 οἷπὸ
850 2567 1078 2614 ἐπισκόπων
1097 2569 1306 2621 Απαμείας
1335 2567 1426 2606 ideo
1444 2573 1563 2604 vocat

110 2633 272 2682 Auctor,
287 2632 377 2682 quia
388 2631 611 2682 Episcopali
625 2629 826 2668 functione
844 2628 1005 2667 militari
1016 2639 1176 2666 munere
1196 2629 1444 2672 commutata,
1464 2623 1563 2661 Lon-

110 2689 202 2739 gino
224 2687 379 2736 Isaura,
408 2687 567 2725 Isaurus
595 2693 634 2725 et
649 2687 735 2738 ipse
755 2685 851 2725 belli
879 2684 996 2737 hujus
1021 2682 1172 2721 socium
1200 2695 1283 2721 sese
1303 2679 1561 2732 adjunxerat:

109 2743 202 2781 vide
230 2745 372 2793 Evagr.
393 2743 543 2783 Histor.
572 2743 721 2783 Ecclcs.
739 2742 810 2780 lib.
827 2745 866 2784 3.
891 2755 977 2792 cap.
995 2739 1064 2782 35.
1095 2744 1134 2778 et
1164 2736 1379 2789 Nicephor.
1411 2735 1481 2776 lib.
1499 2738 1563 2778 16.

112 2814 202 2854 cap.
226 2802 292 2843 36.
326 2801 459 2838 Conon
483 2813 577 2839 vero
598 2799 670 2839 iste
689 2805 728 2838 et
750 2796 995 2849 Longinines‚
1026 2795 1108 2836 aive
1128 2794 1300 2845 Lilingis‚
1331 2792 1379 2830 de
1401 2806 1477 2843 quo
1497 2804 1564 2829 su·-
