<?xml version="1.0" encoding="UTF-8"?>
<!DOCTYPE html PUBLIC "-//W3C//DTD XHTML 1.0 Transitional//EN"
    "http://www.w3.org/TR/xhtml1/DTD/xhtml1-transitional.dtd">
<html xmlns="http://www.w3.org/1999/xhtml" xml:lang="en" lang="en">
 <head>
  <title>
</title>
<meta http-equiv="Content-Type" content="text/html;charset=utf-8" />
  <meta name='ocr-system' content='tesseract 3.04.00' />
  <meta name='ocr-capabilities' content='ocr_page ocr_carea ocr_par ocr_line ocrx_word'/>
</head>
<body>
  <div class='ocr_page' id='page_1' title='image "./corpusscriptorum28niebuoft_0456.png"; bbox 0 0 1838 3230; ppageno 0'>
   <div class='ocr_carea' id='block_1_1' title="bbox 269 172 1333 230">
    <p class='ocr_par' dir='ltr' id='par_1_1' title="bbox 269 172 1333 230">
     <span class='ocr_line' id='line_1_1' title="bbox 269 172 1333 230; baseline -0.01 0"><span class='ocrx_word' id='word_1_1' title='bbox 269 181 368 230; x_wconf 86' lang='lat'>374</span> <span class='ocrx_word' id='word_1_2' title='bbox 669 172 966 219; x_wconf 89' lang='lat' dir='ltr'><strong>IOANNIS</strong></span> <span class='ocrx_word' id='word_1_3' title='bbox 992 174 1333 219; x_wconf 90' lang='lat' dir='ltr'><strong>MALALAE</strong></span> 
     </span>
    </p>
   </div>
   <div class='ocr_carea' id='block_1_2' title="bbox 152 282 1794 1708">
    <p class='ocr_par' dir='ltr' id='par_1_2' title="bbox 152 282 1794 1708">
     <span class='ocr_line' id='line_1_2' title="bbox 218 282 1732 351; baseline 0.001 -15"><span class='ocrx_word' id='word_1_4' title='bbox 218 300 251 336; x_wconf 86' lang='lat'>1&gt;</span> <span class='ocrx_word' id='word_1_5' title='bbox 273 302 409 339; x_wconf 79' lang='grc' dir='ltr'>πεῖσον</span> <span class='ocrx_word' id='word_1_6' title='bbox 440 294 578 338; x_wconf 75' lang='grc' dir='ltr'><strong><em>αὐτὸν</em></strong></span> <span class='ocrx_word' id='word_1_7' title='bbox 595 294 715 351; x_wconf 82' lang='grc' dir='ltr'><em>φίλον</em></span> <span class='ocrx_word' id='word_1_8' title='bbox 738 310 820 348; x_wconf 87' lang='grc' dir='ltr'>μου</span> <span class='ocrx_word' id='word_1_9' title='bbox 849 288 1052 349; x_wconf 76' lang='grc' dir='ltr'><strong><em>γενέσθαι.</em></strong></span> <span class='ocrx_word' id='word_1_10' title='bbox 1121 282 1380 349; x_wconf 62' lang='grc' dir='ltr'><strong><em>ὗῇελάμβανε</em></strong></span> <span class='ocrx_word' id='word_1_11' title='bbox 1401 295 1446 338; x_wconf 77' lang='grc' dir='ltr'>δὲ</span> <span class='ocrx_word' id='word_1_12' title='bbox 1465 292 1486 338; x_wconf 80' lang='grc' dir='ltr'><strong><em>ὅ</em></strong></span> <span class='ocrx_word' id='word_1_13' title='bbox 1507 286 1631 345; x_wconf 53' lang='lat' dir='ltr'>affrae,-</span> <span class='ocrx_word' id='word_1_14' title='bbox 1647 291 1732 350; x_wconf 70' lang='grc' dir='ltr'>βοο-</span> 
     </span>
     <span class='ocr_line' id='line_1_3' title="bbox 272 360 1737 419; baseline -0.001 -12"><span class='ocrx_word' id='word_1_15' title='bbox 272 363 404 414; x_wconf 75' lang='grc' dir='ltr'><strong><em>σιλεῦς</em></strong></span> <span class='ocrx_word' id='word_1_16' title='bbox 419 363 545 406; x_wconf 73' lang='grc' dir='ltr'><strong><em>Λέων</em></strong></span> <span class='ocrx_word' id='word_1_17' title='bbox 566 363 637 406; x_wconf 82' lang='grc' dir='ltr'><strong><em>τὸν</em></strong></span> <span class='ocrx_word' id='word_1_18' title='bbox 668 361 793 405; x_wconf 74' lang='grc' dir='ltr'><strong><em>αὐτὸν</em></strong></span> <span class='ocrx_word' id='word_1_19' title='bbox 809 360 1045 419; x_wconf 73' lang='grc' dir='ltr'><strong><em>Ὀλύβριον,</em></strong></span> <span class='ocrx_word' id='word_1_20' title='bbox 1085 360 1146 405; x_wconf 81' lang='grc' dir='ltr'>ὅτι</span> <span class='ocrx_word' id='word_1_21' title='bbox 1172 362 1370 416; x_wconf 75' lang='grc' dir='ltr'><em>ἀντείχετο</em></span> <span class='ocrx_word' id='word_1_22' title='bbox 1397 363 1636 418; x_wconf 78' lang='grc' dir='ltr'><strong><em>Ζινζηρίχου</em></strong></span> <span class='ocrx_word' id='word_1_23' title='bbox 1655 365 1737 417; x_wconf 49' lang='grc' dir='ltr'>’καὶ</span> 
     </span>
     <span class='ocr_line' id='line_1_4' title="bbox 274 427 1737 487; baseline -0.001 -12"><span class='ocrx_word' id='word_1_24' title='bbox 274 431 336 475; x_wconf 84' lang='grc' dir='ltr'>ὅτι</span> <span class='ocrx_word' id='word_1_25' title='bbox 354 436 427 474; x_wconf 86' lang='grc' dir='ltr'><strong><em>τοῦ</em></strong></span> <span class='ocrx_word' id='word_1_26' title='bbox 449 431 598 487; x_wconf 75' lang='grc' dir='ltr'><strong><em>με’ρους</em></strong></span> <span class='ocrx_word' id='word_1_27' title='bbox 617 429 742 472; x_wconf 78' lang='grc' dir='ltr'><strong><em>αὐτοῦ</em></strong></span> <span class='ocrx_word' id='word_1_28' title='bbox 763 427 930 486; x_wconf 80' lang='grc' dir='ltr'><strong><em>ὖπῆρχε,</em></strong></span> <span class='ocrx_word' id='word_1_29' title='bbox 958 432 1024 472; x_wconf 79' lang='grc' dir='ltr'>καὶ</span> <span class='ocrx_word' id='word_1_30' title='bbox 1046 429 1376 487; x_wconf 80' lang='grc' dir='ltr'><strong><em>παρεφυλάττετο</em></strong></span> <span class='ocrx_word' id='word_1_31' title='bbox 1401 430 1524 473; x_wconf 79' lang='grc' dir='ltr'><strong><em>αὐτὸν</em></strong></span> <span class='ocrx_word' id='word_1_32' title='bbox 1544 427 1566 473; x_wconf 77' lang='grc' dir='ltr'><strong><em>ὃ</em></strong></span> <span class='ocrx_word' id='word_1_33' title='bbox 1586 428 1737 484; x_wconf 61' lang='grc' dir='ltr'>Λέων,7</span> 
     </span>
     <span class='ocr_line' id='line_1_5' title="bbox 275 496 1733 555; baseline -0.001 -13"><span class='ocrx_word' id='word_1_34' title='bbox 275 500 330 555; x_wconf 85' lang='grc' dir='ltr'>μὴ</span> <span class='ocrx_word' id='word_1_35' title='bbox 358 500 428 542; x_wconf 76' lang='grc' dir='ltr'><strong><em>ἐὰν</em></strong></span> <span class='ocrx_word' id='word_1_36' title='bbox 458 496 600 555; x_wconf 79' lang='grc' dir='ltr'><strong><em>κινήσῃ</em></strong></span> <span class='ocrx_word' id='word_1_37' title='bbox 628 497 733 540; x_wconf 76' lang='grc' dir='ltr'>κατὰ</span> <span class='ocrx_word' id='word_1_38' title='bbox 757 498 945 547; x_wconf 77' lang='grc' dir='ltr'><strong><em>Λέοντος</em></strong></span> <span class='ocrx_word' id='word_1_39' title='bbox 980 497 1212 555; x_wconf 82' lang='grc' dir='ltr'><strong><em>Ζινζήριχος</em></strong></span> <span class='ocrx_word' id='word_1_40' title='bbox 1239 497 1438 553; x_wconf 80' lang='grc' dir='ltr'><strong><em>πόλεμον,</em></strong></span> <span class='ocrx_word' id='word_1_41' title='bbox 1476 496 1676 555; x_wconf 75' lang='grc' dir='ltr'><strong><em>προδώσει</em></strong></span> <span class='ocrx_word' id='word_1_42' title='bbox 1706 496 1733 542; x_wconf 78' lang='grc' dir='ltr'><strong><em>ὃ</em></strong></span> 
     </span>
     <span class='ocr_line' id='line_1_6' title="bbox 152 563 1769 625; baseline -0.001 -12"><span class='ocrx_word' id='word_1_43' title='bbox 152 577 184 612; x_wconf 94' lang='grc' dir='ltr'><strong>Ο</strong></span> <span class='ocrx_word' id='word_1_44' title='bbox 210 579 255 612; x_wconf 77' lang='grc'>82</span> <span class='ocrx_word' id='word_1_45' title='bbox 278 567 400 617; x_wconf 81' lang='grc' dir='ltr'><strong><em>αὐτὸς</em></strong></span> <span class='ocrx_word' id='word_1_46' title='bbox 419 564 630 621; x_wconf 81' lang='grc' dir='ltr'><strong><em>Ὀλύβριος</em></strong></span> <span class='ocrx_word' id='word_1_47' title='bbox 652 564 1082 609; x_wconf 73' lang='grc' dir='ltr'><strong><em>Κωνσταντινοῦπολιν</em></strong></span> <span class='ocrx_word' id='word_1_48' title='bbox 1101 571 1159 625; x_wconf 73' lang='grc' dir='ltr'>τῷ</span> <span class='ocrx_word' id='word_1_49' title='bbox 1179 568 1418 625; x_wconf 80' lang='grc' dir='ltr'><strong><em>Ζινζηρίχῳ,</em></strong></span> <span class='ocrx_word' id='word_1_50' title='bbox 1448 564 1503 616; x_wconf 83' lang='grc' dir='ltr'>ὥς</span> <span class='ocrx_word' id='word_1_51' title='bbox 1523 563 1726 622; x_wconf 60' lang='grc' dir='ltr'><strong><em>συγγενής,</em></strong></span> <span class='ocrx_word' id='word_1_52' title='bbox 1739 575 1769 611; x_wconf 65' lang='grc' dir='ltr'>θ.</span> 
     </span>
     <span class='ocr_line' id='line_1_7' title="bbox 277 631 1743 690; baseline -0.001 -13"><span class='ocrx_word' id='word_1_53' title='bbox 277 637 344 678; x_wconf 84' lang='grc' dir='ltr'>καὶ</span> <span class='ocrx_word' id='word_1_54' title='bbox 362 633 422 677; x_wconf 80' lang='grc' dir='ltr'>ὅτι</span> <span class='ocrx_word' id='word_1_55' title='bbox 442 631 646 687; x_wconf 78' lang='grc' dir='ltr'><strong><em>βασιλεύει</em></strong></span> <span class='ocrx_word' id='word_1_56' title='bbox 669 631 690 676; x_wconf 83' lang='grc' dir='ltr'><em>ὃ</em></span> <span class='ocrx_word' id='word_1_57' title='bbox 715 633 836 684; x_wconf 75' lang='grc' dir='ltr'><strong><em>αὐτὸς</em></strong></span> <span class='ocrx_word' id='word_1_58' title='bbox 856 632 1071 690; x_wconf 81' lang='grc' dir='ltr'><strong><em>Ὀλύβριος</em></strong></span> <span class='ocrx_word' id='word_1_59' title='bbox 1090 635 1130 676; x_wconf 77' lang='grc' dir='ltr'><strong><em>ἓν</em></strong></span> <span class='ocrx_word' id='word_1_60' title='bbox 1155 631 1594 677; x_wconf 83' lang='grc' dir='ltr'><strong><em>Κωνσταντινουπόλει.</em></strong></span> <span class='ocrx_word' id='word_1_61' title='bbox 1663 635 1743 676; x_wconf 61' lang='grc' dir='ltr'>καὶ</span> 
     </span>
     <span class='ocr_line' id='line_1_8' title="bbox 278 699 1736 759; baseline -0.001 -14"><span class='ocrx_word' id='word_1_62' title='bbox 278 702 382 757; x_wconf 78' lang='grc' dir='ltr'><strong><em>μετὰ</em></strong></span> <span class='ocrx_word' id='word_1_63' title='bbox 407 701 452 744; x_wconf 83' lang='grc' dir='ltr'>τὸ</span> <span class='ocrx_word' id='word_1_64' title='bbox 476 700 640 744; x_wconf 77' lang='grc' dir='ltr'><strong><em>ὁδεῦσαι</em></strong></span> <span class='ocrx_word' id='word_1_65' title='bbox 663 700 879 759; x_wconf 80' lang='grc' dir='ltr'><strong><em>Ὀλῦβριον</em></strong></span> <span class='ocrx_word' id='word_1_66' title='bbox 900 702 963 745; x_wconf 76' lang='grc' dir='ltr'>ἐπὶ</span> <span class='ocrx_word' id='word_1_67' title='bbox 984 701 1058 757; x_wconf 85' lang='grc' dir='ltr'><strong><em>τὴν</em></strong></span> <span class='ocrx_word' id='word_1_68' title='bbox 1081 700 1239 757; x_wconf 82' lang='grc' dir='ltr'><em>Ῥώμην</em></span> <span class='ocrx_word' id='word_1_69' title='bbox 1273 701 1451 745; x_wconf 75' lang='grc' dir='ltr'><strong><em>ἐάσαντα</em></strong></span> <span class='ocrx_word' id='word_1_70' title='bbox 1481 701 1556 757; x_wconf 88' lang='grc' dir='ltr'><strong><em>τὴν</em></strong></span> <span class='ocrx_word' id='word_1_71' title='bbox 1583 699 1736 744; x_wconf 71' lang='grc' dir='ltr'><strong><em>ἑαυτοῦ.</em></strong></span> 
     </span>
     <span class='ocr_line' id='line_1_9' title="bbox 279 760 1740 826; baseline 0.001 -15"><span class='ocrx_word' id='word_1_72' title='bbox 279 777 447 825; x_wconf 74' lang='grc' dir='ltr'><strong><em>γυναῖκα</em></strong></span> <span class='ocrx_word' id='word_1_73' title='bbox 469 760 700 811; x_wconf 69' lang='grc' dir='ltr'><strong><em>Πλακιδιάν</em></strong></span> <span class='ocrx_word' id='word_1_74' title='bbox 721 772 789 811; x_wconf 81' lang='grc' dir='ltr'>καὶ</span> <span class='ocrx_word' id='word_1_75' title='bbox 807 770 880 825; x_wconf 82' lang='grc' dir='ltr'><strong><em>τὴν</em></strong></span> <span class='ocrx_word' id='word_1_76' title='bbox 902 770 1111 826; x_wconf 76' lang='grc' dir='ltr'><em>θυγατέρα</em></span> <span class='ocrx_word' id='word_1_77' title='bbox 1133 769 1258 813; x_wconf 77' lang='grc' dir='ltr'><strong><em>αὐτοῦ</em></strong></span> <span class='ocrx_word' id='word_1_78' title='bbox 1278 772 1320 813; x_wconf 76' lang='grc' dir='ltr'><strong><em>ἐν</em></strong></span> <span class='ocrx_word' id='word_1_79' title='bbox 1339 767 1740 813; x_wconf 67' lang='grc' dir='ltr'>Κωνστοιντινουιντο’·-.Δ</span> 
     </span>
     <span class='ocr_line' id='line_1_10' title="bbox 279 835 1732 894; baseline 0 -14"><span class='ocrx_word' id='word_1_80' title='bbox 279 843 336 880; x_wconf 91' lang='grc' dir='ltr'>λει</span> <span class='ocrx_word' id='word_1_81' title='bbox 357 837 529 894; x_wconf 66' lang='grc' dir='ltr'><strong><em>ἔγραψεν</em></strong></span> <span class='ocrx_word' id='word_1_82' title='bbox 551 835 575 880; x_wconf 78' lang='grc' dir='ltr'>ὅ</span> <span class='ocrx_word' id='word_1_83' title='bbox 587 835 802 887; x_wconf 74' lang='grc' dir='ltr'><strong><em>θειότατος</em></strong></span> <span class='ocrx_word' id='word_1_84' title='bbox 821 840 982 892; x_wconf 71' lang='grc' dir='ltr'>[θεῖος]</span> <span class='ocrx_word' id='word_1_85' title='bbox 1003 838 1193 892; x_wconf 77' lang='grc' dir='ltr'><strong><em>βασιλεὺς</em></strong></span> <span class='ocrx_word' id='word_1_86' title='bbox 1211 838 1337 881; x_wconf 74' lang='grc' dir='ltr'><strong><em>Λέων</em></strong></span> <span class='ocrx_word' id='word_1_87' title='bbox 1356 838 1424 880; x_wconf 78' lang='grc' dir='ltr'>διὰ</span> <span class='ocrx_word' id='word_1_88' title='bbox 1438 841 1732 894; x_wconf 77' lang='grc' dir='ltr'><strong><em>μαγιστριανοῦ</em></strong></span> 
     </span>
     <span class='ocr_line' id='line_1_11' title="bbox 273 904 1790 963; baseline -0.002 -14"><span class='ocrx_word' id='word_1_89' title='bbox 273 906 486 963; x_wconf 79' lang='grc' dir='ltr'><strong><em>Ἀνθιμίῳ,</em></strong></span> <span class='ocrx_word' id='word_1_90' title='bbox 506 909 670 959; x_wconf 84' lang='grc' dir='ltr'><strong><em>βασιλεῖ</em></strong></span> <span class='ocrx_word' id='word_1_91' title='bbox 684 910 756 961; x_wconf 83' lang='grc' dir='ltr'>τῆς</span> <span class='ocrx_word' id='word_1_92' title='bbox 773 904 943 961; x_wconf 80' lang='grc' dir='ltr'><strong><em>Ῥώμης,</em></strong></span> <span class='ocrx_word' id='word_1_93' title='bbox 967 910 1099 948; x_wconf 79' lang='grc' dir='ltr'><strong><em>ταῦτα</em></strong></span> <span class='ocrx_word' id='word_1_94' title='bbox 1120 904 1181 948; x_wconf 81' lang='grc' dir='ltr'>ὅτι</span> <span class='ocrx_word' id='word_1_95' title='bbox 1200 906 1302 962; x_wconf 79' lang='grc' dir='ltr'>Ἐγώ</span> <span class='ocrx_word' id='word_1_96' title='bbox 1326 905 1525 962; x_wconf 73' lang='grc' dir='ltr'><strong><em>ἐφόνευσα</em></strong></span> <span class='ocrx_word' id='word_1_97' title='bbox 1541 905 1731 961; x_wconf 78' lang='grc' dir='ltr'><strong><em>’Ἀσπαρα</em></strong></span> <span class='ocrx_word' id='word_1_98' title='bbox 1744 913 1790 947; x_wconf 91' lang='grc'>10</span> 
     </span>
     <span class='ocr_line' id='line_1_12' title="bbox 281 971 1734 1030; baseline 0 -14"><span class='ocrx_word' id='word_1_99' title='bbox 281 975 348 1016; x_wconf 83' lang='grc' dir='ltr'>καὶ</span> <span class='ocrx_word' id='word_1_100' title='bbox 369 971 686 1030; x_wconf 72' lang='grc' dir='ltr'><strong><em>Ἀρδαβοίριον,</em></strong></span> <span class='ocrx_word' id='word_1_101' title='bbox 726 975 795 1016; x_wconf 62' lang='grc' dir='ltr'><strong><em>’ἵνα</em></strong></span> <span class='ocrx_word' id='word_1_102' title='bbox 820 975 961 1029; x_wconf 80' lang='grc' dir='ltr'><strong><em>μηδείς</em></strong></span> <span class='ocrx_word' id='word_1_103' title='bbox 986 992 1055 1028; x_wconf 92' lang='grc' dir='ltr'>μοι</span> <span class='ocrx_word' id='word_1_104' title='bbox 1084 974 1333 1017; x_wconf 75' lang='grc' dir='ltr'><strong><em>ἐναντιοῦται</em></strong></span> <span class='ocrx_word' id='word_1_105' title='bbox 1361 972 1580 1017; x_wconf 80' lang='grc' dir='ltr'><strong><em>κελεύοντι·</em></strong></span> <span class='ocrx_word' id='word_1_106' title='bbox 1629 972 1734 1016; x_wconf 74' lang='grc' dir='ltr'><strong><em>ἀλλὰ</em></strong></span> 
     </span>
     <span class='ocr_line' id='line_1_13' title="bbox 232 1039 1735 1099; baseline -0.001 -14"><span class='ocrx_word' id='word_1_107' title='bbox 232 1051 264 1085; x_wconf 83' lang='grc' dir='ltr'><strong>Ε</strong></span> <span class='ocrx_word' id='word_1_108' title='bbox 288 1043 355 1084; x_wconf 84' lang='grc' dir='ltr'>καὶ</span> <span class='ocrx_word' id='word_1_109' title='bbox 381 1041 431 1083; x_wconf 78' lang='grc' dir='ltr'>σὺ</span> <span class='ocrx_word' id='word_1_110' title='bbox 460 1039 658 1098; x_wconf 85' lang='grc' dir='ltr'><strong><em>φόνευσον</em></strong></span> <span class='ocrx_word' id='word_1_111' title='bbox 686 1041 757 1084; x_wconf 82' lang='grc' dir='ltr'><strong><em>τὸν</em></strong></span> <span class='ocrx_word' id='word_1_112' title='bbox 784 1041 969 1099; x_wconf 78' lang='grc' dir='ltr'><strong><em>γαμβρόν</em></strong></span> <span class='ocrx_word' id='word_1_113' title='bbox 1001 1059 1076 1085; x_wconf 90' lang='grc' dir='ltr'>σου</span> <span class='ocrx_word' id='word_1_114' title='bbox 1098 1040 1273 1098; x_wconf 81' lang='grc' dir='ltr'><strong><em>Ῥεκίμερ</em></strong></span> <span class='ocrx_word' id='word_1_115' title='bbox 1285 1075 1298 1094; x_wconf 85' lang='grc'>,</span> <span class='ocrx_word' id='word_1_116' title='bbox 1331 1043 1400 1084; x_wconf 66' lang='grc' dir='ltr'><strong><em>ἰ’να</em></strong></span> <span class='ocrx_word' id='word_1_117' title='bbox 1423 1041 1478 1096; x_wconf 84' lang='grc' dir='ltr'>μὴ</span> <span class='ocrx_word' id='word_1_118' title='bbox 1502 1039 1636 1084; x_wconf 73' lang='grc' dir='ltr'><strong><em>ἐπάνω</em></strong></span> <span class='ocrx_word' id='word_1_119' title='bbox 1658 1058 1735 1084; x_wconf 85' lang='grc' dir='ltr'>σου</span> 
     </span>
     <span class='ocr_line' id='line_1_14' title="bbox 284 1101 1745 1166; baseline 0.001 -15"><span class='ocrx_word' id='word_1_120' title='bbox 284 1106 435 1166; x_wconf 80' lang='grc' dir='ltr'><strong><em>κελεύῃ.</em></strong></span> <span class='ocrx_word' id='word_1_121' title='bbox 505 1108 594 1150; x_wconf 77' lang='grc' dir='ltr'>ῗὸοὑ</span> <span class='ocrx_word' id='word_1_122' title='bbox 628 1108 839 1152; x_wconf 73' lang='grc' dir='ltr'><strong><em>ἀπέστειλά</em></strong></span> <span class='ocrx_word' id='word_1_123' title='bbox 867 1126 931 1152; x_wconf 92' lang='grc' dir='ltr'>σοι</span> <span class='ocrx_word' id='word_1_124' title='bbox 963 1112 1029 1153; x_wconf 85' lang='grc' dir='ltr'>καὶ</span> <span class='ocrx_word' id='word_1_125' title='bbox 1049 1101 1266 1164; x_wconf 67' lang='grc' dir='ltr'><strong><em>Ὀλύβριον</em></strong></span> <span class='ocrx_word' id='word_1_126' title='bbox 1295 1110 1366 1152; x_wconf 79' lang='grc' dir='ltr'><strong><em>τὸν</em></strong></span> <span class='ocrx_word' id='word_1_127' title='bbox 1390 1110 1620 1165; x_wconf 83' lang='grc' dir='ltr'><strong><em>πατρίκιον·</em></strong></span> <span class='ocrx_word' id='word_1_128' title='bbox 1656 1102 1745 1166; x_wconf 44' lang='lat' dir='ltr'>‹pti-7</span> 
     </span>
     <span class='ocr_line' id='line_1_15' title="bbox 284 1174 1734 1232; baseline 0.001 -13"><span class='ocrx_word' id='word_1_129' title='bbox 284 1194 425 1219; x_wconf 85' lang='grc' dir='ltr'><strong><em>νευσον</em></strong></span> <span class='ocrx_word' id='word_1_130' title='bbox 459 1177 525 1217; x_wconf 81' lang='grc' dir='ltr'>καὶ</span> <span class='ocrx_word' id='word_1_131' title='bbox 557 1176 680 1219; x_wconf 80' lang='grc' dir='ltr'><strong><em>αὐτὸν</em></strong></span> <span class='ocrx_word' id='word_1_132' title='bbox 712 1179 779 1219; x_wconf 84' lang='grc' dir='ltr'>καὶ</span> <span class='ocrx_word' id='word_1_133' title='bbox 812 1180 1056 1232; x_wconf 79' lang='grc' dir='ltr'><strong><em>βασίλευσον</em></strong></span> <span class='ocrx_word' id='word_1_134' title='bbox 1084 1176 1253 1221; x_wconf 76' lang='grc' dir='ltr'><strong><em>κελεύων</em></strong></span> <span class='ocrx_word' id='word_1_135' title='bbox 1287 1179 1352 1219; x_wconf 81' lang='grc' dir='ltr'>καὶ</span> <span class='ocrx_word' id='word_1_136' title='bbox 1381 1177 1437 1232; x_wconf 85' lang='grc' dir='ltr'>μὴ</span> <span class='ocrx_word' id='word_1_137' title='bbox 1468 1174 1734 1231; x_wconf 80' lang='grc' dir='ltr'><strong><em>κελευόμενος.</em></strong></span> 
     </span>
     <span class='ocr_line' id='line_1_16' title="bbox 284 1239 1794 1301; baseline 0.001 -16"><span class='ocrx_word' id='word_1_138' title='bbox 284 1239 334 1299; x_wconf 75' lang='grc' dir='ltr'><strong><em>ἦν</em></strong></span> <span class='ocrx_word' id='word_1_139' title='bbox 358 1245 403 1286; x_wconf 74' lang='grc' dir='ltr'>δὲ</span> <span class='ocrx_word' id='word_1_140' title='bbox 423 1243 625 1300; x_wconf 78' lang='grc' dir='ltr'><strong><em>ἀφορίσας</em></strong></span> <span class='ocrx_word' id='word_1_141' title='bbox 644 1242 665 1286; x_wconf 86' lang='grc' dir='ltr'><strong><em>ὅ</em></strong></span> <span class='ocrx_word' id='word_1_142' title='bbox 686 1242 859 1300; x_wconf 83' lang='grc' dir='ltr'><strong><em>Ῥεκίμερ</em></strong></span> <span class='ocrx_word' id='word_1_143' title='bbox 889 1248 943 1295; x_wconf 78' lang='grc' dir='ltr'>εἷς</span> <span class='ocrx_word' id='word_1_144' title='bbox 962 1244 1134 1300; x_wconf 74' lang='grc' dir='ltr'><strong><em>ἑκάστην</em></strong></span> <span class='ocrx_word' id='word_1_145' title='bbox 1155 1243 1310 1301; x_wconf 83' lang='grc' dir='ltr'><strong><em>πόρταν</em></strong></span> <span class='ocrx_word' id='word_1_146' title='bbox 1322 1243 1479 1299; x_wconf 81' lang='grc' dir='ltr'><strong><em>Ῥώμης</em></strong></span> <span class='ocrx_word' id='word_1_147' title='bbox 1505 1247 1570 1288; x_wconf 78' lang='grc' dir='ltr'>καὶ</span> <span class='ocrx_word' id='word_1_148' title='bbox 1590 1246 1647 1294; x_wconf 77' lang='grc' dir='ltr'>εἷς</span> <span class='ocrx_word' id='word_1_149' title='bbox 1663 1244 1734 1287; x_wconf 85' lang='grc' dir='ltr'><strong><em>τόν</em></strong></span> <span class='ocrx_word' id='word_1_150' title='bbox 1746 1252 1794 1291; x_wconf 77' lang='grc'>15,</span> 
     </span>
     <span class='ocr_line' id='line_1_17' title="bbox 285 1310 1736 1370; baseline 0 -16"><span class='ocrx_word' id='word_1_151' title='bbox 285 1312 424 1365; x_wconf 73' lang='grc' dir='ltr'><strong><em>λιμένα</em></strong></span> <span class='ocrx_word' id='word_1_152' title='bbox 445 1310 644 1366; x_wconf 73' lang='grc' dir='ltr'><strong><em>βοήθειαν</em></strong></span> <span class='ocrx_word' id='word_1_153' title='bbox 663 1315 703 1354; x_wconf 89' lang='grc' dir='ltr'><strong><em>Γ</em></strong></span> <span class='ocrx_word' id='word_1_154' title='bbox 700 1312 889 1367; x_wconf 68' lang='grc' dir='ltr'><strong><em>οτθικήν·</em></strong></span> <span class='ocrx_word' id='word_1_155' title='bbox 926 1316 993 1355; x_wconf 83' lang='grc' dir='ltr'>καὶ</span> <span class='ocrx_word' id='word_1_156' title='bbox 1013 1314 1054 1355; x_wconf 75' lang='grc' dir='ltr'>εἶ’</span> <span class='ocrx_word' id='word_1_157' title='bbox 1063 1330 1124 1363; x_wconf 86' lang='grc' dir='ltr'>τις</span> <span class='ocrx_word' id='word_1_158' title='bbox 1145 1311 1347 1370; x_wconf 82' lang='grc' dir='ltr'><strong><em>εἶσήρχετο</em></strong></span> <span class='ocrx_word' id='word_1_159' title='bbox 1373 1314 1415 1354; x_wconf 78' lang='grc' dir='ltr'><strong><em>ἕν</em></strong></span> <span class='ocrx_word' id='word_1_160' title='bbox 1434 1310 1590 1370; x_wconf 82' lang='grc' dir='ltr'><strong><em>Ῥώμῃ,</em></strong></span> <span class='ocrx_word' id='word_1_161' title='bbox 1623 1313 1736 1368; x_wconf 75' lang='grc' dir='ltr'><strong><em>ἔρευ-</em></strong></span> 
     </span>
     <span class='ocr_line' id='line_1_18' title="bbox 286 1379 1736 1436; baseline 0 -14"><span class='ocrx_word' id='word_1_162' title='bbox 286 1383 385 1422; x_wconf 84' lang='grc' dir='ltr'>νᾶτο</span> <span class='ocrx_word' id='word_1_163' title='bbox 406 1381 450 1421; x_wconf 86' lang='grc' dir='ltr'>τί</span> <span class='ocrx_word' id='word_1_164' title='bbox 463 1379 686 1435; x_wconf 77' lang='grc' dir='ltr'><strong><em>ἐπεφέρετο.</em></strong></span> <span class='ocrx_word' id='word_1_165' title='bbox 737 1398 739 1401; x_wconf 66' lang='grc'>’</span> <span class='ocrx_word' id='word_1_166' title='bbox 757 1382 823 1422; x_wconf 83' lang='grc' dir='ltr'>καὶ</span> <span class='ocrx_word' id='word_1_167' title='bbox 843 1379 1094 1430; x_wconf 71' lang='grc' dir='ltr'><strong><em>ἀπελθόντος</em></strong></span> <span class='ocrx_word' id='word_1_168' title='bbox 1114 1385 1186 1423; x_wconf 80' lang='grc' dir='ltr'>τοῦ</span> <span class='ocrx_word' id='word_1_169' title='bbox 1204 1384 1494 1436; x_wconf 83' lang='grc' dir='ltr'><strong><em>μαγιστριανοῧ</em></strong></span> <span class='ocrx_word' id='word_1_170' title='bbox 1513 1380 1736 1423; x_wconf 76' lang='grc' dir='ltr'><strong><em>Μοὸἔστου</em></strong></span> 
     </span>
     <span class='ocr_line' id='line_1_19' title="bbox 166 1446 1738 1505; baseline 0 -17"><span class='ocrx_word' id='word_1_171' title='bbox 166 1456 198 1488; x_wconf 87' lang='lat' dir='ltr'>V</span> <span class='ocrx_word' id='word_1_172' title='bbox 222 1457 267 1491; x_wconf 81' lang='lat'>30</span> <span class='ocrx_word' id='word_1_173' title='bbox 289 1451 363 1490; x_wconf 80' lang='grc' dir='ltr'>τοῦ</span> <span class='ocrx_word' id='word_1_174' title='bbox 383 1447 641 1503; x_wconf 78' lang='grc' dir='ltr'><strong><em>πεμφθέντος</em></strong></span> <span class='ocrx_word' id='word_1_175' title='bbox 662 1446 740 1489; x_wconf 82' lang='grc' dir='ltr'>ἀπὸ</span> <span class='ocrx_word' id='word_1_176' title='bbox 760 1448 946 1498; x_wconf 78' lang='grc' dir='ltr'><strong><em>Λέοντος</em></strong></span> <span class='ocrx_word' id='word_1_177' title='bbox 966 1449 1066 1505; x_wconf 87' lang='grc' dir='ltr'><strong><em>πρὸς</em></strong></span> <span class='ocrx_word' id='word_1_178' title='bbox 1082 1448 1287 1502; x_wconf 77' lang='grc' dir='ltr'><strong><em>Ἀνθίμιον</em></strong></span> <span class='ocrx_word' id='word_1_179' title='bbox 1303 1448 1473 1501; x_wconf 77' lang='grc' dir='ltr'><strong><em>βασιλέα</em></strong></span> <span class='ocrx_word' id='word_1_180' title='bbox 1492 1449 1559 1489; x_wconf 83' lang='grc' dir='ltr'>καὶ</span> <span class='ocrx_word' id='word_1_181' title='bbox 1575 1449 1738 1503; x_wconf 76' lang='grc' dir='ltr'><strong><em>ἐρευνη-</em></strong></span> 
     </span>
     <span class='ocr_line' id='line_1_20' title="bbox 289 1512 1738 1571; baseline -0.001 -14"><span class='ocrx_word' id='word_1_182' title='bbox 289 1515 456 1566; x_wconf 74' lang='grc' dir='ltr'><strong><em>θέντος,</em></strong></span> <span class='ocrx_word' id='word_1_183' title='bbox 489 1512 729 1569; x_wconf 72' lang='grc' dir='ltr'><strong><em>ἐπήρθησαν</em></strong></span> <span class='ocrx_word' id='word_1_184' title='bbox 760 1515 803 1557; x_wconf 75' lang='grc' dir='ltr'>αἱ</span> <span class='ocrx_word' id='word_1_185' title='bbox 833 1515 978 1571; x_wconf 81' lang='grc' dir='ltr'><strong><em>σάκραι</em></strong></span> <span class='ocrx_word' id='word_1_186' title='bbox 1007 1516 1193 1566; x_wconf 75' lang='grc' dir='ltr'><strong><em>Λέοντος</em></strong></span> <span class='ocrx_word' id='word_1_187' title='bbox 1228 1516 1270 1557; x_wconf 80' lang='grc' dir='ltr'>αἶ</span> <span class='ocrx_word' id='word_1_188' title='bbox 1303 1515 1405 1569; x_wconf 82' lang='grc' dir='ltr'><strong><em>πρὸς</em></strong></span> <span class='ocrx_word' id='word_1_189' title='bbox 1428 1515 1639 1569; x_wconf 74' lang='grc' dir='ltr'><strong><em>Ἀνθίμιον</em></strong></span> <span class='ocrx_word' id='word_1_190' title='bbox 1670 1517 1738 1557; x_wconf 82' lang='grc' dir='ltr'>καὶ</span> 
     </span>
     <span class='ocr_line' id='line_1_21' title="bbox 171 1580 1794 1640; baseline 0.001 -16"><span class='ocrx_word' id='word_1_191' title='bbox 171 1597 202 1629; x_wconf 84' lang='lat'>0</span> <span class='ocrx_word' id='word_1_192' title='bbox 227 1597 270 1631; x_wconf 81' lang='lat'>83</span> <span class='ocrx_word' id='word_1_193' title='bbox 295 1583 587 1636; x_wconf 68' lang='grc' dir='ltr'>εἰσηνέχθησαν</span> <span class='ocrx_word' id='word_1_194' title='bbox 608 1587 666 1639; x_wconf 80' lang='grc' dir='ltr'>τῷ</span> <span class='ocrx_word' id='word_1_195' title='bbox 680 1580 854 1640; x_wconf 75' lang='grc' dir='ltr'><strong><em>Ῥεκίμερ</em></strong></span> <span class='ocrx_word' id='word_1_196' title='bbox 868 1598 878 1608; x_wconf 90' lang='grc'><em>·</em></span> <span class='ocrx_word' id='word_1_197' title='bbox 914 1586 980 1626; x_wconf 83' lang='grc' dir='ltr'>καὶ</span> <span class='ocrx_word' id='word_1_198' title='bbox 1000 1583 1144 1633; x_wconf 71' lang='grc' dir='ltr'><strong><em>ἔδειξεν</em></strong></span> <span class='ocrx_word' id='word_1_199' title='bbox 1168 1583 1293 1632; x_wconf 80' lang='grc' dir='ltr'><strong><em>αὐτὰς</em></strong></span> <span class='ocrx_word' id='word_1_200' title='bbox 1306 1583 1522 1640; x_wconf 80' lang='grc' dir='ltr'><strong><em>Ὄλυβρίῳ.</em></strong></span> <span class='ocrx_word' id='word_1_201' title='bbox 1567 1585 1632 1625; x_wconf 80' lang='grc' dir='ltr'>καὶ</span> <span class='ocrx_word' id='word_1_202' title='bbox 1651 1587 1736 1624; x_wconf 85' lang='grc' dir='ltr'><strong><em>λοι-</em></strong></span> <span class='ocrx_word' id='word_1_203' title='bbox 1746 1592 1794 1626; x_wconf 78' lang='grc'>20</span> 
     </span>
     <span class='ocr_line' id='line_1_22' title="bbox 291 1647 1739 1708; baseline 0 -16"><span class='ocrx_word' id='word_1_204' title='bbox 291 1650 367 1692; x_wconf 86' lang='grc' dir='ltr'><strong><em>πὸν</em></strong></span> <span class='ocrx_word' id='word_1_205' title='bbox 385 1650 559 1704; x_wconf 68' lang='grc' dir='ltr'><strong><em>ἔπεμψεν</em></strong></span> <span class='ocrx_word' id='word_1_206' title='bbox 579 1647 600 1692; x_wconf 84' lang='grc' dir='ltr'><em>ὃ</em></span> <span class='ocrx_word' id='word_1_207' title='bbox 619 1647 793 1708; x_wconf 84' lang='grc' dir='ltr'><strong><em>Ῥεκίμερ</em></strong></span> <span class='ocrx_word' id='word_1_208' title='bbox 815 1651 915 1708; x_wconf 85' lang='grc' dir='ltr'><strong><em>πρὸς</em></strong></span> <span class='ocrx_word' id='word_1_209' title='bbox 935 1655 975 1694; x_wconf 92' lang='grc' dir='ltr'><em>Γ</em></span> <span class='ocrx_word' id='word_1_210' title='bbox 972 1649 1242 1707; x_wconf 78' lang='grc' dir='ltr'><strong><em>ουνδαβάριον</em></strong></span> <span class='ocrx_word' id='word_1_211' title='bbox 1263 1651 1333 1693; x_wconf 84' lang='grc' dir='ltr'><strong><em>τὸν</em></strong></span> <span class='ocrx_word' id='word_1_212' title='bbox 1353 1650 1441 1693; x_wconf 77' lang='grc' dir='ltr'><strong><em>υἱὸν</em></strong></span> <span class='ocrx_word' id='word_1_213' title='bbox 1462 1654 1537 1705; x_wconf 84' lang='grc' dir='ltr'>τῆς</span> <span class='ocrx_word' id='word_1_214' title='bbox 1560 1649 1739 1707; x_wconf 77' lang='grc' dir='ltr'><strong><em>ἀδελφῆς</em></strong></span> 
     </span>
    </p>
   </div>
   <div class='ocr_carea' id='block_1_3' title="bbox 380 1766 1744 1870">
    <p class='ocr_par' dir='ltr' id='par_1_3' title="bbox 380 1766 1744 1870">
     <span class='ocr_line' id='line_1_23' title="bbox 380 1766 1740 1817; baseline 0.001 -14"><span class='ocrx_word' id='word_1_215' title='bbox 380 1766 414 1803; x_wconf 83' lang='grc'>4.</span> <span class='ocrx_word' id='word_1_216' title='bbox 444 1766 594 1814; x_wconf 80' lang='grc' dir='ltr'><strong><em>κινήσῃ]</em></strong></span> <span class='ocrx_word' id='word_1_217' title='bbox 619 1767 747 1815; x_wconf 81' lang='grc' dir='ltr'><strong><em>νικήσῃ</em></strong></span> <span class='ocrx_word' id='word_1_218' title='bbox 770 1770 839 1804; x_wconf 86' lang='lat' dir='ltr'>Ox.</span> <span class='ocrx_word' id='word_1_219' title='bbox 952 1772 985 1806; x_wconf 85' lang='lat'>9.</span> <span class='ocrx_word' id='word_1_220' title='bbox 1017 1767 1036 1806; x_wconf 84' lang='grc' dir='ltr'><em>ὃ</em></span> <span class='ocrx_word' id='word_1_221' title='bbox 1059 1769 1254 1810; x_wconf 81' lang='grc' dir='ltr'><strong><em>θειότατος</em></strong></span> <span class='ocrx_word' id='word_1_222' title='bbox 1276 1772 1382 1811; x_wconf 77' lang='grc' dir='ltr'><strong><em>θεῖος</em></strong></span> <span class='ocrx_word' id='word_1_223' title='bbox 1403 1767 1594 1817; x_wconf 70' lang='grc' dir='ltr'><strong><em>βασιλεύς]</em></strong></span> <span class='ocrx_word' id='word_1_224' title='bbox 1618 1769 1740 1815; x_wconf 79' lang='lat' dir='ltr'>„Epi-</span> 
     </span>
     <span class='ocr_line' id='line_1_24' title="bbox 380 1814 1744 1870; baseline 0.001 -23"><span class='ocrx_word' id='word_1_225' title='bbox 380 1814 551 1848; x_wconf 89' lang='lat' dir='ltr'>thetorum</span> <span class='ocrx_word' id='word_1_226' title='bbox 573 1815 689 1848; x_wconf 86' lang='lat' dir='ltr'>horum</span> <span class='ocrx_word' id='word_1_227' title='bbox 713 1816 856 1849; x_wconf 89' lang='lat' dir='ltr'>alterum</span> <span class='ocrx_word' id='word_1_228' title='bbox 878 1816 1009 1850; x_wconf 87' lang='lat' dir='ltr'>omnino</span> <span class='ocrx_word' id='word_1_229' title='bbox 1032 1816 1239 1851; x_wconf 79' lang='lat' dir='ltr'>redundat.“</span> <span class='ocrx_word' id='word_1_230' title='bbox 1263 1816 1327 1852; x_wconf 77' lang='lat' dir='ltr'>ch.</span> <span class='ocrx_word' id='word_1_231' title='bbox 1464 1815 1517 1850; x_wconf 90' lang='lat'>17.</span> <span class='ocrx_word' id='word_1_232' title='bbox 1542 1815 1610 1850; x_wconf 78' lang='grc' dir='ltr'>τοῦ</span> <span class='ocrx_word' id='word_1_233' title='bbox 1631 1816 1744 1870; x_wconf 54' lang='grc' dir='ltr'><strong><em>μαγίῐ,</em></strong></span> 
     </span>
    </p>
   </div>
   <div class='ocr_carea' id='block_1_4' title="bbox 380 1857 1739 1942">
    <p class='ocr_par' dir='ltr' id='par_1_4' title="bbox 380 1857 1739 1942">
     <span class='ocr_line' id='line_1_25' title="bbox 383 1857 1739 1907; baseline 0.002 -14"><span class='ocrx_word' id='word_1_234' title='bbox 383 1870 492 1901; x_wconf 82' lang='grc' dir='ltr'><strong><em>στρου</em></strong></span> <span class='ocrx_word' id='word_1_235' title='bbox 523 1857 829 1906; x_wconf 79' lang='grc' dir='ltr'><strong><em>Ἀνουμοδέστου]</em></strong></span> <span class='ocrx_word' id='word_1_236' title='bbox 870 1861 956 1903; x_wconf 79' lang='lat' dir='ltr'>„Ita</span> <span class='ocrx_word' id='word_1_237' title='bbox 989 1862 1073 1897; x_wconf 89' lang='lat' dir='ltr'>Cod.</span> <span class='ocrx_word' id='word_1_238' title='bbox 1106 1862 1183 1897; x_wconf 88' lang='lat' dir='ltr'>MS.</span> <span class='ocrx_word' id='word_1_239' title='bbox 1228 1861 1346 1907; x_wconf 78' lang='lat' dir='ltr'>Lego,</span> <span class='ocrx_word' id='word_1_240' title='bbox 1381 1862 1451 1897; x_wconf 79' lang='grc' dir='ltr'>τοῦ</span> <span class='ocrx_word' id='word_1_241' title='bbox 1477 1872 1739 1906; x_wconf 73' lang='grc' dir='ltr'><strong><em>μαγιστριανου</em></strong></span> 
     </span>
     <span class='ocr_line' id='line_1_26' title="bbox 380 1903 696 1942; baseline 0.009 -3"><span class='ocrx_word' id='word_1_242' title='bbox 380 1903 609 1942; x_wconf 79' lang='grc' dir='ltr'><strong><em>Μοδέστου.“</em></strong></span> <span class='ocrx_word' id='word_1_243' title='bbox 632 1907 696 1942; x_wconf 87' lang='lat' dir='ltr'>Ch.</span> 
     </span>
    </p>
   </div>
   <div class='ocr_carea' id='block_1_5' title="bbox 294 2006 1742 2868">
    <p class='ocr_par' dir='ltr' id='par_1_5' title="bbox 294 2006 1742 2868">
     <span class='ocr_line' id='line_1_27' title="bbox 294 2006 1739 2052; baseline 0.003 -14"><span class='ocrx_word' id='word_1_244' title='bbox 294 2015 380 2039; x_wconf 85' lang='lat' dir='ltr'>mum</span> <span class='ocrx_word' id='word_1_245' title='bbox 403 2018 477 2040; x_wconf 92' lang='lat' dir='ltr'>eum</span> <span class='ocrx_word' id='word_1_246' title='bbox 499 2018 593 2051; x_wconf 85' lang='lat' dir='ltr'>posse</span> <span class='ocrx_word' id='word_1_247' title='bbox 615 2019 682 2042; x_wconf 91' lang='lat' dir='ltr'>non</span> <span class='ocrx_word' id='word_1_248' title='bbox 706 2007 922 2051; x_wconf 81' lang='lat' dir='ltr'>dubitavit:)</span> <span class='ocrx_word' id='word_1_249' title='bbox 945 2007 1102 2052; x_wconf 90' lang='lat' dir='ltr'>illumque</span> <span class='ocrx_word' id='word_1_250' title='bbox 1123 2006 1157 2041; x_wconf 89' lang='lat' dir='ltr'>in</span> <span class='ocrx_word' id='word_1_251' title='bbox 1182 2007 1326 2052; x_wconf 78' lang='lat' dir='ltr'>gratiam</span> <span class='ocrx_word' id='word_1_252' title='bbox 1348 2019 1460 2043; x_wconf 85' lang='lat' dir='ltr'>secum</span> <span class='ocrx_word' id='word_1_253' title='bbox 1481 2006 1594 2041; x_wconf 86' lang='lat' dir='ltr'>redire</span> <span class='ocrx_word' id='word_1_254' title='bbox 1615 2006 1739 2042; x_wconf 83' lang='lat' dir='ltr'><strong>suade-</strong></span> 
     </span>
     <span class='ocr_line' id='line_1_28' title="bbox 295 2051 1740 2098; baseline 0.003 -15"><span class='ocrx_word' id='word_1_255' title='bbox 295 2054 358 2084; x_wconf 89' lang='lat' dir='ltr'>ret.</span> <span class='ocrx_word' id='word_1_256' title='bbox 405 2051 600 2096; x_wconf 76' lang='lat' dir='ltr'><strong>Suspicatus</strong></span> <span class='ocrx_word' id='word_1_257' title='bbox 622 2054 750 2098; x_wconf 82' lang='lat' dir='ltr'><strong>quippe</strong></span> <span class='ocrx_word' id='word_1_258' title='bbox 774 2059 825 2088; x_wconf 88' lang='lat' dir='ltr'>est</span> <span class='ocrx_word' id='word_1_259' title='bbox 844 2053 913 2087; x_wconf 89' lang='lat' dir='ltr'>Leo</span> <span class='ocrx_word' id='word_1_260' title='bbox 936 2054 1136 2098; x_wconf 82' lang='lat' dir='ltr'><strong>Imperator,</strong></span> <span class='ocrx_word' id='word_1_261' title='bbox 1160 2054 1338 2097; x_wconf 83' lang='lat' dir='ltr'>olybrium</span> <span class='ocrx_word' id='word_1_262' title='bbox 1359 2065 1422 2098; x_wconf 87' lang='lat' dir='ltr'>pro</span> <span class='ocrx_word' id='word_1_263' title='bbox 1445 2051 1645 2087; x_wconf 80' lang='lat' dir='ltr'>Zinzericho</span> <span class='ocrx_word' id='word_1_264' title='bbox 1667 2058 1740 2087; x_wconf 71' lang='lat' dir='ltr'>sta·-⁴</span> 
     </span>
     <span class='ocr_line' id='line_1_29' title="bbox 295 2097 1740 2149; baseline 0.002 -20"><span class='ocrx_word' id='word_1_265' title='bbox 295 2106 334 2129; x_wconf 87' lang='lat' dir='ltr'>re</span> <span class='ocrx_word' id='word_1_266' title='bbox 357 2099 393 2130; x_wconf 84' lang='lat' dir='ltr'>et</span> <span class='ocrx_word' id='word_1_267' title='bbox 414 2101 528 2149; x_wconf 79' lang='lat' dir='ltr'>partes</span> <span class='ocrx_word' id='word_1_268' title='bbox 552 2099 622 2141; x_wconf 87' lang='lat' dir='ltr'>ejus</span> <span class='ocrx_word' id='word_1_269' title='bbox 644 2105 775 2133; x_wconf 86' lang='lat' dir='ltr'>secreto</span> <span class='ocrx_word' id='word_1_270' title='bbox 800 2110 915 2143; x_wconf 84' lang='lat' dir='ltr'>agere.</span> <span class='ocrx_word' id='word_1_271' title='bbox 970 2099 1125 2132; x_wconf 82' lang='lat' dir='ltr'>Cavebat</span> <span class='ocrx_word' id='word_1_272' title='bbox 1145 2098 1264 2143; x_wconf 87' lang='lat' dir='ltr'>itaque</span> <span class='ocrx_word' id='word_1_273' title='bbox 1285 2098 1347 2132; x_wconf 88' lang='lat' dir='ltr'>sibi</span> <span class='ocrx_word' id='word_1_274' title='bbox 1371 2098 1413 2131; x_wconf 82' lang='lat' dir='ltr'>ab</span> <span class='ocrx_word' id='word_1_275' title='bbox 1437 2109 1500 2139; x_wconf 88' lang='lat' dir='ltr'>eo,</span> <span class='ocrx_word' id='word_1_276' title='bbox 1532 2109 1575 2131; x_wconf 88' lang='lat' dir='ltr'>ne</span> <span class='ocrx_word' id='word_1_277' title='bbox 1598 2097 1625 2131; x_wconf 85' lang='lat' dir='ltr'>si</span> <span class='ocrx_word' id='word_1_278' title='bbox 1648 2098 1740 2133; x_wconf 83' lang='lat' dir='ltr'>forte</span> 
     </span>
     <span class='ocr_line' id='line_1_30' title="bbox 296 2140 1739 2188; baseline 0.003 -14"><span class='ocrx_word' id='word_1_279' title='bbox 296 2140 510 2175; x_wconf 79' lang='lat' dir='ltr'>Zinzerlchus</span> <span class='ocrx_word' id='word_1_280' title='bbox 532 2142 566 2175; x_wconf 88' lang='lat' dir='ltr'>in</span> <span class='ocrx_word' id='word_1_281' title='bbox 589 2155 624 2176; x_wconf 90' lang='lat' dir='ltr'>se</span> <span class='ocrx_word' id='word_1_282' title='bbox 646 2145 736 2178; x_wconf 84' lang='lat' dir='ltr'>bella</span> <span class='ocrx_word' id='word_1_283' title='bbox 759 2148 919 2186; x_wconf 84' lang='lat' dir='ltr'>moveret,</span> <span class='ocrx_word' id='word_1_284' title='bbox 944 2144 1116 2188; x_wconf 85' lang='lat' dir='ltr'>Olybrius,</span> <span class='ocrx_word' id='word_1_285' title='bbox 1148 2147 1185 2177; x_wconf 89' lang='lat' dir='ltr'>ut</span> <span class='ocrx_word' id='word_1_286' title='bbox 1207 2143 1266 2188; x_wconf 90' lang='lat' dir='ltr'>qui</span> <span class='ocrx_word' id='word_1_287' title='bbox 1288 2143 1320 2176; x_wconf 86' lang='lat' dir='ltr'>ei</span> <span class='ocrx_word' id='word_1_288' title='bbox 1342 2142 1509 2177; x_wconf 82' lang='lat' dir='ltr'>affinitate</span> <span class='ocrx_word' id='word_1_289' title='bbox 1527 2143 1664 2186; x_wconf 84' lang='lat' dir='ltr'>junctus</span> <span class='ocrx_word' id='word_1_290' title='bbox 1686 2156 1739 2178; x_wconf 89' lang='lat' dir='ltr'>es-</span> 
     </span>
     <span class='ocr_line' id='line_1_31' title="bbox 295 2186 1740 2234; baseline 0.002 -15"><span class='ocrx_word' id='word_1_291' title='bbox 295 2191 360 2228; x_wconf 88' lang='lat' dir='ltr'>set,</span> <span class='ocrx_word' id='word_1_292' title='bbox 383 2186 703 2232; x_wconf 80' lang='lat' dir='ltr'>Constantinopolim</span> <span class='ocrx_word' id='word_1_293' title='bbox 725 2190 926 2224; x_wconf 87' lang='lat' dir='ltr'>Zinzericho</span> <span class='ocrx_word' id='word_1_294' title='bbox 950 2189 1129 2234; x_wconf 79' lang='lat' dir='ltr'>proderet3</span> <span class='ocrx_word' id='word_1_295' title='bbox 1153 2188 1398 2233; x_wconf 68' lang='lat' dir='ltr'>Imperiumque</span> <span class='ocrx_word' id='word_1_296' title='bbox 1418 2187 1498 2222; x_wconf 89' lang='lat' dir='ltr'>inde</span> <span class='ocrx_word' id='word_1_297' title='bbox 1519 2188 1583 2221; x_wconf 84' lang='lat' dir='ltr'>sibi</span> <span class='ocrx_word' id='word_1_298' title='bbox 1605 2200 1740 2233; x_wconf 84' lang='lat' dir='ltr'>compa-</span> 
     </span>
     <span class='ocr_line' id='line_1_32' title="bbox 297 2232 1738 2279; baseline 0.003 -15"><span class='ocrx_word' id='word_1_299' title='bbox 297 2238 430 2266; x_wconf 83' lang='lat' dir='ltr'>raturus</span> <span class='ocrx_word' id='word_1_300' title='bbox 453 2237 548 2265; x_wconf 83' lang='lat' dir='ltr'>esset.</span> <span class='ocrx_word' id='word_1_301' title='bbox 595 2234 676 2266; x_wconf 86' lang='lat' dir='ltr'>Post</span> <span class='ocrx_word' id='word_1_302' title='bbox 697 2234 814 2279; x_wconf 86' lang='lat' dir='ltr'>itaque</span> <span class='ocrx_word' id='word_1_303' title='bbox 836 2247 934 2279; x_wconf 87' lang='lat' dir='ltr'>quam</span> <span class='ocrx_word' id='word_1_304' title='bbox 959 2235 1122 2278; x_wconf 82' lang='lat' dir='ltr'>Olybrius</span> <span class='ocrx_word' id='word_1_305' title='bbox 1145 2234 1282 2268; x_wconf 85' lang='lat' dir='ltr'>Romam</span> <span class='ocrx_word' id='word_1_306' title='bbox 1306 2244 1421 2267; x_wconf 86' lang='lat' dir='ltr'>versus</span> <span class='ocrx_word' id='word_1_307' title='bbox 1445 2232 1588 2274; x_wconf 85' lang='lat' dir='ltr'>abierat,</span> <span class='ocrx_word' id='word_1_308' title='bbox 1611 2233 1738 2268; x_wconf 87' lang='lat' dir='ltr'>relictis</span> 
     </span>
     <span class='ocr_line' id='line_1_33' title="bbox 297 2276 1739 2324; baseline 0.002 -15"><span class='ocrx_word' id='word_1_309' title='bbox 297 2276 587 2322; x_wconf 81' lang='lat' dir='ltr'>Constantinopoli</span> <span class='ocrx_word' id='word_1_310' title='bbox 607 2278 677 2312; x_wconf 82' lang='lat' dir='ltr'>filia</span> <span class='ocrx_word' id='word_1_311' title='bbox 698 2291 757 2312; x_wconf 86' lang='lat' dir='ltr'>sua</span> <span class='ocrx_word' id='word_1_312' title='bbox 779 2292 952 2324; x_wconf 82' lang='lat' dir='ltr'>uxoreque</span> <span class='ocrx_word' id='word_1_313' title='bbox 972 2279 1144 2321; x_wconf 82' lang='lat' dir='ltr'>Placidia,</span> <span class='ocrx_word' id='word_1_314' title='bbox 1187 2278 1423 2312; x_wconf 81' lang='lat' dir='ltr'>sacratissimus</span> <span class='ocrx_word' id='word_1_315' title='bbox 1455 2278 1645 2322; x_wconf 82' lang='lat' dir='ltr'>Imperator</span> <span class='ocrx_word' id='word_1_316' title='bbox 1668 2279 1739 2313; x_wconf 90' lang='lat' dir='ltr'>Leo</span> 
     </span>
     <span class='ocr_line' id='line_1_34' title="bbox 297 2321 1742 2367; baseline 0.003 -13"><span class='ocrx_word' id='word_1_317' title='bbox 297 2321 521 2366; x_wconf 79' lang='lat' dir='ltr'>Magistriano</span> <span class='ocrx_word' id='word_1_318' title='bbox 544 2323 660 2357; x_wconf 81' lang='lat' dir='ltr'>literas</span> <span class='ocrx_word' id='word_1_319' title='bbox 681 2325 857 2358; x_wconf 81' lang='lat' dir='ltr'>Anthemio</span> <span class='ocrx_word' id='word_1_320' title='bbox 881 2326 1102 2359; x_wconf 82' lang='lat' dir='ltr'>Romanorum</span> <span class='ocrx_word' id='word_1_321' title='bbox 1124 2323 1198 2367; x_wconf 85' lang='lat' dir='ltr'>regi</span> <span class='ocrx_word' id='word_1_322' title='bbox 1221 2323 1422 2357; x_wconf 84' lang='lat' dir='ltr'>deferendas</span> <span class='ocrx_word' id='word_1_323' title='bbox 1444 2323 1558 2364; x_wconf 83' lang='lat' dir='ltr'>dedit,</span> <span class='ocrx_word' id='word_1_324' title='bbox 1593 2323 1627 2356; x_wconf 91' lang='lat' dir='ltr'>in</span> <span class='ocrx_word' id='word_1_325' title='bbox 1653 2325 1742 2358; x_wconf 81' lang='lat' dir='ltr'>haee</span> 
     </span>
     <span class='ocr_line' id='line_1_35' title="bbox 297 2368 1739 2414; baseline 0.003 -15"><span class='ocrx_word' id='word_1_326' title='bbox 297 2368 424 2400; x_wconf 84' lang='lat' dir='ltr'>verba:</span> <span class='ocrx_word' id='word_1_327' title='bbox 465 2368 575 2412; x_wconf 82' lang='lat' dir='ltr'>„Ego</span> <span class='ocrx_word' id='word_1_328' title='bbox 598 2368 759 2412; x_wconf 87' lang='lat' dir='ltr'>(inquit)</span> <span class='ocrx_word' id='word_1_329' title='bbox 785 2371 957 2414; x_wconf 81' lang='lat' dir='ltr'>Asparem,</span> <span class='ocrx_word' id='word_1_330' title='bbox 981 2374 1084 2414; x_wconf 86' lang='lat' dir='ltr'>atque</span> <span class='ocrx_word' id='word_1_331' title='bbox 1106 2368 1329 2403; x_wconf 84' lang='lat' dir='ltr'>Ardaburium</span> <span class='ocrx_word' id='word_1_332' title='bbox 1352 2380 1372 2401; x_wconf 94' lang='lat' dir='ltr'>e</span> <span class='ocrx_word' id='word_1_333' title='bbox 1394 2369 1502 2402; x_wconf 86' lang='lat' dir='ltr'>medio</span> <span class='ocrx_word' id='word_1_334' title='bbox 1525 2369 1660 2411; x_wconf 80' lang='lat' dir='ltr'>sustuli3</span> <span class='ocrx_word' id='word_1_335' title='bbox 1695 2381 1739 2404; x_wconf 84' lang='lat' dir='ltr'>ne</span> 
     </span>
     <span class='ocr_line' id='line_1_36' title="bbox 298 2411 1740 2459; baseline 0.003 -14"><span class='ocrx_word' id='word_1_336' title='bbox 298 2411 372 2456; x_wconf 91' lang='lat' dir='ltr'>quis</span> <span class='ocrx_word' id='word_1_337' title='bbox 394 2417 601 2457; x_wconf 81' lang='lat' dir='ltr'>superesset,</span> <span class='ocrx_word' id='word_1_338' title='bbox 622 2413 678 2458; x_wconf 89' lang='lat' dir='ltr'>qui</span> <span class='ocrx_word' id='word_1_339' title='bbox 700 2414 778 2447; x_wconf 87' lang='lat' dir='ltr'>mihi</span> <span class='ocrx_word' id='word_1_340' title='bbox 800 2415 978 2459; x_wconf 84' lang='lat' dir='ltr'>imperanti</span> <span class='ocrx_word' id='word_1_341' title='bbox 1000 2415 1246 2449; x_wconf 83' lang='lat' dir='ltr'>adversaretur.</span> <span class='ocrx_word' id='word_1_342' title='bbox 1283 2414 1352 2447; x_wconf 90' lang='lat' dir='ltr'>Sed</span> <span class='ocrx_word' id='word_1_343' title='bbox 1375 2419 1410 2447; x_wconf 87' lang='lat' dir='ltr'>et</span> <span class='ocrx_word' id='word_1_344' title='bbox 1433 2414 1490 2447; x_wconf 92' lang='lat' dir='ltr'>Tu</span> <span class='ocrx_word' id='word_1_345' title='bbox 1513 2425 1647 2458; x_wconf 86' lang='lat' dir='ltr'>quoque</span> <span class='ocrx_word' id='word_1_346' title='bbox 1668 2415 1740 2449; x_wconf 75' lang='lat' dir='ltr'>Re-</span> 
     </span>
     <span class='ocr_line' id='line_1_37' title="bbox 299 2457 1739 2505; baseline 0.003 -15"><span class='ocrx_word' id='word_1_347' title='bbox 299 2457 456 2491; x_wconf 86' lang='lat' dir='ltr'>cimerem</span> <span class='ocrx_word' id='word_1_348' title='bbox 477 2469 635 2501; x_wconf 84' lang='lat' dir='ltr'>generum</span> <span class='ocrx_word' id='word_1_349' title='bbox 657 2464 748 2492; x_wconf 88' lang='lat' dir='ltr'>tuum</span> <span class='ocrx_word' id='word_1_350' title='bbox 771 2460 936 2501; x_wconf 78' lang='lat' dir='ltr'>occidit03</span> <span class='ocrx_word' id='word_1_351' title='bbox 959 2472 1002 2494; x_wconf 89' lang='lat' dir='ltr'>ne</span> <span class='ocrx_word' id='word_1_352' title='bbox 1023 2460 1076 2502; x_wconf 88' lang='lat' dir='ltr'>sit,</span> <span class='ocrx_word' id='word_1_353' title='bbox 1101 2460 1157 2504; x_wconf 87' lang='lat' dir='ltr'>qui</span> <span class='ocrx_word' id='word_1_354' title='bbox 1180 2459 1242 2493; x_wconf 81' lang='lat' dir='ltr'>tibi</span> <span class='ocrx_word' id='word_1_355' title='bbox 1260 2458 1441 2503; x_wconf 81' lang='lat' dir='ltr'>imperitet.</span> <span class='ocrx_word' id='word_1_356' title='bbox 1489 2459 1584 2499; x_wconf 80' lang='lat' dir='ltr'>Quin</span> <span class='ocrx_word' id='word_1_357' title='bbox 1599 2465 1636 2494; x_wconf 90' lang='lat' dir='ltr'>et</span> <span class='ocrx_word' id='word_1_358' title='bbox 1651 2460 1739 2505; x_wconf 86' lang='lat' dir='ltr'>Oly-</span> 
     </span>
     <span class='ocr_line' id='line_1_38' title="bbox 299 2502 1738 2550; baseline 0.003 -16"><span class='ocrx_word' id='word_1_359' title='bbox 299 2502 406 2536; x_wconf 87' lang='lat' dir='ltr'>brium</span> <span class='ocrx_word' id='word_1_360' title='bbox 428 2515 562 2547; x_wconf 91' lang='lat' dir='ltr'>quoque</span> <span class='ocrx_word' id='word_1_361' title='bbox 583 2504 766 2538; x_wconf 84' lang='lat' dir='ltr'>Patricium</span> <span class='ocrx_word' id='word_1_362' title='bbox 789 2504 833 2538; x_wconf 90' lang='lat' dir='ltr'>ad</span> <span class='ocrx_word' id='word_1_363' title='bbox 855 2510 892 2538; x_wconf 87' lang='lat' dir='ltr'>te</span> <span class='ocrx_word' id='word_1_364' title='bbox 913 2505 1003 2546; x_wconf 78' lang='lat' dir='ltr'>misi3</span> <span class='ocrx_word' id='word_1_365' title='bbox 1038 2505 1143 2550; x_wconf 86' lang='lat' dir='ltr'>ipsum</span> <span class='ocrx_word' id='word_1_366' title='bbox 1167 2505 1267 2538; x_wconf 89' lang='lat' dir='ltr'>etiam</span> <span class='ocrx_word' id='word_1_367' title='bbox 1290 2503 1441 2546; x_wconf 82' lang='lat' dir='ltr'>occidas,</span> <span class='ocrx_word' id='word_1_368' title='bbox 1466 2505 1583 2538; x_wconf 76' lang='lat' dir='ltr'>velim:</span> <span class='ocrx_word' id='word_1_369' title='bbox 1618 2516 1738 2550; x_wconf 84' lang='lat' dir='ltr'>nempe</span> 
     </span>
     <span class='ocr_line' id='line_1_39' title="bbox 299 2548 1736 2595; baseline 0.003 -15"><span class='ocrx_word' id='word_1_370' title='bbox 299 2552 339 2580; x_wconf 90' lang='lat' dir='ltr'>ut</span> <span class='ocrx_word' id='word_1_371' title='bbox 361 2559 502 2591; x_wconf 82' lang='lat' dir='ltr'>regnes,</span> <span class='ocrx_word' id='word_1_372' title='bbox 526 2548 598 2583; x_wconf 80' lang='lat' dir='ltr'>aliis</span> <span class='ocrx_word' id='word_1_373' title='bbox 620 2549 805 2595; x_wconf 82' lang='lat' dir='ltr'>imperans,</span> <span class='ocrx_word' id='word_1_374' title='bbox 832 2561 900 2583; x_wconf 88' lang='lat' dir='ltr'>non</span> <span class='ocrx_word' id='word_1_375' title='bbox 921 2551 1140 2584; x_wconf 86' lang='lat' dir='ltr'>subserviens.</span> <span class='ocrx_word' id='word_1_376' title='bbox 1188 2549 1423 2582; x_wconf 83' lang='lat' dir='ltr'>Collocaverat</span> <span class='ocrx_word' id='word_1_377' title='bbox 1443 2555 1556 2583; x_wconf 87' lang='lat' dir='ltr'>autem</span> <span class='ocrx_word' id='word_1_378' title='bbox 1581 2549 1736 2584; x_wconf 86' lang='lat' dir='ltr'>Recimer</span> 
     </span>
     <span class='ocr_line' id='line_1_40' title="bbox 299 2592 1736 2640; baseline 0.002 -15"><span class='ocrx_word' id='word_1_379' title='bbox 299 2592 342 2625; x_wconf 89' lang='lat' dir='ltr'>ad</span> <span class='ocrx_word' id='word_1_380' title='bbox 376 2598 506 2636; x_wconf 85' lang='lat' dir='ltr'>portum</span> <span class='ocrx_word' id='word_1_381' title='bbox 535 2598 718 2640; x_wconf 79' lang='lat' dir='ltr'>portasque</span> <span class='ocrx_word' id='word_1_382' title='bbox 748 2595 873 2629; x_wconf 87' lang='lat' dir='ltr'>Romae</span> <span class='ocrx_word' id='word_1_383' title='bbox 905 2595 1050 2638; x_wconf 82' lang='lat' dir='ltr'>singulas</span> <span class='ocrx_word' id='word_1_384' title='bbox 1084 2594 1286 2639; x_wconf 80' lang='lat' dir='ltr'>praesidium</span> <span class='ocrx_word' id='word_1_385' title='bbox 1317 2593 1519 2628; x_wconf 84' lang='lat' dir='ltr'>Gothicum:</span> <span class='ocrx_word' id='word_1_386' title='bbox 1554 2606 1616 2629; x_wconf 86' lang='lat' dir='ltr'>nec</span> <span class='ocrx_word' id='word_1_387' title='bbox 1645 2595 1736 2639; x_wconf 83' lang='lat' dir='ltr'>prius</span> 
     </span>
     <span class='ocr_line' id='line_1_41' title="bbox 298 2636 1736 2685; baseline 0.002 -15"><span class='ocrx_word' id='word_1_388' title='bbox 298 2636 452 2682; x_wconf 88' lang='lat' dir='ltr'>cuiquam</span> <span class='ocrx_word' id='word_1_389' title='bbox 473 2639 618 2682; x_wconf 57' lang='lat' dir='ltr'>patebat&gt;</span> <span class='ocrx_word' id='word_1_390' title='bbox 635 2640 762 2681; x_wconf 83' lang='lat' dir='ltr'>aditus,</span> <span class='ocrx_word' id='word_1_391' title='bbox 801 2651 898 2685; x_wconf 78' lang='lat' dir='ltr'>quam</span> <span class='ocrx_word' id='word_1_392' title='bbox 921 2640 1001 2684; x_wconf 88' lang='lat' dir='ltr'>quid</span> <span class='ocrx_word' id='word_1_393' title='bbox 1025 2641 1164 2673; x_wconf 80' lang='lat' dir='ltr'>habetet</span> <span class='ocrx_word' id='word_1_394' title='bbox 1188 2639 1277 2684; x_wconf 90' lang='lat' dir='ltr'>apud</span> <span class='ocrx_word' id='word_1_395' title='bbox 1310 2651 1346 2673; x_wconf 92' lang='lat' dir='ltr'>se</span> <span class='ocrx_word' id='word_1_396' title='bbox 1370 2640 1567 2683; x_wconf 86' lang='lat' dir='ltr'>aperuisset.</span> <span class='ocrx_word' id='word_1_397' title='bbox 1613 2639 1736 2674; x_wconf 87' lang='lat' dir='ltr'>Mode-</span> 
     </span>
     <span class='ocr_line' id='line_1_42' title="bbox 297 2684 1739 2730; baseline 0.002 -15"><span class='ocrx_word' id='word_1_398' title='bbox 297 2687 367 2716; x_wconf 85' lang='lat' dir='ltr'>stus</span> <span class='ocrx_word' id='word_1_399' title='bbox 389 2685 507 2727; x_wconf 82' lang='lat' dir='ltr'>itaque</span> <span class='ocrx_word' id='word_1_400' title='bbox 529 2685 789 2728; x_wconf 83' lang='lat' dir='ltr'>Magistrianus‚</span> <span class='ocrx_word' id='word_1_401' title='bbox 822 2685 879 2730; x_wconf 89' lang='lat' dir='ltr'>qui</span> <span class='ocrx_word' id='word_1_402' title='bbox 904 2697 925 2718; x_wconf 86' lang='lat' dir='ltr'>a</span> <span class='ocrx_word' id='word_1_403' title='bbox 947 2684 1060 2718; x_wconf 82' lang='lat' dir='ltr'>Leone</span> <span class='ocrx_word' id='word_1_404' title='bbox 1082 2684 1196 2718; x_wconf 82' lang='lat' dir='ltr'>missus</span> <span class='ocrx_word' id='word_1_405' title='bbox 1218 2685 1332 2718; x_wconf 79' lang='lat' dir='ltr'>fuerat</span> <span class='ocrx_word' id='word_1_406' title='bbox 1355 2685 1399 2718; x_wconf 86' lang='lat' dir='ltr'>ad</span> <span class='ocrx_word' id='word_1_407' title='bbox 1422 2685 1650 2726; x_wconf 84' lang='lat' dir='ltr'>Anthemium,</span> <span class='ocrx_word' id='word_1_408' title='bbox 1680 2684 1739 2718; x_wconf 84' lang='lat' dir='ltr'>ubi</span> 
     </span>
     <span class='ocr_line' id='line_1_43' title="bbox 296 2727 1737 2775; baseline 0.002 -16"><span class='ocrx_word' id='word_1_409' title='bbox 296 2727 432 2761; x_wconf 78' lang='lat' dir='ltr'>Romam</span> <span class='ocrx_word' id='word_1_410' title='bbox 457 2729 570 2770; x_wconf 66' lang='lat' dir='ltr'>v‘enit,</span> <span class='ocrx_word' id='word_1_411' title='bbox 603 2731 835 2775; x_wconf 80' lang='lat' dir='ltr'>exploratione</span> <span class='ocrx_word' id='word_1_412' title='bbox 857 2729 970 2764; x_wconf 82' lang='lat' dir='ltr'>statim</span> <span class='ocrx_word' id='word_1_413' title='bbox 993 2731 1109 2771; x_wconf 81' lang='lat' dir='ltr'>facta,</span> <span class='ocrx_word' id='word_1_414' title='bbox 1134 2729 1270 2763; x_wconf 78' lang='lat' dir='ltr'>Literae</span> <span class='ocrx_word' id='word_1_415' title='bbox 1292 2729 1555 2775; x_wconf 83' lang='lat' dir='ltr'>Imperatoriae,</span> <span class='ocrx_word' id='word_1_416' title='bbox 1579 2741 1600 2763; x_wconf 83' lang='lat' dir='ltr'>a</span> <span class='ocrx_word' id='word_1_417' title='bbox 1621 2730 1737 2762; x_wconf 84' lang='lat' dir='ltr'>Leone</span> 
     </span>
     <span class='ocr_line' id='line_1_44' title="bbox 296 2773 1737 2819; baseline 0.002 -14"><span class='ocrx_word' id='word_1_418' title='bbox 296 2773 340 2805; x_wconf 74' lang='lat' dir='ltr'>ad</span> <span class='ocrx_word' id='word_1_419' title='bbox 363 2774 573 2808; x_wconf 81' lang='lat' dir='ltr'>Anthemium</span> <span class='ocrx_word' id='word_1_420' title='bbox 595 2775 723 2817; x_wconf 84' lang='lat' dir='ltr'>missae,</span> <span class='ocrx_word' id='word_1_421' title='bbox 751 2776 781 2809; x_wconf 89' lang='lat' dir='ltr'>ei</span> <span class='ocrx_word' id='word_1_422' title='bbox 805 2777 939 2810; x_wconf 78' lang='lat' dir='ltr'>ablatae</span> <span class='ocrx_word' id='word_1_423' title='bbox 960 2780 1054 2808; x_wconf 87' lang='lat' dir='ltr'>sunt:</span> <span class='ocrx_word' id='word_1_424' title='bbox 1078 2785 1159 2819; x_wconf 88' lang='lat' dir='ltr'>quas</span> <span class='ocrx_word' id='word_1_425' title='bbox 1181 2774 1347 2808; x_wconf 86' lang='lat' dir='ltr'>Recimeri</span> <span class='ocrx_word' id='word_1_426' title='bbox 1370 2774 1536 2815; x_wconf 77' lang='lat' dir='ltr'>traditas,</span> <span class='ocrx_word' id='word_1_427' title='bbox 1559 2775 1631 2818; x_wconf 86' lang='lat' dir='ltr'>ipse</span> <span class='ocrx_word' id='word_1_428' title='bbox 1648 2774 1737 2817; x_wconf 82' lang='lat' dir='ltr'>Oly-</span> 
     </span>
     <span class='ocr_line' id='line_1_45' title="bbox 295 2817 1733 2868; baseline 0.002 -18"><span class='ocrx_word' id='word_1_429' title='bbox 295 2817 369 2852; x_wconf 87' lang='lat' dir='ltr'>brio</span> <span class='ocrx_word' id='word_1_430' title='bbox 393 2819 656 2857; x_wconf 78' lang='lat' dir='ltr'>communicavit.</span> <span class='ocrx_word' id='word_1_431' title='bbox 703 2821 828 2857; x_wconf 77' lang='lat' dir='ltr'>Statim</span> <span class='ocrx_word' id='word_1_432' title='bbox 851 2821 967 2868; x_wconf 82' lang='lat' dir='ltr'>itaque</span> <span class='ocrx_word' id='word_1_433' title='bbox 989 2821 1146 2855; x_wconf 84' lang='lat' dir='ltr'>Recimer</span> <span class='ocrx_word' id='word_1_434' title='bbox 1171 2819 1444 2864; x_wconf 82' lang='lat' dir='ltr'>Gundabarium,</span> <span class='ocrx_word' id='word_1_435' title='bbox 1475 2820 1596 2856; x_wconf 78' lang='lat' dir='ltr'>sororis</span> <span class='ocrx_word' id='word_1_436' title='bbox 1619 2818 1733 2861; x_wconf 86' lang='lat' dir='ltr'>filium,</span> 
     </span>
    </p>
   </div>
  </div>
 </body>
</html>
