1838 3230
271 173 417 202 xxvnr
483 191 486 197 .
751 151 1197 198 PROLEGOMENA.

272 270 379 324 ylag,
410 262 547 308 eodem
576 268 692 308 modo
720 269 766 308 ab
796 268 931 307 eodem
963 266 1183 318 salmasio,
1211 269 1252 306 in
1280 267 1390 306 Notis
1420 266 1469 306 ad
1499 265 1715 320 Scriptores

272 337 496 389 Augustos,
535 336 693 375 citatum
731 336 866 387 legisse
901 335 1068 374 memini.
1132 337 1266 388 Neque
1293 336 1373 387 agit
1407 334 1448 374 id
1476 334 1586 386 Opus
1615 332 1716 389 Περὶ

274 404 556 458 Αρχαιολογίας
575 404 623 442 de
654 403 771 442 rebus
799 403 926 440 solum
946 403 1228 441 vetustioribus
1250 409 1288 442 et
1315 403 1399 442 aevi
1423 401 1591 440 fabulosi
1605 429 1625 450 ,
1647 400 1716 439 sed

276 478 315 510 et
334 485 465 510 rerum
494 472 756 510 recentiorum
787 470 1025 519 Historiam,
1055 476 1093 508 et
1121 470 1296 521 ipsorum
1322 471 1608 523 Imperatorum
1637 469 1716 507 Ro-

275 552 478 577 manorum
496 546 601 589 gesta
622 539 905 589 complectitur.
960 536 1047 574 Hoc
1072 537 1256 575 evincunt
1277 538 1475 589 Excerpta
1491 538 1587 585 ista,
1615 548 1716 587 quae

277 606 384 658 apud
408 604 668 654 salmasium,
700 606 741 642 in
760 604 876 643 Notis
896 604 1108 642 novissime
1132 604 1274 654 citatis,
1305 619 1354 643 ex
1377 618 1421 643 eo
1440 604 1716 657 proferuntur3

274 673 460 712 nimirum
488 672 535 710 de
562 678 685 709 morte
707 672 805 722 Imp.
835 669 1010 709 Adriani
1026 668 1090 723 ¹),
1121 678 1159 709 et
1188 672 1332 722 insigni
1356 672 1556 711 Mausoleo
1583 671 1625 709 in
1644 669 1717 708 llo-

276 754 411 779 norem
433 740 538 777 itlius
565 744 717 786 erecto3
747 738 795 775 de
813 736 878 776 M.
897 735 1101 776 Antonino
1117 736 1179 794 2),
1209 739 1340 790 quod,
1375 739 1527 778 aerario
1546 739 1589 777 in
1604 738 1717 776 bellis

278 807 489 856 exhausto,
520 806 847 844 Ornamentorum
865 803 1126 854 Imperialium
1155 806 1373 844 auctionem
1391 806 1432 844 in
1451 807 1537 844 soro
1559 804 1717 856 secer113

277 874 326 913 de
346 874 572 912 Numeriani
596 873 693 924 Imp.
712 869 757 927 3)
787 871 1057 910 excaecatione
1084 878 1122 910 et:
1154 871 1333 920 interitu;
1361 873 1488 924 deque
1519 871 1653 912 Carini
1669 871 1717 922 4)

276 941 419 992 insigni
449 940 698 989 crudelitate,
727 939 835 990 quod.
865 952 952 987 eos,
983 938 1049 989 qui
1078 951 1245 989 puerum
1274 940 1365 978 olim
1397 941 1512 992 pueri
1538 940 1720 978 lusissent

278 1022 325 1047 ac
344 1008 586 1056 derisissent,
614 1007 831 1059 Imperator
851 1005 933 1058 jam
953 1006 1080 1044 factus
1098 1019 1179 1043 non
1198 1006 1387 1046 dimiserit
1409 1007 1568 1048 inultos.

392 1120 457 1158 VI.
514 1120 552 1157 Si
581 1119 689 1157 aliud
719 1125 757 1158 et
787 1119 983 1157 diversum
1019 1118 1140 1157 fuisse
1166 1120 1446 1172 comperiatur,
1485 1128 1568 1160 tum
1606 1122 1720 1160 locus

280 1188 355 1227 erit
393 1186 624 1238 suspicioni,
660 1200 738 1225 non
771 1185 994 1223 Chronicon
1031 1184 1131 1222 illud
1164 1186 1226 1226 Jo.
1252 1187 1491 1227 Antiocheni
1519 1188 1631 1241 cujus
1655 1202 1722 1227 ex-

278 1261 363 1293 tant
383 1255 576 1307 Excerpta
603 1254 711 1305 apud
735 1251 1135 1306 Porphyrogennetum
1147 1283 1159 1302 ‚
1188 1255 1258 1292 sed
1287 1255 1416 1306 ipsum
1438 1254 1480 1292 id
1497 1255 1608 1308 Opus
1629 1270 1650 1293 a
1670 1254 1719 1294 G.

283 1321 432 1362 Codino
452 1328 490 1360 et
519 1323 648 1359 Tzetze
667 1327 836 1371 utroque
856 1321 977 1359 fuisse
996 1321 1239 1372 designatum
1266 1321 1334 1360 ubi
1355 1321 1476 1361 citant
1494 1321 1556 1360 Jo.
1575 1322 1721 1362 Antio·

283 1389 452 1429 ebenum.
511 1388 579 1426 Sin
601 1388 703 1427 idem
727 1389 847 1426 fuisse
879 1388 1012 1439 (quod
1041 1390 1197 1427 omnino
1216 1387 1474 1441 crediderim)
1505 1389 1722 1428 evolventi-

277 1456 353 1494 bus
371 1462 567 1507 appareat,
593 1469 641 1494 ex
658 1456 736 1494 illis
755 1455 852 1493 locis
875 1469 972 1506 quae
995 1469 1044 1494 ex
1065 1470 1109 1493 eo
1131 1457 1333 1495 adducunt
1345 1455 1572 1506 Salmasius,
1588 1462 1627 1494 et
1642 1455 1723 1494 Al-

277 1522 417 1573 latius,
458 1523 500 1561 id
528 1523 693 1561 ulterius
730 1530 770 1562 et
801 1523 943 1561 clarius
973 1529 1191 1573 astruetur,
1230 1523 1336 1574 quod
1361 1537 1479 1575 supra
1507 1523 1722 1574 posuimus,

280 1590 344 1628 Jo.
375 1589 661 1629 Antiochenum
686 1590 929 1630 Monachum
973 1597 1011 1629 et
1042 1590 1229 1630 Joannem
1256 1597 1432 1629 nostrum
1459 1588 1654 1629 Mulelam
1682 1589 1723 1627 in

280 1658 425 1696 eisdem
446 1658 758 1696 Narratiunculis
788 1659 912 1696 solere
941 1658 1171 1708 concinere3
1208 1664 1247 1696 et
1271 1658 1359 1696 ideo
1382 1657 1482 1696 nihil
1504 1671 1724 1709 repugnare

282 1738 362 1775 quo
384 1725 511 1762 minus
529 1738 617 1762 cum
641 1725 845 1765 Monacho
866 1725 969 1763 idem
991 1731 1092 1763 esset
1109 1724 1277 1764 Joannes
1293 1725 1360 1763 ille
1373 1723 1641 1771 Antiochenus
1658 1724 1726 1775 qui

280 1806 302 1829 a
342 1793 489 1829 Tzetzis
515 1792 718 1830 Fratribus
747 1792 948 1842 laudatur,
983 1793 1160 1842 quamvis
1191 1793 1439 1844 reperiantur
1468 1791 1573 1843 apud
1599 1792 1726 1843 ipsum

281 1857 475 1897 Maletum
494 1871 556 1895 res
576 1858 667 1896 illae
686 1873 760 1910 pro
783 1860 925 1910 quibus
944 1859 1097 1899 citatur.
1144 1859 1177 1897 A
1196 1859 1326 1898 Leone
1347 1857 1503 1897 Allaiio
1519 1857 1577 1911 ⁵)
1593 1871 1642 1896 ex
1661 1857 1724 1896 Jo.

280 1923 528 1964 Antiocheno
554 1925 654 1978 Περὶ
673 1928 976 1979 Αρχαιολογίας,
1005 1927 1106 1964 inter
1129 1927 1225 1976 alia,
1255 1928 1423 1964 citantur
1442 1927 1547 1973 loca,
1577 1924 1624 1961 tle
1646 1922 1726 1961 He-

283 1990 393 2031 siodo
414 1991 604 2042 quodam,
633 1992 741 2043 quod.
761 1994 931 2031 Graecos
947 1994 1147 2032 edocuerit
1165 1995 1315 2041 literas3
1348 1999 1386 2031 et
1408 1992 1456 2029 de
1484 1990 1727 2043 expositione

282 2059 455 2097 Fabulae
476 2071 594 2109 super
609 2059 873 2109 Endymione,
906 2060 1012 2110 quod
1043 2074 1115 2111 per
1142 2060 1327 2111 mysticas
1357 2058 1544 2109 quasdam
1570 2057 1726 2095 Oratio-

284 2140 354 2164 nes
386 2141 407 2164 a
434 2127 543 2163 Luna
575 2139 714 2163 nomen
742 2126 812 2164 Dei
847 2126 1050 2165 addiscere
1083 2126 1274 2174 voluerit,
1314 2124 1499 2176 quodque
1528 2124 1631 2161 illud
1654 2136 1728 2175 per

285 2193 479 2231 somnium
515 2192 680 2231 edoctus
721 2207 800 2230 non
831 2194 997 2244 amplius
1035 2201 1094 2231 est
1128 2199 1390 2246 experrectus,
1455 2192 1566 2239 Quae
1593 2190 1728 2228 ambae

285 2261 536 2300 Narrationes
570 2261 676 2313 apud
706 2259 966 2312 Malelam6)
1008 2274 1165 2312 quoque
1203 2261 1395 2312 leguntur.
1461 2259 1494 2296 A
1532 2256 1726 2296 salmasio

332 2475 372 2519 ι)
393 2477 442 2510 to.
467 2477 498 2510 1.
521 2484 558 2519 p.
583 2473 659 2509 180.

328 2531 370 2574 2)
395 2543 429 2575 p.
453 2530 532 2567 354.

332 2588 374 2631 ³)
398 2592 443 2622 to.
467 2590 502 2623 2.
526 2600 560 2633 p.
585 2587 665 2622 791.

331 2644 376 2687 4)
401 2655 435 2688 p.
459 2646 539 2680 795.

331 2699 374 2744 ⁶)
398 2700 432 2734 in
457 2701 554 2736 Eust.
578 2701 737 2734 Hexaem.
762 2710 795 2744 p.
819 2699 897 2735 300.
920 2700 955 2732 et.
977 2698 1054 2735 303.

333 2756 374 2801 ὃ)
399 2767 432 2801 p.
456 2757 513 2792 70.
538 2760 573 2790 et
597 2758 651 2792 73.
