1838 3230
262 183 339 210 1.v1
777 163 1178 207 PROLEGOMEN
1183 165 1232 207 A.

374 279 559 318 XXVIII.
616 280 658 318 Si
684 279 855 331 cuipiam
879 278 1036 331 placeat
1062 279 1231 318 eundem
1251 278 1371 318 fuisse
1394 292 1485 318 cum
1509 284 1647 318 nostro
1666 277 1732 321 Jo.

266 344 422 386 Malela
452 345 516 385 Jo.
548 346 663 385 illum
686 345 1000 396 Antiochenam,
1039 359 1158 398 quem
1184 346 1312 385 solent
1343 346 1468 386 citare
1495 345 1667 387 Joannes
1693 358 1734 388 et

266 411 430 453 Isaacus
469 417 647 464 Tzetzae‚
686 415 729 452 id
761 413 929 453 ulterius
957 414 1032 453 erit
1063 413 1372 466 confirmationi,
1403 415 1487 454 sive
1510 414 1646 467 potius
1666 414 1734 454 de·
1782 459 1788 461 s

264 480 563 532 monstrationi3
595 495 685 520 cum
716 481 887 520 affirmat
918 480 988 529 (ut
1010 495 1131 533 supra
1158 482 1235 520 fuit
1254 483 1458 532 notatum)
1489 480 1551 523 Jo.
1580 483 1734 522 Tzetzes

267 548 456 588 Joannem
477 549 611 598 illum,
645 563 763 601 quem
792 549 909 598 citat,
939 547 1230 588 Antiochenam
1258 557 1350 602 post
1379 547 1589 602 Georgium
1613 546 1735 589 Chro-

268 616 509 670 nograpkum
541 617 760 669 scripsisse.
826 616 916 654 Dixi
948 630 1090 667 supra,
1129 615 1233 668 apud
1268 615 1329 657 Jo.
1364 617 1541 656 Tzetzem
1569 615 1627 654 ibi
1653 629 1736 655 esse
1789 653 1791 655 ,

267 685 586 736 intelligendum,
635 685 700 723 vel
738 683 943 738 Georgium
981 682 1206 738 Syncellum
1249 683 1618 738 Chronographum,
1667 684 1738 736 qui

268 753 389 805 paulo
419 759 509 790 ante
537 751 652 790 finem
680 754 811 792 octavi
844 752 970 790 seculi
988 765 1008 790 e
1029 752 1133 791 vivis
1155 751 1342 802 excessit,
1372 752 1439 791 vel
1458 752 1596 790 saltem
1620 749 1738 790 Geor.

266 820 376 873 giam
407 818 690 860 Hamartolum
704 850 716 870 ,
748 820 816 872 qui
845 821 968 872 paulo
991 826 1083 872 post
1103 819 1277 859 medium
1296 820 1422 858 seculi
1445 821 1539 859 noni
1562 818 1738 858 Chrono-

271 887 475 940 graphiam
495 901 604 926 suam
624 888 884 927 elucubravit.
941 889 1030 927 Non
1048 888 1187 939 ignoro
1206 887 1321 926 citari
1343 887 1391 926 ab
1412 887 1618 939 Anonymo
1637 901 1740 939 quo-

271 955 365 994 dam
393 956 590 994 Graeculo
625 955 936 1009 Chronographo
965 956 1139 1007 inedito,
1181 953 1544 1007 Chronographiam
1581 953 1739 1007 Georgii

271 1022 445 1075 Pisidis5
481 1037 611 1075 neque
644 1025 776 1063 nescio
802 1025 983 1063 floruisse
1012 1022 1220 1078 Georgium
1241 1020 1413 1061 Pisidem
1436 1023 1509 1061 sub
1529 1023 1619 1075 ipso
1638 1023 1741 1075 Imp.

271 1090 455 1129 Heraclio
476 1098 565 1130 ante
584 1093 756 1132 medium
777 1094 901 1131 seculi
919 1093 1094 1145 septimi:
1124 1098 1164 1130 at
1183 1105 1277 1131 vero
1299 1103 1389 1128 cum
1417 1090 1590 1130 strictius
1612 1104 1660 1129 ac
1679 1103 1742 1128 ac-

275 1159 448 1197 curatius
468 1173 552 1198 rem
567 1162 785 1212 perpendo,
813 1163 882 1199 vix
907 1174 1067 1211 possum
1086 1173 1179 1201 sane
1197 1172 1268 1209 ego
1286 1158 1483 1206 dubitare,
1504 1157 1599 1210 quin
1624 1155 1745 1197 Geor-

270 1227 379 1279 gium
412 1226 531 1265 alium
563 1241 652 1266 cum
690 1226 855 1281 Georgio
878 1225 1010 1266 Piside
1044 1227 1269 1266 confuderit
1292 1227 1365 1265 iste
1386 1227 1640 1277 Anonymus:
1669 1238 1744 1263 nee

265 1293 438 1333 ‘videtur
473 1301 677 1347 praeterea
715 1295 778 1335 Jo.
819 1297 975 1334 Tzeizes
1009 1292 1216 1347 Georgium
1255 1293 1423 1334 Pisidem
1465 1293 1741 1331 nominaturus
1794 1335 1798 1338 ‚

276 1360 506 1414 simpliciter
527 1360 733 1416 Georgium
758 1361 1003 1403 Chronicum.
1040 1363 1138 1400 Nam
1157 1363 1258 1401 solet
1283 1363 1350 1401 ille
1372 1376 1461 1400 cum
1481 1361 1529 1399 ab
1552 1361 1638 1399 aliis
1653 1360 1742 1400 vul-

277 1442 326 1480 go
335 1458 347 1479 ‚
386 1436 471 1468 tum
501 1430 549 1467 ab
585 1431 672 1482 ipso
701 1431 838 1470 eodem
869 1430 1059 1481 Tzetzel)
1099 1432 1141 1468 in
1175 1431 1311 1470 eodem
1343 1427 1566 1470 Chiliaclum
1597 1429 1741 1481 Opere,

277 1510 466 1549 expresso
494 1499 746 1548 cognomine,
784 1499 978 1551 appellari
1008 1497 1195 1551 Georgius
1224 1497 1396 1547 Pisidas,
1427 1497 1513 1547 vel,
1544 1504 1589 1535 ut
1609 1497 1742 1535 verius

278 1564 430 1614 dicam,
460 1565 543 1604 sine
578 1565 658 1603 ullo
690 1566 966 1616 praenomine,
1007 1566 1238 1619 simpliciter
1269 1562 1432 1605 Pisides.
1491 1566 1542 1603 At
1564 1564 1614 1603 de
1633 1563 1744 1604 hisce

278 1646 359 1671 non
377 1647 513 1671 sumus
533 1633 574 1671 in
592 1634 814 1684 praesentia
835 1635 1001 1684 soliciti3
1029 1649 1119 1673 nam
1148 1634 1218 1688 (ut
1231 1632 1392 1685 jamjam
1407 1632 1484 1671 suit
1501 1632 1744 1682 indicatum)

279 1714 352 1739 nos
369 1701 503 1753 potius
525 1701 818 1752 existimamus,
848 1717 870 1740 a
894 1702 1047 1743 Joanne
1067 1708 1202 1741 nostro
1223 1699 1380 1740 Malela
1400 1700 1600 1739 diversum
1626 1700 1746 1740 fuisse

281 1766 471 1807 Joannem
493 1768 611 1807 istum
632 1768 945 1821 Antiochenam,
977 1772 1043 1822 qui
1072 1785 1093 1809 a
1112 1771 1253 1808 Tzetze
1277 1775 1445 1820 utroque
1463 1768 1660 1808 laudatur.

393 1837 542 1876 XXIX.
601 1837 730 1888 Atque
755 1836 854 1876 haec
884 1844 977 1876 sunt
1000 1839 1066 1876 illa
1096 1844 1325 1888 argumenta
1347 1837 1476 1886 varia,
1508 1837 1652 1888 quibus
1673 1849 1745 1874 nos

280 1902 389 1942 haud
410 1918 525 1955 aegre
544 1903 704 1942 adducti
725 1905 894 1955 fuimus,
925 1913 969 1944 ut
998 1906 1207 1945 credamus
1229 1909 1415 1944 Autorem
1435 1911 1636 1953 nostrum,
1667 1917 1749 1941 non

283 1971 413 2009 solum
439 1985 519 2010 non
551 1971 699 2011 vixisse
726 1973 799 2011 sub
831 1972 1079 2022 Iustiniano,
1111 1973 1180 2012 sed
1205 1974 1275 2012 illo
1307 1973 1427 2011 fuisse
1446 1973 1570 2010 multo
1593 1971 1750 2022 sequio-

282 2053 389 2090 re1n5
419 2046 456 2078 et
474 2039 523 2077 ad
543 2039 720 2076 seculum
743 2042 877 2091 potius
897 2056 1040 2079 nonum
1070 2055 1187 2092 quam
1211 2051 1366 2080 sextum
1392 2053 1476 2078 esse
1495 2038 1750 2077 referendum

286 2120 524 2147 censeamuS.
584 2107 750 2146 Venitur
777 2108 858 2160 jam
884 2108 933 2145 ad
953 2108 1029 2146 ista
1048 2115 1272 2159 argumenta
1293 2122 1392 2159 quae
1412 2107 1520 2146 illius
1537 2106 1750 2158 antiquita-

284 2182 364 2214 tem
390 2174 602 2213 videantur
626 2182 819 2214 astruere:
861 2188 1031 2226 quorum
1057 2173 1152 2213 nodi
1178 2176 1211 2214 si
1243 2175 1345 2214 solvi
1366 2181 1532 2227 possunt
1551 2174 1634 2213 sine
1652 2175 1750 2213 vict

285 2243 470 2292 sectione,
511 2257 592 2281 non
623 2257 737 2294 aegre
770 2244 812 2281 in
837 2249 1010 2282 nostram
1044 2243 1275 2281 sententiam
1310 2241 1538 2281 concessuri
1565 2247 1659 2280 sunt
1691 2241 1751 2278 illi

287 2311 357 2362 qui
387 2324 510 2362 aequa
542 2311 666 2350 velint
681 2311 857 2350 veritatis
878 2312 990 2349 lance
1009 2324 1072 2349 res
1099 2312 1311 2350 aestimare.
1369 2311 1648 2361 Argumentum
1664 2310 1751 2362 pri-

287 2393 414 2428 mum,
445 2392 525 2430 quo
543 2379 706 2431 probari
722 2392 838 2431 posse
866 2379 1047 2418 videatur
1077 2378 1183 2416 illius
1203 2379 1449 2430 Antiquitas,
1480 2391 1530 2416 ex
1550 2391 1596 2415 eo
1616 2383 1752 2429 peten-

288 2446 384 2485 dum
418 2447 621 2497 videatur,
663 2447 771 2500 quod
798 2461 862 2486 res
892 2448 965 2486 sub
999 2446 1166 2498 imperio
1203 2445 1417 2484 Iustiniani
1448 2452 1573 2496 gestas
1610 2443 1752 2482 fusiori

288 2513 404 2564 longe
423 2514 598 2555 Minerva
618 2523 899 2568 persequentum
928 2521 966 2554 et
985 2515 1026 2552 in
1044 2515 1090 2552 iis
1113 2513 1378 2563 celebrandis,
1409 2527 1488 2551 non
1519 2527 1664 2551 annum
1690 2525 1752 2550 so-

337 2739 377 2783 ¹)
405 2739 491 2773 Vide
515 2741 626 2775 Diatr.
651 2742 693 2775 de
717 2742 846 2788 Script.
873 2742 937 2778 Gr.
962 2740 1087 2783 variis,
1125 2741 1182 2774 ubi
1207 2741 1250 2775 de
1273 2742 1326 2776 Jo.
1352 2739 1558 2774 Antiocheno
1587 2738 1755 2772 Monecho

385 2797 660 2843 Chrouograpko.
