1838 3230
588 139 1057 187 ANNOTATIONES.·
1461 148 1558 195 631,

100 267 210 305 mus,
237 252 308 296 καὶ
323 250 539 324 ἕκόμβωσε
545 250 663 312 κᾷκεῖ
677 253 852 304 πολλους
870 251 1190 311 ἆργνροπρατας·
1219 271 1239 296 a
1261 252 1429 310 κὸμβος,
1461 273 1559 312 κομ-

100 309 185 364 βόω
211 311 415 353 formatur.
472 297 639 364 Κόμβος
666 325 763 350 vero
787 311 976 352 habemus
1005 313 1114 366 apud
1141 314 1557 354 Jo.Meu1s.Glossa1-.

101 367 384 407 Graeco—barb.
409 367 478 420 qui
498 375 625 407 tamen
648 382 724 406 non
744 369 928 420 explicat.
996 369 1193 421 Hesychio
1234 366 1379 423 κὸμβος
1407 379 1467 410 est
1493 368 1559 412 κό-

99 423 268 476 σνμβος,
299 422 482 477 ἔκπωμα,
510 423 672 469 Nodus,
701 423 916 465 Poculum:
949 423 1174 466 Crumenam
1200 439 1358 493 quoque
1380 427 1559 478 quando-

99 491 176 531 que
193 479 413 547 significare
431 494 482 520 ex
500 480 636 519 eodem
657 481 843 531 colligere
866 481 970 531 licet,
997 481 1102 520 unde
1123 478 1396 548 Κομβολύτης,
1414 485 1558 536 βαλαν-

97 531 293 588 τιοτόμος,
326 535 606 581 crumeniseca.
637 536 745 588 apud
763 537 942 579 eundem.
1001 536 1289 591 κομβώσασθαι
1303 545 1437 578 tamen
1451 539 1557 578 idem

95 590 230 630 reddit
257 593 535 642 στολίσασθαι,
568 592 942 644 Veszir2‚orna1·:e
983 608 1062 660 quo
1089 608 1207 633 sensu
1238 595 1354 634 etiam
1382 596 1558 635 occurrit

101 653 119 690 1
141 647 226 688 Pet.
241 649 280 691 5.
306 649 347 692 5.
376 645 536 696 Παντες
553 646 597 690 δὲ
617 644 801 701 αλλήλοις
830 646 1171 703 υποτασσόμενοι,
1200 648 1275 704 τήν
1294 666 1556 718 ταπεινοφρο-

96 700 230 757 σύνην
254 702 572 757 ἐγκομβωσασθε.
631 705 716 743 Ηοο
733 706 916 744 Auctoris
942 707 1069 745 nostii
1087 708 1176 746 loco
1195 706 1381 760 κομβόω,
1410 707 1556 748 Emun-

93 774 158 813 go,
185 759 302 799 malis
323 761 474 800 artibus
495 759 722 828 liccrffacio,
751 776 891 802 souale
911 763 1082 805 videtur.

207 814 313 859 Ibid.
373 811 485 872 ᾧτινι
526 815 766 871 παρονύμην
809 818 962 871 ἔθηκαν
1003 819 1045 860 οἱ
1080 823 1287 871 Αντιοχεῖς
1310 815 1552 874 Βαγουλαν]

96 869 332 926 παρονύμην
360 873 476 924 dicit,
504 887 578 925 pro
606 875 880 927 παρωνυμίαν.
940 875 1138 923 Quidnam
1167 889 1265 914 vero
1294 876 1477 915 vocabuli
1503 878 1556 915 sit

97 927 327 981 Βαγουλάνς
373 930 589 981 Gregorius
618 937 754 969 noster
774 929 985 983 Bajulum‚
1016 931 1260 971 reddendum
1291 932 1552 970 existimavit:

98 983 194 1035 quid
212 986 258 1050 ⁸.i’
291 984 507 1038 Vagulum‚
534 987 763 1036 legeremus,
793 986 822 1027 i.
844 1001 874 1026 e.
899 987 1141 1036 Cin-citorem,
1159 988 1552 1027 Circmnsoraneum'?

97 1041 144 1088 V,
175 1043 272 1084 euim
289 1043 332 1080 in
351 1043 393 1091 B,
423 1043 738 1094 frequentissime
757 1049 911 1082 mutant
929 1045 985 1081 Gr
988 1045 1084 1093 aeci,
1112 1045 1154 1081 in
1172 1044 1415 1084 dictionibus
1436 1059 1458 1082 a
1477 1045 1551 1082 La·-

94 1096 188 1135 tinia
211 1097 421 1138 mutuatis:
452 1099 558 1137 unde
586 1100 659 1152 Βαγ
665 1095 768 1139 εύειν
796 1099 958 1149 dicunt,
986 1114 1061 1151 pro
1085 1099 1445 1153 Vaga1i‚·ssmov‚
1473 1114 1550 1153 plo

99 1150 249 1204 Velm,
279 1153 430 1207 βέντος,
455 1153 502 1193 V
495 1164 615 1204 entus
644 1157 769 1209 βίγλα,
797 1153 964 1207 Vigilia,
997 1157 1175 1208 aliaque
1177 1156 1318 1196 similia
1340 1158 1551 1209 quamplu-

93 1208 202 1250 rima.
254 1211 399 1250 Verum
429 1210 478 1250 de
499 1210 562 1250 his
581 1187 739 1250 v'ideant
756 1211 927 1250 Erudjti.

205 1263 430 1334 Peg-395.
462 1271 526 1310 17.
584 1265 651 1308 διὰ
677 1268 926 1321 μαργαρίτων
956 1283 1012 1308 ων
1041 1265 1084 1308 τὰ
1114 1264 1350 1321 κούρκωμον
1375 1264 1516 1309 αὐτοῦ.
1527 1269 1547 1320 ]

93 1321 179 1360 Scr.
207 1336 259 1363 ον
289 1319 534 1376 κου’ρκωμον,
563 1325 641 1373 vel,
671 1331 717 1362 ut
739 1324 804 1362 alii
829 1322 988 1373 habent,
1016 1320 1281 1377 κούρκουμον,
1291 1324 1548 1392 capistrum,

93 1385 172 1426 est,
202 1377 286 1418 sive
312 1377 524 1421 Fraenum:
549 1379 794 1432 Hesychius,
825 1379 867 1420 ἔν
895 1383 1027 1436 κημῷ,
1056 1380 1099 1421 ἐν
1125 1377 1388 1450 κουρκούμῳ·
1421 1379 1549 1432 κημός

90 1446 187 1473 vero
210 1433 357 1486 species
375 1436 502 1474 sraeni
521 1442 601 1487 est,
631 1437 740 1489 apud
760 1436 950 1476 eundem.
997 1433 1155 1488 Κημος,
1185 1434 1352 1478 πλεκτόν
1373 1432 1548 1490 ἀγγεῖον,

92 1496 170 1530 etc.
188 1490 257 1531 καὶ
276 1496 501 1544 γυναικεῖον
521 1490 799 1546 προκόσμημα,
819 1492 886 1532 καὶ
910 1490 1015 1540 εἶδος
1031 1495 1212 1544 χαλινου·
1242 1493 1321 1531 hoc
1339 1499 1467 1531 tamen
1486 1493 1545 1530 lo-

92 1558 140 1584 co
159 1560 244 1586 eam
264 1553 415 1586 tantum
436 1549 561 1587 fraeni
579 1556 728 1601 partem
746 1548 958 1600 significat,
991 1549 1099 1599 quod.
1123 1547 1343 1601 Capistrum
1359 1557 1518 1589 vocant.

202 1605 420 1656 Peg-395.
453 1607 518 1647 18.
562 1602 835 1659 καὶέξωρισεν
864 1603 988 1645 αὐτόν
1007 1605 1063 1652 εἰς
1086 1604 1272 1658 Πέτρας]
1303 1605 1545 1643 Palaestinae

91 1658 248 1697 Tertiae
278 1665 338 1697 est
365 1658 460 1699 haec
488 1662 604 1711 urbs,
646 1662 705 1699 uti
745 1675 795 1700 ex
823 1661 997 1699 Auctme
1031 1667 1167 1699 nostro
1199 1661 1386 1700 discimus
1418 1661 1545 1709 insra;

89 1715 245 1766 Ομοίως
264 1714 307 1754 δὲ
322 1713 432 1755 καὶ’
411 1733 428 1756 o
453 1715 696 1770 πατριάρχης
714 1718 946 1768 Αντιοχείας
974 1714 1218 1769 Φλαβιανὸς,
1249 1733 1304 1765 ως
1326 1720 1542 1771 Νεστορια-

91 1769 170 1820 νὸς,
188 1771 385 1824 ἐξωρίσθη
408 1772 461 1821 εἷς
481 1773 646 1827 Πέτρας,
675 1769 790 1814 πόλιν
812 1771 916 1814 οὕτω
939 1772 1200 1825 καλουμένην,
1231 1775 1357 1814 οὐσαν
1375 1775 1447 1825 τῆς
1465 1774 1544 1826 τρί-

89 1842 160 1879 της
180 1830 458 1880 Παλαιστίνης
514 1830 706 1880 Evagrius
729 1831 846 1869 etiam
867 1829 1016 1870 Eccles.
1039 1829 1188 1869 Histor.
1208 1829 1276 1869 lib.
1298 1833 1338 1872 3.
1361 1843 1450 1881 cap.
1471 1832 1541 1872 31.

91 1882 115 1924 ὁ
147 1882 372 1936 Φλαβιανὸς
396 1882 620 1937 ἐκβάλλεται
646 1885 899 1939 κατακριθεὶς
935 1884 1090 1939 Πέτρας
1123 1887 1268 1935 οἰκεῖν,
1327 1882 1428 1939 πρός
1455 1888 1543 1933 ταῖς

89 1939 282 1992 ἐσχατιαῖς
299 1943 379 1980 τῶν
402 1944 677 1983 Παλαιστίνων
698 1941 891 1994 κειμένας.

203 1999 301 2063 Pag.
330 1998 425 2039 395
460 2002 525 2041 22.
584 1995 666 2040 nimi
707 1998 1001 2051 φακτιοναρίων
1040 1994 1511 2044 Κωνσταντινουπόλεως
1521 1996 1538 2048 ]

91 2049 390 2106 Φακτιοναριοι,
417 2053 668 2106 Factionarii,
698 2061 789 2094 sunt
808 2055 990 2106 Aurigae,
1021 2056 1088 2105 qui
1116 2054 1402 2093 Factionibus
1391 2068 1430 2093 m
1450 2056 1539 2092 Cer-

88 2109 298 2148 taminibus
318 2110 563 2151 Circensibus
584 2125 726 2150 currus
744 2113 933 2162 agitantes
950 2110 1121 2149 officium
1138 2124 1249 2149 suum
1272 2110 1538 2163 p1aestabant

198 2164 294 2218 Pag.
326 2170 421 2210 396
451 2171 490 2210 3.
523 2170 724 2216 ominem]
756 2170 922 2216 σταυλος
942 2173 981 2206 et
1001 2170 1183 2218 σταῦλον,
1214 2165 1434 2206 Stabulum.
1471 2166 1539 2204 Vi-

87 2221 137 2262 de
165 2222 392 2262 Meursium

199 2280 301 2348 Pag.
328 2282 423 2323 396
455 2283 519 2325 13.
562 2282 642 2320 ταῖν
670 2275 753 2321 ἄπο
784 2279 1098 2332 κομμερκιαρίων
1118 2274 1391 2332 Προκόπιον.]
1421 2276 1535 2327 Lego,

88 2349 160 2375 τον
187 2331 265 2376 ἀπὸ
293 2337 620 2403 κομμερκιαρίων
676 2335 938 2389 κομμὲρκιον,
973 2335 1273 2383 commercium,
1305 2333 1535 2372 Tributum:

88 2389 180 2430 inde
200 2406 516 2446 κομμερκιαριος,
547 2391 877 2443 Commerdnrius,
909 2392 974 2443 qui
998 2392 1158 2430 Tributa
1176 2390 1341 2441 colligit.

202 2450 296 2500 Pflg·
328 2451 421 2491 396
454 2450 519 2491 15.
561 2445 640 2489 απὸ
662 2450 778 2490 θείου
809 2464 939 2490 τυπου
967 2447 1270 2500 νυκτέπαρχον.]
1301 2444 1536 2499 Νυκτέπαρ-

88 2516 170 2553 χος,
196 2503 421 2543 Praeseczus
438 2512 521 2544 erat
541 2505 733 2556 Vigilum:
778 2504 902 2556 Hujus
921 2511 1097 2556 potestas
1117 2510 1254 2555 postea
1276 2516 1297 2540 a
1317 2502 1534 2541 Justiniano

89 2558 274 2610 abrogata
296 2567 366 2610 est,
395 2569 434 2600 et
450 2575 524 2614 pro
541 2575 588 2600 eo
610 2562 770 2600 Praetor
785 2561 1043 2609 substitutus5
1074 2561 1131 2598 uti
1154 2561 1300 2598 Auctor
1318 2559 1433 2606 inira,
1464 2558 1532 2598 lib.

90 2617 158 2657 18.
186 2615 405 2685 περιηρέθη
430 2616 472 2658 δὲ
497 2621 552 2671 τῷ
572 2614 678 2672 αὐτῷ
703 2615 829 2672 χρόνῳ
846 2634 873 2670 η
897 2619 971 2657 τοῦ
1005 2611 1290 2667 Νυκτεπαρχου
1315 2631 1437 2667 αρχη,
1466 2612 1536 2654 καὶ

88 2670 238 2724 ἐγένετο
258 2669 346 2712 ἄντ’
370 2670 493 2715 αυτοῦ
515 2674 714 2728 Πραίτωρ.
769 2658 1031 2742 Nyctepmchi
1052 2685 1191 2710 nomen
1207 2671 1445 2709 Justinianus
1465 2683 1534 2709 re-

87 2727 281 2778 probans,
312 2741 397 2767 eum
418 2746 447 2770 π
449 2732 620 2784 ραίτωρα
644 2732 716 2772 τοῦ
736 2726 886 2782 δήμου,
918 2730 1139 2769 Praetorem
1154 2726 1278 2781 plebis
1306 2740 1448 2768 vocare
1462 2740 1532 2766 vo-

87 2784 173 2823 luit.
232 2784 333 2824 Vide
356 2786 504 2826 Novell.
530 2787 810 2826 Constitution.
831 2786 935 2826 Xlll.
