1838 3230
659 153 959 200 EPISTOLA·
1438 160 1538 208 689

11 263 27 314 ’ἷ
56 270 169 323 me,
207 276 364 324 sartago
391 270 611 343 loquendi?
651 270 844 324 oportuit
873 274 976 311 enim
1005 269 1109 314 πολυ
1139 277 1179 312 et
1206 273 1374 325 χαλκων.
1434 275 1539 313 Xat-

8 323 26 370 ,Ψ
77 328 182 370 κέων
195 329 354 394 quidem
374 343 395 368 a
417 325 584 382 χαλκεῦς
599 328 732 367 Attice
750 328 919 377 dixeris,
947 329 1106 368 minime
1125 329 1299 380 gentium
1315 343 1338 367 a
1357 331 1538 380 χαλκοῦς,

77 397 158 424 non
178 385 301 436 magis
330 383 554 424 mehercule
565 398 701 452 quam
724 380 893 451 οἷγαποῖει
922 386 989 424 vel
1015 385 1303 439 Αριστοτέλεος.
1363 381 1536 452 Χρύσεα,

79 441 136 481 nit
159 440 435 512 Phrynichus,
473 437 668 495 ἆργύρεα,
706 437 874 491 κυάνεα,
916 439 1061 494 χάλκεα
1088 444 1213 482 ταῦτα
1239 436 1340 482 Iano?
1361 438 1537 494 διαιρού-

80 509 199 551 μενα·
237 495 313 551 χρὴ
345 492 421 538 ουν
440 495 572 568 λέγειν
598 499 746 563 χρυσᾶ,
788 494 964 551 ἀργυρᾶ,
1006 501 1138 538 κυανᾶ
1168 495 1240 539 τὸν
1271 498 1535 546 Αιτικίζοντα.

80 555 266 609 Χρυσοῦς
281 552 380 606 λέγε,
409 550 452 594 τὸ
470 569 545 607 γαρ
568 549 732 621 χρύσεος
753 553 884 602 Ιακὸν,
917 550 1104 602 ωσαύτως
1123 554 1190 594 καὶ
1207 550 1419 607 ἀργυροῦς,
1449 558 1537 605 χαλ-

11 653 13 655 ,
75 613 196 658 ποῦς,
225 613 423 658 κυανοῦς,
451 609 519 650 καὶ
537 607 586 649 vo?
601 606 734 662 όμοια.
791 610 901 660 Rogo
924 609 1114 661 denique,
1146 611 1208 648 cui
1229 623 1419 662 personae
1437 609 1536 649 haec

77 665 206 705 oratio
237 665 470 704 conveniat?
510 665 648 713 Quave
682 665 899 717 Sophocles
929 666 1073 704 fiducia
1104 666 1165 704 die
1195 668 1295 704 sesto
1334 666 1535 706 Ludorum

78 721 184 775 (non
206 723 301 760 alise
326 722 426 760 enim
446 721 486 759 in
505 735 621 760 scena
644 735 763 774 quam
789 721 1070 761 Panathenaeis
1097 736 1142 760 ac
1160 722 1273 760 trinis
1291 722 1535 761 Liberalibus

75 778 313 829 Tragoediae
332 777 603 829 docebantur)
635 779 726 816 illos
753 778 862 832 ipsos
893 778 976 818 dies
1002 780 1124 817 festos
1144 785 1182 816 et
1202 778 1334 817 Ludos
1356 779 1536 818 solennes

73 834 118 874 in
139 836 470 887 contemptionem
502 834 745 873 adduceret?
774 835 971 874 Istuecine
1001 848 1042 874 se
1065 835 1226 886 impune
1249 836 1424 874 laturum
1448 850 1536 888 spe-

73 891 208 931 raret'?
244 891 382 930 Nonne
413 890 600 942 Aeschyli
635 892 858 943 periculum
888 892 1100 931 cautiorem
1122 905 1210 929 eum
1244 892 1414 940 faceret,
1454 893 1535 943 qui,

76 947 185 1000 quod
203 948 245 986 in
263 947 433 999 Sisypho
457 948 600 999 opinor
618 950 904 1003 πετροκυλιστῇ
933 948 982 986 ad
1004 947 1153 986 Cereris
1181 948 1368 999 mysteria
1400 951 1535 986 curio·
1559 953 1590 987 Ο
1617 950 1660 988 14

75 1005 155 1042 sius
175 1004 383 1043 videretur
410 1004 605 1052 alludere,
633 1004 710 1042 nisi
739 1004 790 1042 ad
817 1019 923 1043 aram
951 1003 1096 1044 Bacchi
1129 1005 1389 1055 confugisset,
1429 1005 1535 1043 illico

75 1059 298 1101 trucidatus
330 1065 432 1098 esset
458 1059 502 1097 in
533 1061 678 1099 Scena:
716 1068 852 1112 postea
883 1061 998 1099 etiam
1031 1059 1072 1098 in
1100 1060 1304 1111 Areopago
1330 1060 1380 1098 de
1405 1060 1534 1112 capite

77 1130 150 1155 suo
171 1129 328 1154 causam
347 1115 476 1154 dixit?
507 1115 660 1166 Habes,
691 1117 832 1166 amice,
863 1116 1103 1168 suspiciones
1122 1123 1302 1155 nostras:
1332 1123 1376 1154 tu
1394 1118 1531 1168 tuique

75 1173 224 1211 similes
253 1185 337 1211 rem
370 1174 617 1223 cognoscite,
647 1179 688 1211 et
717 1173 947 1212 sententiam
978 1173 1101 1221 seite3
1138 1186 1220 1211 non
1248 1172 1531 1226 Βεκκεσέληνοι

0 1274 4 1283 y
76 1229 260 1282 quidam,
289 1231 535 1296 πολυμαθεῖς
558 1229 640 1267 sine
660 1235 820 1280 pectore
843 1235 881 1267 et
900 1235 1053 1278 ments,

507 1281 696 1338 ἀνέρες
665 1301 721 1325 ων
738 1300 783 1325 το
804 1284 898 1336 κέαρ

294 1342 422 1381 Παλω
443 1338 626 1381 σὲσακται
642 1340 710 1381 καὶ
731 1341 974 1381 δυσεκνίπτω
994 1355 1109 1394 τρυγο
1116 1356 1148 1389 ς

185 1398 392 1437 Praeclare
406 1410 504 1436 vero
534 1404 665 1435 actum
688 1403 746 1435 est
765 1410 854 1435 cum
874 1395 1098 1461 Sophocle,
1127 1396 1236 1448 quod
1267 1411 1289 1435 a
1315 1392 1531 1450 χρονοῤῥᾶ·

74 1470 141 1510 φφ
158 1461 297 1493 nostro
315 1467 394 1492 non
416 1453 493 1491 nisi
520 1453 640 1492 semel
662 1453 712 1491 ad
733 1454 874 1492 falsum
898 1453 1167 1492 testimonium
1192 1453 1405 1491 dicendum
1434 1455 1530 1491 cita.-

72 1517 139 1550 tus
160 1511 232 1549 sit·
262 1509 469 1562 Euripides
488 1515 630 1558 autem,
662 1510 730 1561 qui
750 1510 909 1548 Malelae
929 1516 1012 1548 erat
1030 1509 1150 1560 paulo
1167 1509 1412 1558 familiarior,
1442 1522 1529 1559 gra-

73 1567 253 1606 vissimas
279 1567 393 1605 istius
421 1565 716 1604 consuetudinis
743 1580 890 1617 poenas
920 1565 1124 1613 sustinuit,
1165 1565 1263 1603 adeo
1293 1565 1451 1616 quidem
1484 1570 1529 1603 ut:

73 1637 154 1662 non
171 1624 301 1661 minus
319 1623 570 1661 incommodo
591 1621 747 1673 hospite
768 1621 846 1660 hoc
871 1594 1149 1670 Antiochensi,
1181 1635 1297 1672 quam
1315 1622 1407 1659 olim
1431 1622 1528 1659 Pro-

74 1679 174 1718 meri
193 1678 356 1718 canibus
376 1691 472 1716 usus
490 1691 573 1717 esse
600 1678 792 1716 videatur.
848 1679 936 1716 Non
968 1678 1061 1725 erit,
1095 1677 1260 1728 opinor,
1288 1677 1337 1715 ab
1367 1677 1527 1715 institu-

73 1742 116 1774 to
136 1741 270 1774 nostro
287 1735 479 1783 alienum,
509 1735 541 1772 si
557 1734 666 1772 locos
699 1728 839 1772 omnes*
855 1735 1077 1772 accuratius
1105 1733 1350 1783 aliquantum
1377 1734 1527 1771 exami-

73 1806 175 1837 nem,
200 1793 241 1830 in
264 1791 407 1843 quibus
425 1790 628 1843 Euripidis
646 1791 790 1828 mentio
810 1789 873 1829 fit:
904 1796 942 1829 et
959 1789 1091 1841 quoad
1111 1790 1194 1841 ejus
1217 1790 1348 1828 facere
1369 1796 1524 1841 potero,
1550 1801 1582 1835 v
1604 1803 1649 1837 10

70 1849 294 1888 fabularum
314 1847 476 1896 titulos,
508 1860 586 1898 quo
605 1845 748 1897 singuli
766 1846 912 1897 quique
932 1847 1010 1884 loci
1030 1847 1273 1894 referuntur,
1304 1845 1520 1887 ostendam.

70 1905 239 1943 Dabitur
256 1905 420 1943 fortasse
441 1902 596 1942 occasio
619 1917 668 1941 ex
690 1903 941 1941 interioribus
959 1903 1083 1941 literis
1104 1901 1334 1953 aspergendi
1353 1902 1523 1952 aliquid:

71 1975 263 2000 memores
285 1967 415 2001 tamen
443 1960 609 2010 erimus,
640 1965 687 1998 ut
714 1959 911 2012 spondeo,
939 1959 1052 1999 verbi
1083 1959 1246 2009 veteris,
1277 1971 1356 2011 quo
1379 1958 1521 1997 admo-

70 2030 212 2057 nemur

295 2076 356 2130 Τῇ
376 2073 475 2126 χειρὶ
492 2073 686 2127 σπείρειν,
714 2069 812 2126 μηδ’
829 2069 907 2128 ολῳ
925 2074 982 2131 '⁶93
998 2067 1174 2127 θυλακω.

187 2130 298 2178 Quae
316 2131 438 2182 igitur
457 2130 577 2169 habes
602 2143 691 2183 pag·
721 2133 786 2171 39.
819 2129 919 2182 Περὶ
953 2124 1003 2179 ἧς
1028 2113 1247 2196 (Δανάης)
1279 2124 1519 2194 ἐμυθολόγη-

76 2199 144 2228 σεν
176 2183 402 2240 Ευριπίδης
426 2186 450 2227 ὅ
471 2183 697 2238 σοφώτατος
720 2186 763 2226 ἐν
789 2189 841 2241 τῇ
866 2183 1045 2234 συντάξει
1073 2187 1146 2226 τοῦ
1169 2180 1296 2224 αὐτοῦ
1321 2181 1519 2237 δράματος

74 2249 114 2282 et
132 2257 232 2294 quae
246 2250 487 2294 sequuntur,
518 2257 539 2282 e
559 2243 687 2281 sabula
708 2242 848 2281 Danae
867 2242 1067 2294 desumpta
1087 2247 1188 2280 sunt.
1245 2240 1397 2279 Laudat
1413 2239 1517 2278 hanc
1580 2243 1582 2245 ’

71 2300 217 2339 Pollux
239 2299 310 2340 lib,
335 2299 373 2340 4.
402 2313 489 2352 cap.
512 2302 574 2341 16
611 2299 799 2337 Stobaeus
830 2305 957 2337 autem
985 2312 1064 2337 non
1092 2297 1231 2346 semel,
1260 2303 1305 2334 ut
1331 2302 1369 2334 et
1400 2296 1516 2335 aliam

73 2355 280 2407 Sophoclis
304 2356 481 2394 similiter
499 2356 741 2407 inscriptam.
800 2355 945 2393 Harum
963 2356 1210 2402 alterutram,
1241 2352 1359 2402 magis
1383 2359 1515 2391 tamen

69 2411 347 2464 Euripideum,
375 2413 494 2451 latine
523 2412 716 2451 convertit
745 2412 931 2461 Naevius,
960 2412 1072 2463 cujus
1102 2411 1231 2447 nanae
1258 2409 1385 2447 Nonio
1411 2410 1515 2447 Mar-

72 2468 169 2506 cello
187 2469 342 2508 citatur.
403 2468 634 2508 Plutarchus
654 2468 921 2507 Consolatoria
943 2468 992 2506 ad
1011 2465 1284 2519 Apollonium:
1316 2467 1349 2505 Ο
1374 2463 1416 2506 δὲ
1438 2480 1514 2506 πα-

72 2521 380 2578 ραμυθούμενος
395 2523 468 2578 τήν
487 2530 573 2565 Δαν
566 2523 655 2577 άην
673 2526 977 2565 δυσπενθοῦσαν
995 2526 1140 2569 Δίκτυς
1161 2533 1260 2573 φησι

287 2585 429 2630 Δοκεῖς
446 2579 516 2622 τὸν
534 2579 636 2633 ἅδην
662 2584 744 2622 σῶν
765 2596 802 2621 τι
821 2580 1040 2634 φροντίζειν
1055 2578 1162 2633 γόων

287 2641 331 2677 K
331 2636 372 2676 αὶ
388 2634 504 2679 παῖδ’
523 2623 685 2691 οῗνησειν
699 2635 766 2678 τὸν
785 2635 872 2687 σὸν,
905 2637 940 2677 εἰ
954 2635 1089 2683 θέλοις
1109 2632 1280 2675 στένειν·
1266 2664 1279 2683 ,

287 2695 474 2734 flavam·
497 2695 694 2764 βλέπουσα
714 2688 755 2735 δ
774 2694 830 2741 εἰς
845 2691 892 2733 τοὶ
910 2708 988 2733 των
1007 2691 1126 2739 πέλας
1140 2705 1243 2733 κακα

291 2746 406 2804 Ρᾴων
419 2747 546 2803 γένοι’
571 2767 642 2803 αν,
673 2751 710 2792 εἰ
727 2752 951 2818 λογίζεσθαι
971 2747 1105 2796 θέλοις

291 2807 389 2846 Οσοι
408 2821 450 2847 τε
471 2808 628 2862 δεσμοῖς
648 2803 962 2862 ἕκμεμόχθηνται
977 2805 1132 2860 βροτων
1541 2813 1574 2846 0
1600 2810 1641 2847 15

127 2865 271 2902 Ioannes
307 2866 473 2903 Matutae.
1189 2863 1244 2906 44
