<?xml version="1.0" encoding="UTF-8"?>
<!DOCTYPE html PUBLIC "-//W3C//DTD XHTML 1.0 Transitional//EN"
    "http://www.w3.org/TR/xhtml1/DTD/xhtml1-transitional.dtd">
<html xmlns="http://www.w3.org/1999/xhtml" xml:lang="en" lang="en">
 <head>
  <title>
</title>
<meta http-equiv="Content-Type" content="text/html;charset=utf-8" />
  <meta name='ocr-system' content='tesseract 3.04.00' />
  <meta name='ocr-capabilities' content='ocr_page ocr_carea ocr_par ocr_line ocrx_word'/>
</head>
<body>
  <div class='ocr_page' id='page_1' title='image "./corpusscriptorum28niebuoft_0614.png"; bbox 0 0 1838 3230; ppageno 0'>
   <div class='ocr_carea' id='block_1_1' title="bbox 300 197 1248 254">
    <p class='ocr_par' dir='ltr' id='par_1_1' title="bbox 300 197 1248 254">
     <span class='ocr_line' id='line_1_1' title="bbox 300 197 1248 254; baseline -0.015 0"><span class='ocrx_word' id='word_1_1' title='bbox 300 205 399 254; x_wconf 72' lang='lat'><strong>532</strong></span> <span class='ocrx_word' id='word_1_2' title='bbox 784 197 1248 243; x_wconf 79' lang='lat' dir='ltr'><strong>ANNoTATmNES.</strong></span> 
     </span>
    </p>
   </div>
   <div class='ocr_carea' id='block_1_2' title="bbox 299 313 1745 2869">
    <p class='ocr_par' dir='ltr' id='par_1_2' title="bbox 299 313 1738 422">
     <span class='ocr_line' id='line_1_2' title="bbox 299 313 1738 369; baseline -0.001 -14"><span class='ocrx_word' id='word_1_3' title='bbox 299 321 470 356; x_wconf 85' lang='lat' dir='ltr'><strong>montem</strong></span> <span class='ocrx_word' id='word_1_4' title='bbox 491 314 678 367; x_wconf 88' lang='lat' dir='ltr'><strong>Silpium,</strong></span> <span class='ocrx_word' id='word_1_5' title='bbox 708 320 918 367; x_wconf 85' lang='lat' dir='ltr'><strong>partesque</strong></span> <span class='ocrx_word' id='word_1_6' title='bbox 937 313 1105 364; x_wconf 82' lang='lat' dir='ltr'><strong>vicinas,</strong></span> <span class='ocrx_word' id='word_1_7' title='bbox 1134 320 1263 354; x_wconf 83' lang='lat' dir='ltr'><strong>terrae</strong></span> <span class='ocrx_word' id='word_1_8' title='bbox 1286 319 1499 366; x_wconf 82' lang='lat' dir='ltr'><strong>tremores,</strong></span> <span class='ocrx_word' id='word_1_9' title='bbox 1526 326 1626 367; x_wconf 82' lang='lat' dir='ltr'><strong>quos</strong></span> <span class='ocrx_word' id='word_1_10' title='bbox 1646 315 1738 369; x_wconf 57' lang='lat' dir='ltr'><strong>‘plu-</strong></span> 
     </span>
     <span class='ocr_line' id='line_1_3' title="bbox 300 371 1180 422; baseline -0.002 -11"><span class='ocrx_word' id='word_1_11' title='bbox 300 373 421 411; x_wconf 87' lang='lat' dir='ltr'><strong>rimos</strong></span> <span class='ocrx_word' id='word_1_12' title='bbox 444 379 645 410; x_wconf 82' lang='lat' dir='ltr'><strong>enumerat</strong></span> <span class='ocrx_word' id='word_1_13' title='bbox 666 371 847 422; x_wconf 87' lang='lat' dir='ltr'>deinceps</span> <span class='ocrx_word' id='word_1_14' title='bbox 865 373 1011 409; x_wconf 82' lang='lat' dir='ltr'>Auctor</span> <span class='ocrx_word' id='word_1_15' title='bbox 1033 377 1180 411; x_wconf 85' lang='lat' dir='ltr'><strong>noster.</strong></span> 
     </span>
    </p>

    <p class='ocr_par' dir='ltr' id='par_1_3' title="bbox 301 422 1739 696">
     <span class='ocr_line' id='line_1_4' title="bbox 415 422 1737 496; baseline 0.001 -29"><span class='ocrx_word' id='word_1_16' title='bbox 415 430 509 480; x_wconf 76' lang='lat' dir='ltr'><strong>Pag.</strong></span> <span class='ocrx_word' id='word_1_17' title='bbox 542 430 631 468; x_wconf 86' lang='lat'><strong>136.</strong></span> <span class='ocrx_word' id='word_1_18' title='bbox 665 429 727 467; x_wconf 82' lang='lat'><strong>12.</strong></span> <span class='ocrx_word' id='word_1_19' title='bbox 747 424 966 496; x_wconf 81' lang='grc' dir='ltr'>προσέσχεν</span> <span class='ocrx_word' id='word_1_20' title='bbox 983 425 1006 466; x_wconf 83' lang='grc' dir='ltr'><em>ὅ</em></span> <span class='ocrx_word' id='word_1_21' title='bbox 1025 426 1195 478; x_wconf 84' lang='grc' dir='ltr'>Ορέστης</span> <span class='ocrx_word' id='word_1_22' title='bbox 1213 422 1332 478; x_wconf 77' lang='grc' dir='ltr'>ἱερὸν,</span> <span class='ocrx_word' id='word_1_23' title='bbox 1353 422 1486 478; x_wconf 82' lang='grc' dir='ltr'>ἕστως]</span> <span class='ocrx_word' id='word_1_24' title='bbox 1507 426 1598 466; x_wconf 89' lang='lat' dir='ltr'><strong>Ser.</strong></span> <span class='ocrx_word' id='word_1_25' title='bbox 1611 422 1737 474; x_wconf 78' lang='grc' dir='ltr'>ἕστὸς·</span> 
     </span>
     <span class='ocr_line' id='line_1_5' title="bbox 302 479 1738 536; baseline -0.003 -11"><span class='ocrx_word' id='word_1_26' title='bbox 302 482 515 536; x_wconf 79' lang='grc' dir='ltr'>προσέσχεν</span> <span class='ocrx_word' id='word_1_27' title='bbox 543 481 609 520; x_wconf 88' lang='lat' dir='ltr'><strong>hic</strong></span> <span class='ocrx_word' id='word_1_28' title='bbox 646 495 720 533; x_wconf 84' lang='lat' dir='ltr'><strong>pro</strong></span> <span class='ocrx_word' id='word_1_29' title='bbox 742 479 846 534; x_wconf 74' lang='grc' dir='ltr'>ἑώρα</span> <span class='ocrx_word' id='word_1_30' title='bbox 875 482 1035 533; x_wconf 88' lang='lat' dir='ltr'><strong>ponitur</strong></span> <span class='ocrx_word' id='word_1_31' title='bbox 1066 482 1262 520; x_wconf 86' lang='lat' dir='ltr'><strong>locutione</strong></span> <span class='ocrx_word' id='word_1_32' title='bbox 1284 482 1474 520; x_wconf 82' lang='lat' dir='ltr'><strong>Barbara.</strong></span> <span class='ocrx_word' id='word_1_33' title='bbox 1502 482 1620 520; x_wconf 80' lang='lat' dir='ltr'>Forte</span> <span class='ocrx_word' id='word_1_34' title='bbox 1639 482 1738 521; x_wconf 78' lang='lat' dir='ltr'><strong>scri-</strong></span> 
     </span>
     <span class='ocr_line' id='line_1_6' title="bbox 301 536 1717 604; baseline -0.001 -26"><span class='ocrx_word' id='word_1_35' title='bbox 301 539 494 586; x_wconf 83' lang='lat' dir='ltr'>bendum,</span> <span class='ocrx_word' id='word_1_36' title='bbox 523 536 732 591; x_wconf 78' lang='grc' dir='ltr'>προσέσχεν</span> <span class='ocrx_word' id='word_1_37' title='bbox 748 554 768 578; x_wconf 93' lang='grc' dir='ltr'>ο</span> <span class='ocrx_word' id='word_1_38' title='bbox 761 536 991 590; x_wconf 75' lang='grc' dir='ltr'>Ὀρέστης</span> <span class='ocrx_word' id='word_1_39' title='bbox 975 540 1068 604; x_wconf 77' lang='grc' dir='ltr'>ιερῷ</span> <span class='ocrx_word' id='word_1_40' title='bbox 1095 537 1240 578; x_wconf 78' lang='grc' dir='ltr'>ἑστῶτι.</span> <span class='ocrx_word' id='word_1_41' title='bbox 1297 538 1406 576; x_wconf 81' lang='lat' dir='ltr'><strong>Infra</strong></span> <span class='ocrx_word' id='word_1_42' title='bbox 1434 538 1547 576; x_wconf 86' lang='lat' dir='ltr'><strong>etiam</strong></span> <span class='ocrx_word' id='word_1_43' title='bbox 1569 538 1612 576; x_wconf 89' lang='lat' dir='ltr'><strong>in</strong></span> <span class='ocrx_word' id='word_1_44' title='bbox 1637 538 1717 576; x_wconf 83' lang='lat' dir='ltr'><strong>Ore</strong></span> 
     </span>
     <span class='ocr_line' id='line_1_7' title="bbox 303 590 1739 647; baseline 0.001 -14"><span class='ocrx_word' id='word_1_45' title='bbox 303 595 372 633; x_wconf 82' lang='lat' dir='ltr'><strong>stis</strong></span> <span class='ocrx_word' id='word_1_46' title='bbox 397 593 582 644; x_wconf 82' lang='lat' dir='ltr'><strong>historia,</strong></span> <span class='ocrx_word' id='word_1_47' title='bbox 615 607 659 645; x_wconf 88' lang='lat' dir='ltr'><strong>p.</strong></span> <span class='ocrx_word' id='word_1_48' title='bbox 692 596 784 635; x_wconf 87' lang='lat'><strong>109.</strong></span> <span class='ocrx_word' id='word_1_49' title='bbox 823 593 865 633; x_wconf 80' lang='grc' dir='ltr'><strong>οἷ</strong></span> <span class='ocrx_word' id='word_1_50' title='bbox 896 591 939 634; x_wconf 82' lang='grc' dir='ltr'>δὲ</span> <span class='ocrx_word' id='word_1_51' title='bbox 965 590 1092 647; x_wconf 83' lang='grc' dir='ltr'>Σύροι</span> <span class='ocrx_word' id='word_1_52' title='bbox 1116 590 1418 647; x_wconf 84' lang='grc' dir='ltr'>προσεσχηκὸτες</span> <span class='ocrx_word' id='word_1_53' title='bbox 1443 591 1486 634; x_wconf 82' lang='grc' dir='ltr'>τὸ</span> <span class='ocrx_word' id='word_1_54' title='bbox 1512 597 1640 646; x_wconf 83' lang='grc' dir='ltr'>σχῆμα</span> <span class='ocrx_word' id='word_1_55' title='bbox 1664 596 1739 647; x_wconf 81' lang='grc' dir='ltr'>τῆς</span> 
     </span>
     <span class='ocr_line' id='line_1_8' title="bbox 303 648 457 696; baseline 0 -6"><span class='ocrx_word' id='word_1_56' title='bbox 303 662 347 690; x_wconf 88' lang='grc' dir='ltr'>στ</span> <span class='ocrx_word' id='word_1_57' title='bbox 363 648 397 690; x_wconf 84' lang='grc' dir='ltr'><strong>’λ</strong></span> <span class='ocrx_word' id='word_1_58' title='bbox 426 665 457 696; x_wconf 86' lang='grc' dir='ltr'><strong>ς.</strong></span> 
     </span>
    </p>

    <p class='ocr_par' dir='ltr' id='par_1_4' title="bbox 302 665 1738 810">
     <span class='ocr_line' id='line_1_9' title="bbox 347 665 1738 772; baseline 0.001 -29"><span class='ocrx_word' id='word_1_59' title='bbox 347 666 371 702; x_wconf 71' lang='grc' dir='ltr'><em>η</em></span> <span class='ocrx_word' id='word_1_60' title='bbox 398 665 513 756; x_wconf 53' lang='lat' dir='ltr'><strong>nPag.</strong></span> <span class='ocrx_word' id='word_1_61' title='bbox 544 705 635 772; x_wconf 67' lang='lat'><strong>1373</strong></span> <span class='ocrx_word' id='word_1_62' title='bbox 665 702 730 745; x_wconf 90' lang='lat'><strong>15.</strong></span> <span class='ocrx_word' id='word_1_63' title='bbox 759 702 827 744; x_wconf 85' lang='grc' dir='ltr'>καὶ</span> <span class='ocrx_word' id='word_1_64' title='bbox 849 699 1057 758; x_wconf 78' lang='grc' dir='ltr'>οἷφωρισαν</span> <span class='ocrx_word' id='word_1_65' title='bbox 1084 705 1310 758; x_wconf 77' lang='grc' dir='ltr'>παροιμίαν]</span> <span class='ocrx_word' id='word_1_66' title='bbox 1340 705 1575 745; x_wconf 79' lang='lat' dir='ltr'><strong>vocabulum</strong></span> <span class='ocrx_word' id='word_1_67' title='bbox 1598 704 1738 745; x_wconf 87' lang='lat' dir='ltr'><strong>barba-</strong></span> 
     </span>
     <span class='ocr_line' id='line_1_10' title="bbox 302 755 1000 810; baseline -0.003 -10"><span class='ocrx_word' id='word_1_68' title='bbox 302 774 412 810; x_wconf 82' lang='lat' dir='ltr'><strong>rum,</strong></span> <span class='ocrx_word' id='word_1_69' title='bbox 438 773 512 810; x_wconf 86' lang='lat' dir='ltr'><strong>pro</strong></span> <span class='ocrx_word' id='word_1_70' title='bbox 534 755 633 799; x_wconf 80' lang='grc' dir='ltr'>καθ’</span> <span class='ocrx_word' id='word_1_71' title='bbox 650 756 795 809; x_wconf 72' lang='grc' dir='ltr'>αὑτὸν,</span> <span class='ocrx_word' id='word_1_72' title='bbox 823 762 1000 800; x_wconf 86' lang='lat' dir='ltr'><strong>seorsim.</strong></span> 
     </span>
    </p>

    <p class='ocr_par' dir='ltr' id='par_1_5' title="bbox 301 813 1743 1980">
     <span class='ocr_line' id='line_1_11' title="bbox 413 813 1741 869; baseline 0.002 -16"><span class='ocrx_word' id='word_1_73' title='bbox 413 818 515 867; x_wconf 76' lang='lat' dir='ltr'><strong>Pag.</strong></span> <span class='ocrx_word' id='word_1_74' title='bbox 550 817 641 856; x_wconf 85' lang='lat'><strong>138.</strong></span> <span class='ocrx_word' id='word_1_75' title='bbox 672 819 713 857; x_wconf 85' lang='lat'><strong>9.</strong></span> <span class='ocrx_word' id='word_1_76' title='bbox 740 813 898 868; x_wconf 80' lang='grc' dir='ltr'>γράψας</span> <span class='ocrx_word' id='word_1_77' title='bbox 920 816 975 863; x_wconf 82' lang='grc' dir='ltr'><strong>εἰς</strong></span> <span class='ocrx_word' id='word_1_78' title='bbox 995 815 1197 867; x_wconf 83' lang='grc' dir='ltr'>δίπτυχον]</span> <span class='ocrx_word' id='word_1_79' title='bbox 1229 815 1420 868; x_wconf 82' lang='lat' dir='ltr'><strong>Diptycha</strong></span> <span class='ocrx_word' id='word_1_80' title='bbox 1440 816 1547 868; x_wconf 86' lang='lat' dir='ltr'><strong>apud</strong></span> <span class='ocrx_word' id='word_1_81' title='bbox 1567 816 1741 869; x_wconf 84' lang='lat' dir='ltr'><strong>Scripto-</strong></span> 
     </span>
     <span class='ocr_line' id='line_1_12' title="bbox 301 870 1742 924; baseline 0 -13"><span class='ocrx_word' id='word_1_82' title='bbox 301 885 366 911; x_wconf 84' lang='lat' dir='ltr'><strong>res</strong></span> <span class='ocrx_word' id='word_1_83' title='bbox 386 870 681 910; x_wconf 85' lang='lat' dir='ltr'><strong>Ecclesiasticos</strong></span> <span class='ocrx_word' id='word_1_84' title='bbox 710 878 801 910; x_wconf 88' lang='lat' dir='ltr'><strong>sunt</strong></span> <span class='ocrx_word' id='word_1_85' title='bbox 826 872 998 910; x_wconf 81' lang='lat' dir='ltr'><strong>Tabulae</strong></span> <span class='ocrx_word' id='word_1_86' title='bbox 1030 872 1118 910; x_wconf 87' lang='lat' dir='ltr'><strong>illae</strong></span> <span class='ocrx_word' id='word_1_87' title='bbox 1141 871 1334 922; x_wconf 86' lang='lat' dir='ltr'><strong>duplices,</strong></span> <span class='ocrx_word' id='word_1_88' title='bbox 1365 873 1506 924; x_wconf 86' lang='lat' dir='ltr'><strong>quibus</strong></span> <span class='ocrx_word' id='word_1_89' title='bbox 1530 874 1742 912; x_wconf 82' lang='lat' dir='ltr'><strong>Defuncto.</strong></span> 
     </span>
     <span class='ocr_line' id='line_1_13' title="bbox 303 927 1740 979; baseline 0.001 -14"><span class='ocrx_word' id='word_1_90' title='bbox 303 942 404 976; x_wconf 89' lang='lat' dir='ltr'><strong>rum,</strong></span> <span class='ocrx_word' id='word_1_91' title='bbox 433 927 693 976; x_wconf 87' lang='lat' dir='ltr'><strong>vivorumque</strong></span> <span class='ocrx_word' id='word_1_92' title='bbox 714 927 870 966; x_wconf 86' lang='lat' dir='ltr'><strong>nomina</strong></span> <span class='ocrx_word' id='word_1_93' title='bbox 890 928 1225 966; x_wconf 78' lang='lat' dir='ltr'><strong>inscribebantur:</strong></span> <span class='ocrx_word' id='word_1_94' title='bbox 1254 927 1373 979; x_wconf 84' lang='lat' dir='ltr'><strong>Apud</strong></span> <span class='ocrx_word' id='word_1_95' title='bbox 1389 929 1601 968; x_wconf 86' lang='lat' dir='ltr'><strong>Auctorem</strong></span> <span class='ocrx_word' id='word_1_96' title='bbox 1623 929 1740 967; x_wconf 83' lang='lat' dir='ltr'><strong>etiam</strong></span> 
     </span>
     <span class='ocr_line' id='line_1_14' title="bbox 303 982 1740 1034; baseline 0.002 -12"><span class='ocrx_word' id='word_1_97' title='bbox 303 989 481 1022; x_wconf 78' lang='lat' dir='ltr'><strong>nostrum</strong></span> <span class='ocrx_word' id='word_1_98' title='bbox 517 982 750 1033; x_wconf 81' lang='lat' dir='ltr'><strong>quandoque</strong></span> <span class='ocrx_word' id='word_1_99' title='bbox 779 983 943 1022; x_wconf 83' lang='lat' dir='ltr'><strong>eundem</strong></span> <span class='ocrx_word' id='word_1_100' title='bbox 973 983 1094 1022; x_wconf 77' lang='lat' dir='ltr'><strong>habet</strong></span> <span class='ocrx_word' id='word_1_101' title='bbox 1125 996 1303 1023; x_wconf 89' lang='lat' dir='ltr'><strong>sensum·</strong></span> <span class='ocrx_word' id='word_1_102' title='bbox 1342 990 1387 1023; x_wconf 86' lang='lat' dir='ltr'><strong>ut</strong></span> <span class='ocrx_word' id='word_1_103' title='bbox 1412 984 1534 1034; x_wconf 86' lang='lat' dir='ltr'><strong>infra,</strong></span> <span class='ocrx_word' id='word_1_104' title='bbox 1573 984 1641 1023; x_wconf 87' lang='lat' dir='ltr'><strong>lib.</strong></span> <span class='ocrx_word' id='word_1_105' title='bbox 1674 987 1740 1025; x_wconf 91' lang='grc'><strong>17.</strong></span> 
     </span>
     <span class='ocr_line' id='line_1_15' title="bbox 303 1038 1740 1091; baseline 0.001 -15"><span class='ocrx_word' id='word_1_106' title='bbox 303 1039 476 1077; x_wconf 73' lang='lat' dir='ltr'><strong>Justinus</strong></span> <span class='ocrx_word' id='word_1_107' title='bbox 494 1038 731 1089; x_wconf 78' lang='lat' dir='ltr'><strong>Imperator,</strong></span> <span class='ocrx_word' id='word_1_108' title='bbox 760 1053 787 1077; x_wconf 91' lang='lat'><strong>1.</strong></span> <span class='ocrx_word' id='word_1_109' title='bbox 817 1040 975 1091; x_wconf 89' lang='lat' dir='ltr'><strong>Imperii</strong></span> <span class='ocrx_word' id='word_1_110' title='bbox 994 1053 1095 1077; x_wconf 89' lang='lat' dir='ltr'><strong>anno</strong></span> <span class='ocrx_word' id='word_1_111' title='bbox 1116 1040 1281 1077; x_wconf 81' lang='lat' dir='ltr'><strong>Paulum</strong></span> <span class='ocrx_word' id='word_1_112' title='bbox 1302 1040 1523 1091; x_wconf 86' lang='lat' dir='ltr'><strong>quendam</strong></span> <span class='ocrx_word' id='word_1_113' title='bbox 1511 1054 1552 1078; x_wconf 85' lang='lat'><strong>111</strong></span> <span class='ocrx_word' id='word_1_114' title='bbox 1571 1040 1740 1079; x_wconf 76' lang='lat' dir='ltr'><strong>Pau-iar-</strong></span> 
     </span>
     <span class='ocr_line' id='line_1_16' title="bbox 304 1093 1741 1147; baseline 0.002 -15"><span class='ocrx_word' id='word_1_115' title='bbox 304 1094 462 1132; x_wconf 86' lang='lat' dir='ltr'><strong>chatum</strong></span> <span class='ocrx_word' id='word_1_116' title='bbox 486 1093 782 1132; x_wconf 79' lang='lat' dir='ltr'><strong>Antiochensem</strong></span> <span class='ocrx_word' id='word_1_117' title='bbox 798 1095 1019 1147; x_wconf 87' lang='lat' dir='ltr'><strong>promovit,</strong></span> <span class='ocrx_word' id='word_1_118' title='bbox 1049 1107 1156 1142; x_wconf 90' lang='grc' dir='ltr'>οστις</span> <span class='ocrx_word' id='word_1_119' title='bbox 1181 1093 1274 1143; x_wconf 71' lang='grc' dir='ltr'>τούς</span> <span class='ocrx_word' id='word_1_120' title='bbox 1302 1098 1373 1147; x_wconf 82' lang='grc' dir='ltr'>τῆς</span> <span class='ocrx_word' id='word_1_121' title='bbox 1399 1093 1564 1137; x_wconf 83' lang='grc' dir='ltr'>συνόδου</span> <span class='ocrx_word' id='word_1_122' title='bbox 1586 1098 1741 1146; x_wconf 83' lang='grc' dir='ltr'>Χαλκη-</span> 
     </span>
     <span class='ocr_line' id='line_1_17' title="bbox 305 1146 1742 1215; baseline 0 -24"><span class='ocrx_word' id='word_1_123' title='bbox 305 1146 421 1197; x_wconf 77' lang='grc' dir='ltr'>δόνος</span> <span class='ocrx_word' id='word_1_124' title='bbox 444 1149 668 1198; x_wconf 76' lang='grc' dir='ltr'>ἑξακοσίους</span> <span class='ocrx_word' id='word_1_125' title='bbox 685 1165 892 1215; x_wconf 85' lang='grc' dir='ltr'>τριακοντα</span> <span class='ocrx_word' id='word_1_126' title='bbox 920 1147 1158 1198; x_wconf 78' lang='grc' dir='ltr'>ἐπισκόπους</span> <span class='ocrx_word' id='word_1_127' title='bbox 1178 1150 1329 1199; x_wconf 81' lang='grc' dir='ltr'>ἐνέταξε</span> <span class='ocrx_word' id='word_1_128' title='bbox 1345 1156 1427 1199; x_wconf 88' lang='grc' dir='ltr'>τοῖς</span> <span class='ocrx_word' id='word_1_129' title='bbox 1446 1147 1646 1203; x_wconf 86' lang='grc' dir='ltr'>διπτύχοις</span> <span class='ocrx_word' id='word_1_130' title='bbox 1660 1165 1742 1191; x_wconf 87' lang='grc' dir='ltr'><strong>των</strong></span> 
     </span>
     <span class='ocr_line' id='line_1_18' title="bbox 305 1203 1741 1258; baseline -0.001 -12"><span class='ocrx_word' id='word_1_131' title='bbox 305 1205 522 1256; x_wconf 75' lang='grc' dir='ltr'>ἐκκλησιῶν</span> <span class='ocrx_word' id='word_1_132' title='bbox 554 1203 716 1257; x_wconf 74' lang='grc' dir='ltr'>ἑκάστης</span> <span class='ocrx_word' id='word_1_133' title='bbox 754 1203 912 1253; x_wconf 78' lang='grc' dir='ltr'>πόλεως.</span> <span class='ocrx_word' id='word_1_134' title='bbox 957 1207 1157 1258; x_wconf 86' lang='grc' dir='ltr'>Δίπτυχον</span> <span class='ocrx_word' id='word_1_135' title='bbox 1187 1220 1302 1256; x_wconf 82' lang='lat' dir='ltr'><strong>vere,</strong></span> <span class='ocrx_word' id='word_1_136' title='bbox 1341 1207 1527 1257; x_wconf 84' lang='lat' dir='ltr'><strong>singulari</strong></span> <span class='ocrx_word' id='word_1_137' title='bbox 1563 1220 1741 1256; x_wconf 89' lang='lat' dir='ltr'><strong>numero,</strong></span> 
     </span>
     <span class='ocr_line' id='line_1_19' title="bbox 306 1260 1742 1314; baseline 0.001 -15"><span class='ocrx_word' id='word_1_138' title='bbox 306 1260 414 1313; x_wconf 78' lang='lat' dir='ltr'><strong>apud.</strong></span> <span class='ocrx_word' id='word_1_139' title='bbox 430 1267 604 1298; x_wconf 87' lang='lat' dir='ltr'><strong>autorem</strong></span> <span class='ocrx_word' id='word_1_140' title='bbox 618 1267 795 1299; x_wconf 86' lang='lat' dir='ltr'><strong>nostrum</strong></span> <span class='ocrx_word' id='word_1_141' title='bbox 816 1262 975 1310; x_wconf 89' lang='lat' dir='ltr'><strong>ubique,</strong></span> <span class='ocrx_word' id='word_1_142' title='bbox 999 1263 1165 1300; x_wconf 87' lang='lat' dir='ltr'><strong>fortasse</strong></span> <span class='ocrx_word' id='word_1_143' title='bbox 1181 1263 1297 1300; x_wconf 85' lang='lat' dir='ltr'><strong>etiam</strong></span> <span class='ocrx_word' id='word_1_144' title='bbox 1317 1264 1422 1314; x_wconf 88' lang='lat' dir='ltr'><strong>apud</strong></span> <span class='ocrx_word' id='word_1_145' title='bbox 1440 1264 1549 1312; x_wconf 85' lang='lat' dir='ltr'><strong>alios,</strong></span> <span class='ocrx_word' id='word_1_146' title='bbox 1565 1261 1742 1301; x_wconf 69' lang='lat' dir='ltr'><strong>Tabulas</strong></span> 
     </span>
     <span class='ocr_line' id='line_1_20' title="bbox 305 1316 1740 1368; baseline 0.001 -14"><span class='ocrx_word' id='word_1_147' title='bbox 305 1317 529 1368; x_wconf 73' lang='lat' dir='ltr'><strong>scriptorius</strong></span> <span class='ocrx_word' id='word_1_148' title='bbox 548 1329 768 1353; x_wconf 88' lang='lat' dir='ltr'><strong>communes</strong></span> <span class='ocrx_word' id='word_1_149' title='bbox 788 1316 965 1353; x_wconf 84' lang='lat' dir='ltr'><strong>denotat:</strong></span> <span class='ocrx_word' id='word_1_150' title='bbox 995 1317 1051 1354; x_wconf 87' lang='lat' dir='ltr'><strong>ita</strong></span> <span class='ocrx_word' id='word_1_151' title='bbox 1073 1317 1114 1353; x_wconf 91' lang='lat' dir='ltr'><strong>in</strong></span> <span class='ocrx_word' id='word_1_152' title='bbox 1132 1317 1209 1354; x_wconf 86' lang='lat' dir='ltr'><strong>hoc</strong></span> <span class='ocrx_word' id='word_1_153' title='bbox 1239 1319 1351 1355; x_wconf 87' lang='lat' dir='ltr'><strong>loco:</strong></span> <span class='ocrx_word' id='word_1_154' title='bbox 1383 1325 1428 1356; x_wconf 88' lang='lat' dir='ltr'><strong>ut</strong></span> <span class='ocrx_word' id='word_1_155' title='bbox 1457 1326 1495 1357; x_wconf 89' lang='lat' dir='ltr'><strong>et</strong></span> <span class='ocrx_word' id='word_1_156' title='bbox 1519 1319 1642 1366; x_wconf 83' lang='lat' dir='ltr'><strong>infra,</strong></span> <span class='ocrx_word' id='word_1_157' title='bbox 1671 1318 1740 1355; x_wconf 89' lang='lat' dir='ltr'><strong>lib.</strong></span> 
     </span>
     <span class='ocr_line' id='line_1_21' title="bbox 308 1370 1742 1423; baseline 0.002 -15"><span class='ocrx_word' id='word_1_158' title='bbox 308 1374 374 1412; x_wconf 89' lang='grc'><strong>10.</strong></span> <span class='ocrx_word' id='word_1_159' title='bbox 403 1371 471 1408; x_wconf 90' lang='lat' dir='ltr'><strong>ubi</strong></span> <span class='ocrx_word' id='word_1_160' title='bbox 492 1371 724 1420; x_wconf 84' lang='lat' dir='ltr'><strong>Apollonius</strong></span> <span class='ocrx_word' id='word_1_161' title='bbox 743 1372 943 1420; x_wconf 86' lang='lat' dir='ltr'><strong>Tyaneus,</strong></span> <span class='ocrx_word' id='word_1_162' title='bbox 984 1370 1031 1407; x_wconf 88' lang='lat' dir='ltr'><strong>ab</strong></span> <span class='ocrx_word' id='word_1_163' title='bbox 1057 1370 1384 1409; x_wconf 88' lang='lat' dir='ltr'><strong>Antiochensibus</strong></span> <span class='ocrx_word' id='word_1_164' title='bbox 1406 1379 1565 1423; x_wconf 81' lang='lat' dir='ltr'><strong>rogatus</strong></span> <span class='ocrx_word' id='word_1_165' title='bbox 1591 1373 1650 1411; x_wconf 84' lang='lat' dir='ltr'><strong>uti</strong></span> <span class='ocrx_word' id='word_1_166' title='bbox 1668 1373 1742 1411; x_wconf 83' lang='lat' dir='ltr'><strong>Te-</strong></span> 
     </span>
     <span class='ocr_line' id='line_1_22' title="bbox 306 1425 1741 1481; baseline 0.003 -16"><span class='ocrx_word' id='word_1_167' title='bbox 306 1427 427 1465; x_wconf 76' lang='lat' dir='ltr'><strong>lesina</strong></span> <span class='ocrx_word' id='word_1_168' title='bbox 443 1425 497 1463; x_wconf 91' lang='lat' dir='ltr'><strong>eis</strong></span> <span class='ocrx_word' id='word_1_169' title='bbox 519 1426 663 1463; x_wconf 85' lang='lat' dir='ltr'><strong>faceret</strong></span> <span class='ocrx_word' id='word_1_170' title='bbox 682 1425 867 1462; x_wconf 81' lang='lat' dir='ltr'><strong>adveisus</strong></span> <span class='ocrx_word' id='word_1_171' title='bbox 884 1432 1009 1463; x_wconf 86' lang='lat' dir='ltr'><strong>terrae</strong></span> <span class='ocrx_word' id='word_1_172' title='bbox 1030 1432 1181 1472; x_wconf 83' lang='lat' dir='ltr'><strong>motus,</strong></span> <span class='ocrx_word' id='word_1_173' title='bbox 1211 1425 1344 1477; x_wconf 76' lang='grc' dir='ltr'>λαβών</span> <span class='ocrx_word' id='word_1_174' title='bbox 1363 1428 1565 1479; x_wconf 84' lang='grc' dir='ltr'>δίπτυχον,</span> <span class='ocrx_word' id='word_1_175' title='bbox 1593 1427 1741 1481; x_wconf 71' lang='grc' dir='ltr'>ἔγραψε</span> 
     </span>
     <span class='ocr_line' id='line_1_23' title="bbox 307 1478 1740 1533; baseline 0 -12"><span class='ocrx_word' id='word_1_176' title='bbox 307 1484 448 1521; x_wconf 77' lang='grc' dir='ltr'>ταῦτα·</span> <span class='ocrx_word' id='word_1_177' title='bbox 480 1479 651 1532; x_wconf 69' lang='lat' dir='ltr'><strong>Sumptis</strong></span> <span class='ocrx_word' id='word_1_178' title='bbox 672 1478 813 1518; x_wconf 71' lang='lat' dir='ltr'><strong>tabulis</strong></span> <span class='ocrx_word' id='word_1_179' title='bbox 831 1481 906 1518; x_wconf 78' lang='lat' dir='ltr'><strong>ista</strong></span> <span class='ocrx_word' id='word_1_180' title='bbox 927 1481 1102 1533; x_wconf 77' lang='lat' dir='ltr'><strong>scripsit.-</strong></span> <span class='ocrx_word' id='word_1_181' title='bbox 1131 1487 1204 1520; x_wconf 85' lang='lat' dir='ltr'><strong>etc.</strong></span> <span class='ocrx_word' id='word_1_182' title='bbox 1235 1482 1433 1521; x_wconf 85' lang='lat' dir='ltr'><strong>Cedrenus</strong></span> <span class='ocrx_word' id='word_1_183' title='bbox 1467 1483 1580 1522; x_wconf 87' lang='lat' dir='ltr'><strong>etiam</strong></span> <span class='ocrx_word' id='word_1_184' title='bbox 1600 1484 1642 1521; x_wconf 88' lang='lat' dir='ltr'><strong>in</strong></span> <span class='ocrx_word' id='word_1_185' title='bbox 1663 1483 1740 1522; x_wconf 88' lang='lat' dir='ltr'><strong>hac</strong></span> 
     </span>
     <span class='ocr_line' id='line_1_24' title="bbox 309 1533 1740 1606; baseline 0.003 -31"><span class='ocrx_word' id='word_1_186' title='bbox 309 1535 459 1575; x_wconf 81' lang='lat' dir='ltr'><strong>Orestis</strong></span> <span class='ocrx_word' id='word_1_187' title='bbox 472 1535 657 1584; x_wconf 78' lang='lat' dir='ltr'><strong>historia,</strong></span> <span class='ocrx_word' id='word_1_188' title='bbox 687 1533 822 1574; x_wconf 86' lang='lat' dir='ltr'><strong>eodem</strong></span> <span class='ocrx_word' id='word_1_189' title='bbox 837 1537 961 1574; x_wconf 84' lang='lat' dir='ltr'><strong>utitur</strong></span> <span class='ocrx_word' id='word_1_190' title='bbox 978 1536 1191 1575; x_wconf 84' lang='lat' dir='ltr'><strong>vocabulo:</strong></span> <span class='ocrx_word' id='word_1_191' title='bbox 1223 1536 1393 1589; x_wconf 77' lang='grc' dir='ltr'>εἰληφως</span> <span class='ocrx_word' id='word_1_192' title='bbox 1421 1536 1464 1578; x_wconf 81' lang='grc' dir='ltr'>δὲ</span> <span class='ocrx_word' id='word_1_193' title='bbox 1482 1536 1525 1580; x_wconf 81' lang='grc' dir='ltr'>τὸ</span> <span class='ocrx_word' id='word_1_194' title='bbox 1541 1540 1740 1606; x_wconf 83' lang='grc' dir='ltr'>δίπτυχον,</span> 
     </span>
     <span class='ocr_line' id='line_1_25' title="bbox 309 1589 1741 1663; baseline 0.002 -31"><span class='ocrx_word' id='word_1_195' title='bbox 309 1592 453 1642; x_wconf 78' lang='grc' dir='ltr'><strong><em>ἐξῆλθε</em></strong></span> <span class='ocrx_word' id='word_1_196' title='bbox 477 1594 549 1632; x_wconf 79' lang='grc' dir='ltr'>τοῦ</span> <span class='ocrx_word' id='word_1_197' title='bbox 572 1591 699 1659; x_wconf 85' lang='grc' dir='ltr'>ἷερου,</span> <span class='ocrx_word' id='word_1_198' title='bbox 721 1607 788 1630; x_wconf 83' lang='grc' dir='ltr'>και</span> <span class='ocrx_word' id='word_1_199' title='bbox 814 1589 981 1632; x_wconf 76' lang='grc' dir='ltr'>ἐλθών</span> <span class='ocrx_word' id='word_1_200' title='bbox 967 1589 1067 1632; x_wconf 87' lang='grc' dir='ltr'>όπου</span> <span class='ocrx_word' id='word_1_201' title='bbox 1092 1591 1263 1645; x_wconf 87' lang='grc' dir='ltr'>Ορέστης</span> <span class='ocrx_word' id='word_1_202' title='bbox 1289 1594 1548 1663; x_wconf 78' lang='grc' dir='ltr'>ἐφρουρεῖτο,</span> <span class='ocrx_word' id='word_1_203' title='bbox 1568 1590 1741 1650; x_wconf 80' lang='grc' dir='ltr'>η’τήσατο</span> 
     </span>
     <span class='ocr_line' id='line_1_26' title="bbox 309 1643 1742 1702; baseline 0.002 -15"><span class='ocrx_word' id='word_1_204' title='bbox 309 1663 405 1695; x_wconf 86' lang='grc' dir='ltr'>τους</span> <span class='ocrx_word' id='word_1_205' title='bbox 424 1661 625 1700; x_wconf 84' lang='grc' dir='ltr'>φρουρους</span> <span class='ocrx_word' id='word_1_206' title='bbox 644 1643 822 1697; x_wconf 84' lang='grc' dir='ltr'>Σκύθας,</span> <span class='ocrx_word' id='word_1_207' title='bbox 837 1647 904 1687; x_wconf 84' lang='grc' dir='ltr'>καὶ</span> <span class='ocrx_word' id='word_1_208' title='bbox 916 1647 1104 1687; x_wconf 81' lang='grc' dir='ltr'>εἰσελθών</span> <span class='ocrx_word' id='word_1_209' title='bbox 1127 1648 1306 1688; x_wconf 81' lang='grc' dir='ltr'>ἐπεδίδου</span> <span class='ocrx_word' id='word_1_210' title='bbox 1329 1665 1402 1702; x_wconf 87' lang='grc' dir='ltr'><strong>την</strong></span> <span class='ocrx_word' id='word_1_211' title='bbox 1422 1648 1589 1701; x_wconf 79' lang='grc' dir='ltr'>πυκτήν,</span> <span class='ocrx_word' id='word_1_212' title='bbox 1616 1647 1742 1698; x_wconf 76' lang='grc' dir='ltr'>οὕτως</span> 
     </span>
     <span class='ocr_line' id='line_1_27' title="bbox 311 1700 1742 1757; baseline 0.002 -14"><span class='ocrx_word' id='word_1_213' title='bbox 311 1700 453 1743; x_wconf 75' lang='grc' dir='ltr'>εἰπών·</span> <span class='ocrx_word' id='word_1_214' title='bbox 485 1709 554 1742; x_wconf 89' lang='lat' dir='ltr'><strong>etc.</strong></span> <span class='ocrx_word' id='word_1_215' title='bbox 580 1702 667 1750; x_wconf 89' lang='lat' dir='ltr'><strong>ubi,</strong></span> <span class='ocrx_word' id='word_1_216' title='bbox 699 1703 805 1754; x_wconf 86' lang='lat' dir='ltr'><strong>quod</strong></span> <span class='ocrx_word' id='word_1_217' title='bbox 832 1703 963 1754; x_wconf 85' lang='lat' dir='ltr'><strong>prius,</strong></span> <span class='ocrx_word' id='word_1_218' title='bbox 993 1704 1177 1754; x_wconf 83' lang='grc' dir='ltr'>δίπτυχον</span> <span class='ocrx_word' id='word_1_219' title='bbox 1206 1704 1382 1754; x_wconf 84' lang='lat' dir='ltr'><strong>dixerat,</strong></span> <span class='ocrx_word' id='word_1_220' title='bbox 1411 1712 1545 1757; x_wconf 84' lang='lat' dir='ltr'><strong>postea</strong></span> <span class='ocrx_word' id='word_1_221' title='bbox 1575 1721 1742 1757; x_wconf 86' lang='grc' dir='ltr'>πυκτην,</span> 
     </span>
     <span class='ocr_line' id='line_1_28' title="bbox 309 1759 1743 1812; baseline 0.001 -15"><span class='ocrx_word' id='word_1_222' title='bbox 309 1759 525 1809; x_wconf 85' lang='lat' dir='ltr'><strong>Pugillares</strong></span> <span class='ocrx_word' id='word_1_223' title='bbox 544 1764 672 1796; x_wconf 82' lang='lat' dir='ltr'><strong>vocat.</strong></span> <span class='ocrx_word' id='word_1_224' title='bbox 729 1759 906 1811; x_wconf 89' lang='grc' dir='ltr'>Δίπτυχα</span> <span class='ocrx_word' id='word_1_225' title='bbox 925 1759 1038 1798; x_wconf 82' lang='lat' dir='ltr'><strong>etiam</strong></span> <span class='ocrx_word' id='word_1_226' title='bbox 1067 1759 1277 1810; x_wconf 84' lang='lat' dir='ltr'><strong>aliquando</strong></span> <span class='ocrx_word' id='word_1_227' title='bbox 1308 1761 1452 1812; x_wconf 80' lang='lat' dir='ltr'><strong>plurali</strong></span> <span class='ocrx_word' id='word_1_228' title='bbox 1467 1775 1653 1809; x_wconf 87' lang='lat' dir='ltr'><strong>numero</strong></span> <span class='ocrx_word' id='word_1_229' title='bbox 1681 1767 1743 1799; x_wconf 81' lang='lat' dir='ltr'><strong>ta-</strong></span> 
     </span>
     <span class='ocr_line' id='line_1_29' title="bbox 310 1814 1743 1865; baseline 0.003 -14"><span class='ocrx_word' id='word_1_230' title='bbox 310 1814 425 1852; x_wconf 87' lang='lat' dir='ltr'><strong>bulas</strong></span> <span class='ocrx_word' id='word_1_231' title='bbox 453 1814 568 1852; x_wconf 88' lang='lat' dir='ltr'><strong>etiam</strong></span> <span class='ocrx_word' id='word_1_232' title='bbox 597 1814 823 1865; x_wconf 75' lang='lat' dir='ltr'><strong>scriptulias</strong></span> <span class='ocrx_word' id='word_1_233' title='bbox 854 1828 1077 1853; x_wconf 85' lang='lat' dir='ltr'><strong>communes</strong></span> <span class='ocrx_word' id='word_1_234' title='bbox 1105 1815 1275 1856; x_wconf 87' lang='lat' dir='ltr'><strong>denotat.</strong></span> <span class='ocrx_word' id='word_1_235' title='bbox 1314 1817 1371 1854; x_wconf 86' lang='lat' dir='ltr'><strong>uti</strong></span> <span class='ocrx_word' id='word_1_236' title='bbox 1397 1817 1498 1855; x_wconf 82' lang='lat' dir='ltr'><strong>infra</strong></span> <span class='ocrx_word' id='word_1_237' title='bbox 1522 1817 1593 1857; x_wconf 89' lang='lat' dir='ltr'><strong>lib.</strong></span> <span class='ocrx_word' id='word_1_238' title='bbox 1624 1819 1678 1858; x_wconf 89' lang='grc'><strong>6.</strong></span> <span class='ocrx_word' id='word_1_239' title='bbox 1693 1816 1743 1856; x_wconf 83' lang='lat' dir='ltr'><strong>de</strong></span> 
     </span>
     <span class='ocr_line' id='line_1_30' title="bbox 314 1870 1742 1922; baseline 0.004 -15"><span class='ocrx_word' id='word_1_240' title='bbox 314 1871 456 1908; x_wconf 83' lang='lat' dir='ltr'><strong>Croeso</strong></span> <span class='ocrx_word' id='word_1_241' title='bbox 492 1870 705 1908; x_wconf 85' lang='lat' dir='ltr'><strong>oraculum</strong></span> <span class='ocrx_word' id='word_1_242' title='bbox 732 1870 965 1922; x_wconf 89' lang='lat' dir='ltr'><strong>Delphicum</strong></span> <span class='ocrx_word' id='word_1_243' title='bbox 989 1871 1212 1910; x_wconf 83' lang='lat' dir='ltr'><strong>consulente</strong></span> <span class='ocrx_word' id='word_1_244' title='bbox 1234 1872 1422 1912; x_wconf 82' lang='lat' dir='ltr'><strong>habetur.</strong></span> <span class='ocrx_word' id='word_1_245' title='bbox 1462 1872 1529 1914; x_wconf 89' lang='grc' dir='ltr'>καὶ</span> <span class='ocrx_word' id='word_1_246' title='bbox 1551 1872 1742 1914; x_wconf 76' lang='grc' dir='ltr'>ἐπιδέδω-</span> 
     </span>
     <span class='ocr_line' id='line_1_31' title="bbox 312 1921 1280 1996; baseline 0.002 -30"><span class='ocrx_word' id='word_1_247' title='bbox 312 1940 381 1966; x_wconf 82' lang='grc' dir='ltr'><strong>κεν</strong></span> <span class='ocrx_word' id='word_1_248' title='bbox 404 1921 537 1974; x_wconf 67' lang='grc' dir='ltr'>αὐτοῖς</span> <span class='ocrx_word' id='word_1_249' title='bbox 552 1922 711 1980; x_wconf 78' lang='grc' dir='ltr'>γράψας</span> <span class='ocrx_word' id='word_1_250' title='bbox 729 1924 799 1966; x_wconf 76' lang='grc' dir='ltr'><strong>τὸν</strong></span> <span class='ocrx_word' id='word_1_251' title='bbox 818 1925 989 1979; x_wconf 78' lang='grc' dir='ltr'>χρησμόν</span> <span class='ocrx_word' id='word_1_252' title='bbox 1007 1928 1048 1967; x_wconf 79' lang='grc' dir='ltr'><strong>ἐν</strong></span> <span class='ocrx_word' id='word_1_253' title='bbox 1069 1924 1280 1996; x_wconf 78' lang='grc' dir='ltr'>διπτύχοις.</span> 
     </span>
    </p>

    <p class='ocr_par' dir='ltr' id='par_1_6' title="bbox 316 1979 1743 2142">
     <span class='ocr_line' id='line_1_32' title="bbox 430 1979 1743 2048; baseline 0.002 -28"><span class='ocrx_word' id='word_1_254' title='bbox 430 1981 810 2051; x_wconf 67' lang='lat' dir='ltr'><strong>Peg-139.1..÷n&#39;2</strong></span> <span class='ocrx_word' id='word_1_255' title='bbox 830 1980 894 2023; x_wconf 81' lang='grc' dir='ltr'><strong>τὸν</strong></span> <span class='ocrx_word' id='word_1_256' title='bbox 917 1979 1153 2035; x_wconf 75' lang='grc' dir='ltr'>ω’μοπλατην</span> <span class='ocrx_word' id='word_1_257' title='bbox 1179 1980 1303 2024; x_wconf 71' lang='grc' dir='ltr'>αὐτου</span> <span class='ocrx_word' id='word_1_258' title='bbox 1322 1980 1363 2024; x_wconf 84' lang='grc' dir='ltr'>τὸ</span> <span class='ocrx_word' id='word_1_259' title='bbox 1383 1979 1531 2034; x_wconf 79' lang='grc' dir='ltr'>δεξιόν]</span> <span class='ocrx_word' id='word_1_260' title='bbox 1562 1984 1643 2022; x_wconf 87' lang='lat' dir='ltr'><strong>Ser.</strong></span> <span class='ocrx_word' id='word_1_261' title='bbox 1668 1980 1743 2034; x_wconf 70' lang='grc' dir='ltr'><strong>τήν</strong></span> 
     </span>
     <span class='ocr_line' id='line_1_33' title="bbox 316 2032 1742 2091; baseline 0.002 -16"><span class='ocrx_word' id='word_1_262' title='bbox 316 2032 553 2088; x_wconf 84' lang='grc' dir='ltr'>ωμοπλατην</span> <span class='ocrx_word' id='word_1_263' title='bbox 571 2033 694 2077; x_wconf 78' lang='grc' dir='ltr'>αυτοῦ</span> <span class='ocrx_word' id='word_1_264' title='bbox 715 2035 789 2090; x_wconf 70' lang='grc' dir='ltr'><strong>τήν</strong></span> <span class='ocrx_word' id='word_1_265' title='bbox 806 2035 951 2087; x_wconf 80' lang='grc' dir='ltr'>δεξιαν.</span> <span class='ocrx_word' id='word_1_266' title='bbox 979 2039 1053 2077; x_wconf 87' lang='lat' dir='ltr'><strong>Jul.</strong></span> <span class='ocrx_word' id='word_1_267' title='bbox 1082 2039 1180 2077; x_wconf 86' lang='lat' dir='ltr'><strong>Poll.</strong></span> <span class='ocrx_word' id='word_1_268' title='bbox 1207 2040 1234 2078; x_wconf 91' lang='lat'><strong>1.</strong></span> <span class='ocrx_word' id='word_1_269' title='bbox 1260 2045 1300 2082; x_wconf 82' lang='lat'><strong>2.</strong></span> <span class='ocrx_word' id='word_1_270' title='bbox 1340 2035 1410 2087; x_wconf 79' lang='grc' dir='ltr'><strong>τᾶς</strong></span> <span class='ocrx_word' id='word_1_271' title='bbox 1433 2038 1475 2079; x_wconf 84' lang='grc' dir='ltr'>δὲ</span> <span class='ocrx_word' id='word_1_272' title='bbox 1497 2035 1742 2091; x_wconf 82' lang='grc' dir='ltr'>ω’μοπλατας,</span> 
     </span>
     <span class='ocr_line' id='line_1_34' title="bbox 316 2090 1308 2142; baseline 0.002 -9"><span class='ocrx_word' id='word_1_273' title='bbox 316 2092 416 2133; x_wconf 83' lang='grc' dir='ltr'>εἰσὶν</span> <span class='ocrx_word' id='word_1_274' title='bbox 437 2106 476 2131; x_wconf 86' lang='grc' dir='ltr'><strong>οι</strong></span> <span class='ocrx_word' id='word_1_275' title='bbox 496 2090 563 2131; x_wconf 84' lang='grc' dir='ltr'>καὶ</span> <span class='ocrx_word' id='word_1_276' title='bbox 583 2091 831 2142; x_wconf 79' lang='grc' dir='ltr'>ἐπινωτίους,</span> <span class='ocrx_word' id='word_1_277' title='bbox 859 2094 926 2134; x_wconf 85' lang='grc' dir='ltr'>καὶ</span> <span class='ocrx_word' id='word_1_278' title='bbox 945 2091 1092 2142; x_wconf 81' lang='grc' dir='ltr'>πλατας</span> <span class='ocrx_word' id='word_1_279' title='bbox 1110 2092 1308 2135; x_wconf 81' lang='grc' dir='ltr'>ἒκαλεσαν.</span> 
     </span>
    </p>

    <p class='ocr_par' dir='ltr' id='par_1_7' title="bbox 316 2148 1744 2536">
     <span class='ocr_line' id='line_1_35' title="bbox 425 2148 1744 2204; baseline 0.003 -20"><span class='ocrx_word' id='word_1_280' title='bbox 425 2148 527 2198; x_wconf 82' lang='lat' dir='ltr'><strong>Pag.</strong></span> <span class='ocrx_word' id='word_1_281' title='bbox 559 2150 650 2189; x_wconf 83' lang='lat'><strong>139</strong></span> <span class='ocrx_word' id='word_1_282' title='bbox 681 2150 718 2188; x_wconf 91' lang='lat'><strong>9</strong></span> <span class='ocrx_word' id='word_1_283' title='bbox 758 2150 814 2196; x_wconf 83' lang='grc' dir='ltr'><strong>εἰς</strong></span> <span class='ocrx_word' id='word_1_284' title='bbox 832 2148 875 2191; x_wconf 77' lang='grc' dir='ltr'>τό</span> <span class='ocrx_word' id='word_1_285' title='bbox 907 2148 1182 2204; x_wconf 84' lang='grc' dir='ltr'>Σαρακηνικόν</span> <span class='ocrx_word' id='word_1_286' title='bbox 1204 2151 1389 2203; x_wconf 82' lang='grc' dir='ltr'>λίμητον]</span> <span class='ocrx_word' id='word_1_287' title='bbox 1421 2150 1469 2188; x_wconf 83' lang='lat' dir='ltr'><strong>ad</strong></span> <span class='ocrx_word' id='word_1_288' title='bbox 1495 2150 1744 2189; x_wconf 84' lang='lat' dir='ltr'><strong>Saracenicos</strong></span> 
     </span>
     <span class='ocr_line' id='line_1_36' title="bbox 316 2202 1742 2258; baseline 0.005 -19"><span class='ocrx_word' id='word_1_289' title='bbox 316 2202 434 2240; x_wconf 85' lang='lat' dir='ltr'><strong>fines.</strong></span> <span class='ocrx_word' id='word_1_290' title='bbox 467 2202 516 2240; x_wconf 86' lang='lat' dir='ltr'><strong>de</strong></span> <span class='ocrx_word' id='word_1_291' title='bbox 544 2214 642 2239; x_wconf 86' lang='lat' dir='ltr'><strong>voce</strong></span> <span class='ocrx_word' id='word_1_292' title='bbox 670 2204 843 2255; x_wconf 83' lang='grc' dir='ltr'>λίμητον,</span> <span class='ocrx_word' id='word_1_293' title='bbox 867 2206 974 2257; x_wconf 85' lang='lat' dir='ltr'><strong>quod</strong></span> <span class='ocrx_word' id='word_1_294' title='bbox 993 2207 1226 2257; x_wconf 86' lang='lat' dir='ltr'><strong>quandoque</strong></span> <span class='ocrx_word' id='word_1_295' title='bbox 1244 2220 1314 2258; x_wconf 89' lang='lat' dir='ltr'><strong>per</strong></span> <span class='ocrx_word' id='word_1_296' title='bbox 1329 2222 1342 2246; x_wconf 85' lang='grc' dir='ltr'>ι</span> <span class='ocrx_word' id='word_1_297' title='bbox 1359 2206 1556 2254; x_wconf 82' lang='lat' dir='ltr'><strong>scribitur,</strong></span> <span class='ocrx_word' id='word_1_298' title='bbox 1577 2207 1742 2257; x_wconf 85' lang='grc' dir='ltr'>λίμιτον,</span> 
     </span>
     <span class='ocr_line' id='line_1_37' title="bbox 316 2259 1743 2310; baseline 0.003 -15"><span class='ocrx_word' id='word_1_299' title='bbox 316 2271 445 2310; x_wconf 81' lang='lat' dir='ltr'><strong>pauca</strong></span> <span class='ocrx_word' id='word_1_300' title='bbox 464 2270 583 2309; x_wconf 88' lang='lat' dir='ltr'><strong>supra</strong></span> <span class='ocrx_word' id='word_1_301' title='bbox 603 2259 844 2299; x_wconf 83' lang='lat' dir='ltr'><strong>notavimus:</strong></span> <span class='ocrx_word' id='word_1_302' title='bbox 875 2263 1034 2300; x_wconf 92' lang='lat' dir='ltr'><strong>consule</strong></span> <span class='ocrx_word' id='word_1_303' title='bbox 1055 2262 1167 2300; x_wconf 82' lang='lat' dir='ltr'><strong>etiam</strong></span> <span class='ocrx_word' id='word_1_304' title='bbox 1187 2263 1218 2302; x_wconf 89' lang='lat' dir='ltr'><strong>J.</strong></span> <span class='ocrx_word' id='word_1_305' title='bbox 1237 2262 1381 2301; x_wconf 77' lang='lat' dir='ltr'><strong>Meurs</strong></span> <span class='ocrx_word' id='word_1_306' title='bbox 1371 2275 1462 2300; x_wconf 80' lang='lat' dir='ltr'><strong>ium.</strong></span> <span class='ocrx_word' id='word_1_307' title='bbox 1496 2262 1654 2300; x_wconf 90' lang='lat' dir='ltr'><strong>Interim</strong></span> <span class='ocrx_word' id='word_1_308' title='bbox 1672 2264 1743 2299; x_wconf 73' lang='lat' dir='ltr'><strong>Le-</strong></span> 
     </span>
     <span class='ocr_line' id='line_1_38' title="bbox 319 2313 1744 2366; baseline 0.004 -15"><span class='ocrx_word' id='word_1_309' title='bbox 319 2315 463 2351; x_wconf 71' lang='lat' dir='ltr'><strong>dienus</strong></span> <span class='ocrx_word' id='word_1_310' title='bbox 494 2313 765 2364; x_wconf 86' lang='lat' dir='ltr'><strong>corrigendus,</strong></span> <span class='ocrx_word' id='word_1_311' title='bbox 794 2316 882 2366; x_wconf 87' lang='lat' dir='ltr'><strong>qui,</strong></span> <span class='ocrx_word' id='word_1_312' title='bbox 911 2330 960 2355; x_wconf 87' lang='lat' dir='ltr'><strong>ex</strong></span> <span class='ocrx_word' id='word_1_313' title='bbox 989 2317 1251 2356; x_wconf 88' lang='lat' dir='ltr'><strong>Librariorum</strong></span> <span class='ocrx_word' id='word_1_314' title='bbox 1278 2318 1504 2365; x_wconf 71' lang='lat' dir='ltr'><strong>oscitantia,</strong></span> <span class='ocrx_word' id='word_1_315' title='bbox 1533 2316 1744 2366; x_wconf 84' lang='lat' dir='ltr'><strong>Regionem</strong></span> 
     </span>
     <span class='ocr_line' id='line_1_39' title="bbox 318 2369 1742 2424; baseline 0.002 -18"><span class='ocrx_word' id='word_1_316' title='bbox 318 2369 451 2407; x_wconf 87' lang='lat' dir='ltr'><strong>nescio</strong></span> <span class='ocrx_word' id='word_1_317' title='bbox 472 2382 586 2420; x_wconf 89' lang='lat' dir='ltr'><strong>quam</strong></span> <span class='ocrx_word' id='word_1_318' title='bbox 604 2370 890 2421; x_wconf 80' lang='lat' dir='ltr'><strong>saracenicam,</strong></span> <span class='ocrx_word' id='word_1_319' title='bbox 920 2371 1028 2410; x_wconf 84' lang='lat' dir='ltr'><strong>Emet</strong></span> <span class='ocrx_word' id='word_1_320' title='bbox 1048 2373 1214 2422; x_wconf 83' lang='lat' dir='ltr'><strong>dictam,</strong></span> <span class='ocrx_word' id='word_1_321' title='bbox 1243 2374 1355 2412; x_wconf 91' lang='lat' dir='ltr'><strong>nobis</strong></span> <span class='ocrx_word' id='word_1_322' title='bbox 1380 2373 1532 2424; x_wconf 83' lang='lat' dir='ltr'><strong>profert</strong></span> <span class='ocrx_word' id='word_1_323' title='bbox 1546 2373 1742 2410; x_wconf 85' lang='lat' dir='ltr'><strong>vocabulo</strong></span> 
     </span>
     <span class='ocr_line' id='line_1_40' title="bbox 320 2404 1744 2481; baseline 0.004 -18"><span class='ocrx_word' id='word_1_324' title='bbox 320 2425 470 2463; x_wconf 87' lang='lat' dir='ltr'><strong>scilicet</strong></span> <span class='ocrx_word' id='word_1_325' title='bbox 495 2438 546 2462; x_wconf 79' lang='lat' dir='ltr'><strong>ex</strong></span> <span class='ocrx_word' id='word_1_326' title='bbox 575 2426 710 2480; x_wconf 79' lang='grc' dir='ltr'>λιμίτῳ</span> <span class='ocrx_word' id='word_1_327' title='bbox 746 2433 954 2477; x_wconf 87' lang='lat' dir='ltr'><strong>corrupto:</strong></span> <span class='ocrx_word' id='word_1_328' title='bbox 983 2423 1114 2479; x_wconf 77' lang='grc' dir='ltr'>ἦλθον</span> <span class='ocrx_word' id='word_1_329' title='bbox 1141 2404 1243 2481; x_wconf 74' lang='grc' dir='ltr'>πρδς</span> <span class='ocrx_word' id='word_1_330' title='bbox 1269 2426 1483 2479; x_wconf 75' lang='grc' dir='ltr'>ἄνατολην,</span> <span class='ocrx_word' id='word_1_331' title='bbox 1512 2426 1577 2467; x_wconf 78' lang='grc' dir='ltr'><strong>ἐπὶ</strong></span> <span class='ocrx_word' id='word_1_332' title='bbox 1599 2425 1643 2468; x_wconf 76' lang='grc' dir='ltr'>τό</span> <span class='ocrx_word' id='word_1_333' title='bbox 1667 2431 1744 2469; x_wconf 91' lang='grc' dir='ltr'>Σα-</span> 
     </span>
     <span class='ocr_line' id='line_1_41' title="bbox 320 2477 1611 2536; baseline 0.002 -16"><span class='ocrx_word' id='word_1_334' title='bbox 320 2477 533 2534; x_wconf 82' lang='grc' dir='ltr'>ρακηνικόν</span> <span class='ocrx_word' id='word_1_335' title='bbox 553 2481 678 2532; x_wconf 73' lang='grc' dir='ltr'>Εμέτε</span> <span class='ocrx_word' id='word_1_336' title='bbox 707 2482 972 2532; x_wconf 85' lang='lat' dir='ltr'><strong>scribendum,</strong></span> <span class='ocrx_word' id='word_1_337' title='bbox 1001 2483 1064 2523; x_wconf 80' lang='grc' dir='ltr'><strong>ἐπὶ</strong></span> <span class='ocrx_word' id='word_1_338' title='bbox 1083 2500 1125 2525; x_wconf 89' lang='grc' dir='ltr'>το</span> <span class='ocrx_word' id='word_1_339' title='bbox 1147 2481 1421 2536; x_wconf 85' lang='grc' dir='ltr'>Σαρακηνικὸν</span> <span class='ocrx_word' id='word_1_340' title='bbox 1438 2484 1611 2534; x_wconf 85' lang='grc' dir='ltr'>λίμητον.</span> 
     </span>
    </p>

    <p class='ocr_par' dir='ltr' id='par_1_8' title="bbox 321 2534 1740 2645">
     <span class='ocr_line' id='line_1_42' title="bbox 431 2534 1740 2592; baseline -0.001 -13"><span class='ocrx_word' id='word_1_341' title='bbox 431 2534 747 2588; x_wconf 79' lang='lat' dir='ltr'><strong>Pag·139.17.</strong></span> <span class='ocrx_word' id='word_1_342' title='bbox 788 2535 930 2590; x_wconf 79' lang='grc' dir='ltr'>στήλην</span> <span class='ocrx_word' id='word_1_343' title='bbox 968 2541 1115 2591; x_wconf 80' lang='grc' dir='ltr'>χαλκῆν</span> <span class='ocrx_word' id='word_1_344' title='bbox 1144 2539 1302 2592; x_wconf 81' lang='grc' dir='ltr'>τυχέας]</span> <span class='ocrx_word' id='word_1_345' title='bbox 1348 2539 1450 2578; x_wconf 84' lang='lat' dir='ltr'><strong>sorte</strong></span> <span class='ocrx_word' id='word_1_346' title='bbox 1479 2537 1740 2588; x_wconf 85' lang='lat' dir='ltr'><strong>scribendum,</strong></span> 
     </span>
     <span class='ocr_line' id='line_1_43' title="bbox 321 2588 776 2645; baseline 0.004 -13"><span class='ocrx_word' id='word_1_347' title='bbox 321 2588 458 2644; x_wconf 87' lang='grc' dir='ltr'>τύχης,</span> <span class='ocrx_word' id='word_1_348' title='bbox 485 2596 552 2630; x_wconf 82' lang='lat' dir='ltr'><strong>aut</strong></span> <span class='ocrx_word' id='word_1_349' title='bbox 571 2592 626 2639; x_wconf 82' lang='grc' dir='ltr'><strong>εἰς</strong></span> <span class='ocrx_word' id='word_1_350' title='bbox 647 2591 776 2645; x_wconf 87' lang='grc' dir='ltr'>τύχην.</span> 
     </span>
    </p>

    <p class='ocr_par' dir='ltr' id='par_1_9' title="bbox 321 2646 1745 2869">
     <span class='ocr_line' id='line_1_44' title="bbox 435 2646 1744 2701; baseline -0.002 -13"><span class='ocrx_word' id='word_1_351' title='bbox 435 2650 527 2700; x_wconf 79' lang='lat' dir='ltr'><strong>Pag.</strong></span> <span class='ocrx_word' id='word_1_352' title='bbox 558 2650 652 2689; x_wconf 82' lang='lat'><strong>139.</strong></span> <span class='ocrx_word' id='word_1_353' title='bbox 678 2653 744 2690; x_wconf 82' lang='lat'><strong>21.</strong></span> <span class='ocrx_word' id='word_1_354' title='bbox 773 2647 933 2701; x_wconf 82' lang='grc' dir='ltr'>δέχνυσο</span> <span class='ocrx_word' id='word_1_355' title='bbox 950 2647 1028 2690; x_wconf 71' lang='grc' dir='ltr'><strong>θεοὶ</strong></span> <span class='ocrx_word' id='word_1_356' title='bbox 1045 2646 1123 2691; x_wconf 82' lang='grc' dir='ltr'><strong>πόα</strong></span> <span class='ocrx_word' id='word_1_357' title='bbox 1142 2647 1307 2700; x_wconf 87' lang='grc' dir='ltr'>Νύσσα]</span> <span class='ocrx_word' id='word_1_358' title='bbox 1346 2649 1404 2687; x_wconf 86' lang='lat' dir='ltr'><strong>Ita</strong></span> <span class='ocrx_word' id='word_1_359' title='bbox 1421 2648 1587 2688; x_wconf 85' lang='lat' dir='ltr'><strong>habebat</strong></span> <span class='ocrx_word' id='word_1_360' title='bbox 1609 2648 1744 2687; x_wconf 81' lang='lat' dir='ltr'><strong>Codex</strong></span> 
     </span>
     <span class='ocr_line' id='line_1_45' title="bbox 319 2702 1744 2754; baseline 0.002 -15.004"><span class='ocrx_word' id='word_1_361' title='bbox 319 2702 400 2740; x_wconf 88' lang='lat' dir='ltr'><strong>MS.</strong></span> <span class='ocrx_word' id='word_1_362' title='bbox 432 2716 511 2754; x_wconf 90' lang='lat' dir='ltr'><strong>quo</strong></span> <span class='ocrx_word' id='word_1_363' title='bbox 536 2703 650 2742; x_wconf 88' lang='lat' dir='ltr'><strong>unico</strong></span> <span class='ocrx_word' id='word_1_364' title='bbox 669 2705 729 2742; x_wconf 86' lang='lat' dir='ltr'><strong>usi</strong></span> <span class='ocrx_word' id='word_1_365' title='bbox 748 2718 900 2744; x_wconf 86' lang='lat' dir='ltr'><strong>sumus:</strong></span> <span class='ocrx_word' id='word_1_366' title='bbox 928 2719 1000 2744; x_wconf 91' lang='lat' dir='ltr'><strong>nec</strong></span> <span class='ocrx_word' id='word_1_367' title='bbox 1027 2706 1116 2744; x_wconf 91' lang='lat' dir='ltr'><strong>loco</strong></span> <span class='ocrx_word' id='word_1_368' title='bbox 1142 2705 1236 2744; x_wconf 88' lang='lat' dir='ltr'><strong>huic</strong></span> <span class='ocrx_word' id='word_1_369' title='bbox 1260 2705 1477 2744; x_wconf 88' lang='lat' dir='ltr'><strong>obscuriori</strong></span> <span class='ocrx_word' id='word_1_370' title='bbox 1506 2704 1744 2743; x_wconf 84' lang='lat' dir='ltr'><strong>enucleando</strong></span> 
     </span>
     <span class='ocr_line' id='line_1_46' title="bbox 322 2758 1745 2812; baseline 0.002 -18"><span class='ocrx_word' id='word_1_371' title='bbox 322 2759 451 2795; x_wconf 89' lang='lat' dir='ltr'><strong>lucem</strong></span> <span class='ocrx_word' id='word_1_372' title='bbox 477 2758 647 2808; x_wconf 79' lang='lat' dir='ltr'><strong>aliquam</strong></span> <span class='ocrx_word' id='word_1_373' title='bbox 675 2760 784 2798; x_wconf 76' lang='lat' dir='ltr'><strong>nobis</strong></span> <span class='ocrx_word' id='word_1_374' title='bbox 815 2762 1012 2812; x_wconf 83' lang='lat' dir='ltr'><strong>praestitit</strong></span> <span class='ocrx_word' id='word_1_375' title='bbox 1044 2762 1263 2810; x_wconf 87' lang='lat' dir='ltr'><strong>Cedrenus,</strong></span> <span class='ocrx_word' id='word_1_376' title='bbox 1302 2761 1369 2812; x_wconf 91' lang='lat' dir='ltr'><strong>qui</strong></span> <span class='ocrx_word' id='word_1_377' title='bbox 1405 2762 1588 2799; x_wconf 82' lang='lat' dir='ltr'><strong>Auctoris</strong></span> <span class='ocrx_word' id='word_1_378' title='bbox 1619 2759 1745 2798; x_wconf 87' lang='lat' dir='ltr'><strong>nostri</strong></span> 
     </span>
     <span class='ocr_line' id='line_1_47' title="bbox 323 2813 1744 2869; baseline -0.001 -15"><span class='ocrx_word' id='word_1_379' title='bbox 323 2813 492 2864; x_wconf 76' lang='lat' dir='ltr'><strong>vestigiis</strong></span> <span class='ocrx_word' id='word_1_380' title='bbox 521 2814 687 2867; x_wconf 86' lang='lat' dir='ltr'><strong>alioqui,</strong></span> <span class='ocrx_word' id='word_1_381' title='bbox 722 2830 794 2869; x_wconf 85' lang='lat' dir='ltr'><strong>per</strong></span> <span class='ocrx_word' id='word_1_382' title='bbox 820 2822 942 2858; x_wconf 83' lang='lat' dir='ltr'><strong>totam</strong></span> <span class='ocrx_word' id='word_1_383' title='bbox 967 2817 1069 2856; x_wconf 80' lang='lat' dir='ltr'><strong>hanc</strong></span> <span class='ocrx_word' id='word_1_384' title='bbox 1098 2819 1247 2858; x_wconf 88' lang='lat' dir='ltr'><strong>Orestis</strong></span> <span class='ocrx_word' id='word_1_385' title='bbox 1281 2816 1503 2868; x_wconf 85' lang='lat' dir='ltr'><strong>historiam,</strong></span> <span class='ocrx_word' id='word_1_386' title='bbox 1542 2816 1744 2868; x_wconf 83' lang='lat' dir='ltr'><strong>diligenter</strong></span> 
     </span>
    </p>
   </div>
  </div>
 </body>
</html>
