1838 3230
452 132 1070 209 CHRONOGRAPHIA.
1128 158 1177 202 L.
1205 157 1280 204 v1.
1502 161 1600 209 159

131 285 346 341 Λαβινίαν
375 281 517 337 πόλιν,
563 283 630 327 καὶ
664 281 712 326 τὸ
739 281 948 336 βασίλειον
975 286 1062 331 τοῖς
1096 276 1373 334 Λαβινησίοις
1410 274 1597 331 ἐπέθηκε,

60 409 64 414 Ι
130 354 372 411 μεταγαγὼ
397 351 420 397 ὁ
451 352 576 403 αὐτὸς
599 347 809 400 Ἀσκάνιος
836 350 879 392 ἐκ
902 353 977 405 τῆς
1000 348 1216 403 Ἀλβανίας
1233 344 1388 396 πόλεως
1403 344 1452 388 τὸ
1474 349 1598 389 Παλ-
1621 355 1652 390 C

0 444 11 490 ξ
132 420 275 466 λα’διον
293 423 350 473 εἲς
366 419 589 478 τὴναῦτοῦ
608 423 846 464 κτισθεῖσαν
863 415 980 462 πόλιν
1001 417 1228 473 Λαβινίαν.

0 493 10 570 ξ
227 513 298 558 Ἔν
325 517 386 572 τῷ
412 516 540 572 καιρῷ
569 512 615 555 δὲ
644 514 703 570 τῷ
732 509 845 568 αὐτῷ
867 506 1074 566 ἀρχιερεύς
1093 525 1156 559 τις
1174 503 1225 565 ἦν
1245 511 1320 565 τῆς
1333 505 1600 566 Ἰερουσαλὴμ.

97 581 236 638 5μετὰ
251 581 328 638 τὴν
349 578 548 626 ἐπάνοδον
565 580 640 636 τὴν
657 581 700 622 ἐκ
720 582 975 633 Βαβυλῶνος
995 583 1078 622 τῶν
1098 575 1171 622 δύο
1197 575 1363 633 ἡμίσεος
1382 574 1599 634 σκήπτρων

129 655 214 696 τῶν
235 647 495 695 ἀνελθόντων
513 650 556 693 ἐν
575 653 626 707 τῇ
640 646 906 706 Ἰερουσαλὴμ
921 647 1123 702 Ἕλιακεὶμ
1143 644 1164 690 ὃ
1185 646 1273 696 υἱὸς
1285 645 1435 702 Ἰησοῦ.

167 738 172 740 V
227 742 297 786 Ἕν
324 742 369 786 δὲ
398 749 485 794 τοῖς
507 741 651 791 αὐτοῖς
670 737 832 797 χρόνοις
852 734 904 796 ἦν
920 736 1130 789 Ἱππάσιος
1143 771 1155 791 ,
1194 735 1422 796 φιλόσοφος
1442 740 1600 781 Πυθα-

128 808 312 870 γορικός·
349 809 460 862 ὅστις
493 810 568 866 τὴν
605 817 786 867 σφαῖραν
817 813 891 852 τοῦ
926 808 1103 865 οὐρανοῦ
1132 812 1295 865 πρῶτος
1323 805 1526 862 ἐξήνεγκεν
1555 807 1599 849 ἐκ

128 885 213 923 τῶν
233 877 405 923 δεκαδύο
435 881 611 933 ζωδίων,
648 880 715 922 καὶ
746 878 852 921 κατὰ
880 875 1102 920 θάλασσαν
1127 874 1364 932 ναυαγήσας
1397 873 1595 918 ἐτελεύτα.

73 944 180 1005 1οἦν
198 948 244 992 δὲ
261 949 330 991 καὶ
343 947 579 1006 Ἰσοκράτης
600 944 694 990 τότε
722 948 789 989 καὶ
813 949 1019 1003 Περικλῆς
1049 946 1116 988 καὶ
1149 946 1406 999 Θουκυδίδης
1441 941 1462 987 ὅ
1497 960 1597 1000 συγ-

128 1014 395 1074 γραψάμενος
412 1017 485 1061 τὸν
505 1015 682 1071 πόλεμον
701 1019 783 1059 τῶν
800 1014 1143 1069 Πελοποννησίων
1161 1015 1226 1057 καὶ
1238 1013 1485 1069 Ἀθηναίων.
1554 1013 1597 1055 ἓν

129 1086 177 1128 δὲ
195 1092 282 1136 τοῖς
294 1083 458 1142 χρόνοις
481 1086 738 1129 Θουκυδίδου
758 1079 809 1140 ἦν
830 1086 897 1126 καὶ
919 1084 1086 1133 Φειδίας
1113 1080 1134 1126 ὅ
1167 1081 1498 1139 ἀγαλματοποιὸς
1529 1082 1598 1124 καὶ

127 1151 380 1212 Στησίχορος
401 1156 468 1198 καὶ
487 1154 767 1209 Βακχυλίδης,
808 1153 853 1195 oi*
865 1148 971 1209 ἦσαν
989 1149 1192 1208 ὀρχήσεως
1213 1149 1370 1208 εὖρεταὶ
1389 1152 1455 1194 καὶ
1476 1167 1597 1205 ποιη-
1619 1162 1652 1198 D

126 1223 201 1265 ταί
203 1255 218 1276 ,
250 1226 355 1278 μετὰ
374 1223 473 1274 τοὺς
493 1222 809 1280 προειρημένους
828 1219 1082 1278 φιλοσόφους
1102 1219 1255 1275 ἄνδρας
1269 1234 1280 1243 ·
1310 1219 1414 1275 μετὰ
1435 1220 1480 1262 δὲ
1495 1217 1600 1276 χρό-
1624 1234 1657 1268 0
1681 1234 1750 1271 215

73 1299 118 1335 15
129 1308 200 1334 νον
230 1291 270 1334 οἱ
302 1292 605 1350 προῤῥηθέντες
631 1294 714 1334 τῶν
732 1288 936 1346 Ἑλλήνων
953 1285 1060 1346 ἦσαν
1078 1279 1304 1332 παιδευταί.
1377 1287 1600 1345 ἀναφαίνε-

125 1376 196 1403 ται
234 1359 280 1402 δὲ
316 1360 422 1416 μετὰ
451 1364 585 1419 ταῦτα
621 1360 688 1402 καὶ
720 1359 1000 1415 Δημοσθένης
1031 1359 1100 1401 καὶ
1133 1354 1432 1416 Ἀριστοφάνης
1466 1355 1486 1400 ὃ
1516 1375 1596 1400 κω-

122 1425 278 1488 μῳδός,

227 1519 355 1564 Μετὰ
392 1520 438 1564 δὲ
472 1519 548 1576 τὴν
578 1520 789 1575 βασιλείαν
819 1520 1001 1577 Δαρείου
1030 1522 1106 1562 τοῦ
1134 1516 1331 1574 νεωτέρου
1363 1517 1597 1573 ἐβασίλευσε

125 1592 302 1647 Περσῶν
314 1588 580 1647 Ἀρταξέρξης
597 1587 618 1632 ὅ
636 1587 832 1645 Μνήμων
850 1586 1100 1643 καλούμενος
1120 1586 1188 1643 ἔτη
1211 1584 1297 1630 λθ’.

69 1688 118 1725 20
224 1679 432 1733 Ἀλβανῶν
459 1681 505 1723 δὲ
534 1681 791 1735 ἐβασίλευσεν
816 1679 972 1733 ’Ἀλβας
1008 1677 1029 1722 ὃ
1057 1677 1146 1728 υἱὸς
1169 1682 1243 1721 τοῦ
1276 1676 1490 1720 Ἀσκανίου
1523 1674 1591 1732 ἔτη

124 1745 202 1800 λς’.
274 1750 340 1792 καὶ
369 1749 488 1802 κτίζει
513 1749 588 1804 τὴν
611 1751 757 1793 Σίλπιν
779 1746 896 1792 πόλιν
911 1763 920 1772 ·
957 1747 1037 1791 ἀπὸ
1058 1745 1150 1790 τότε
1173 1747 1211 1790 οἱ
1230 1750 1412 1800 βασιλεῖς
1432 1747 1592 1800 Σίλβιοι

217 1871 252 1906 1.
283 1869 317 1906 3.
362 1868 545 1916 Λαβινίαν
579 1867 774 1912 cedrenus,
815 1867 1007 1917 Ἀλβοινίαν
1038 1867 1106 1903 Ox.
1176 1867 1307 1903 Eadem
1339 1868 1587 1914 Λαβηνισίοις.

216 1914 252 1952 4.
281 1912 423 1962 αὑτοῦ]
447 1915 569 1950 Scribe
589 1912 673 1962 παρ’
698 1914 828 1954 αὑτοῦ.
872 1913 935 1953 ’ὑπ’
957 1912 1078 1952 αὐτοῦ
1100 1913 1285 1950 Cedrenus.
1399 1916 1433 1950 7.
1460 1911 1588 1951 Ἱππά-

215 1963 314 2010 ocos]
327 1959 506 2004 Ἵππασος
527 1961 595 1998 ch.

124 2064 296 2109 condidit,
319 2065 451 2102 nomine
472 2065 670 2109 Lavinium,
693 2066 753 2102 ubi
776 2069 812 2102 et
834 2065 946 2102 sedem
969 2064 1068 2111 regni
1116 2064 1225 2107 osuit3
1248 2064 1519 2111 Palladiumque,
1543 2066 1586 2101 ab

122 2112 263 2148 Albanis
286 2112 454 2156 delatum,
485 2113 522 2147 in
545 2114 629 2148 urbe
653 2114 731 2157 illa,
764 2125 786 2148 a
807 2125 844 2148 se
868 2111 1027 2155 condita,
1053 2123 1092 2147 co
1119 2111 1245 2147 ocavit.

214 2181 270 2216 Eo
292 2186 447 2228 tempore
467 2182 630 2217 Pontifex
652 2182 813 2217 maximus
836 2181 1076 2227 Hierosolymis
1097 2174 1183 2223 fuit,
1206 2183 1284 2226 post
1306 2180 1451 2215 reditum
1474 2191 1496 2215 a
1518 2180 1588 2214 Ba-

123 2226 248 2274 bylone
270 2227 417 2262 tribuum
441 2228 583 2263 duarum
605 2241 680 2263 cum
703 2229 862 2270 dimidia,
885 2228 1112 2270 Eliachimm,
1135 2228 1215 2262 Jesu
1237 2226 1336 2261 filius.

213 2294 337 2331 Iisdem
361 2297 570 2342 temporibus
592 2297 711 2332 floruit
731 2297 936 2343 Hippasius‚
1000 2296 1196 2342 hilosophus
1220 2294 1492 2340 Pythagoricus3
1530 2294 1590 2339 qui

124 2341 314 2378 coelestem
332 2343 509 2388 sphaeram
525 2343 650 2388 primus
668 2342 876 2389 composuit,
901 2354 943 2377 ex
991 2341 1142 2378 undecim
1165 2341 1286 2386 signis:
1311 2342 1347 2375 in
1369 2341 1454 2375 mari
1477 2346 1588 2375 autem

124 2387 248 2423 deinde
260 2389 448 2434 naufragus
463 2389 578 2434 periit.
604 2389 733 2424 Eodem
748 2394 901 2435 tempore
914 2388 1013 2423 etiam
1028 2389 1224 2423 claruerunt
1235 2388 1412 2428 Isocrates,
1428 2386 1587 2428 Pericles,

124 2439 163 2468 et
185 2433 418 2479 Thucydides,
442 2435 522 2469 belli
544 2436 651 2470 Attici
673 2440 708 2470 et
726 2432 1007 2481 Peloponnesiaci
1030 2433 1186 2479 scriptor.
1219 2432 1385 2478 Aequales
1407 2431 1488 2465 huic
1512 2432 1589 2466 fue-

124 2482 206 2514 runt
226 2479 366 2515 Phidias
395 2480 597 2523 statuarius,
629 2480 861 2523 Stesichorus,
893 2486 930 2516 et
950 2480 1192 2524 Bacchylides,
1226 2479 1354 2513 Poetae
1378 2482 1414 2511 et
1436 2477 1589 2513 Saltato-

124 2524 201 2559 riae
223 2524 306 2559 artis
328 2525 534 2562 inventores.
580 2527 762 2562 Caeterum
786 2526 842 2571 hi,
875 2526 1127 2573 praedictorum
1152 2524 1433 2570 Philosophorum
1456 2527 1588 2570 tempo-

124 2569 218 2605 ribus
251 2570 427 2615 aliquanto
461 2572 684 2617 posteriores,
730 2573 888 2608 doctores
910 2572 1034 2607 deinde
1065 2571 1155 2605 inter
1179 2571 1333 2604 Graecos
1367 2575 1584 2605 emerserunt.

124 2616 294 2651 Posthaec
315 2615 499 2652 floruerunt
522 2619 626 2654 etiam
650 2619 890 2655 Demosthenes
914 2623 951 2654 et
973 2617 1215 2663 Aristophanes
1239 2615 1404 2649 Comicus.

216 2682 322 2718 Dario
345 2688 457 2720 autem
476 2687 605 2731 juniori
627 2687 789 2723 successit
810 2687 845 2721 in
875 2698 981 2732 regno
1005 2687 1183 2720 Persarum
1205 2685 1430 2726 Artaxerxes,
1467 2683 1526 2731 qui
1549 2687 1585 2719 et

125 2730 285 2765 Mnemon
306 2734 448 2766 vocatus
470 2737 539 2767 est:
564 2737 600 2768 et
620 2733 781 2779 regnavit
803 2745 866 2780 per
889 2745 994 2768 annos
1016 2742 1132 2765 xxx1x.

189 2838 196 2844 ‚
216 2797 354 2834 Albanis
376 2810 460 2834 vero
482 2802 642 2846 regnavit
662 2802 782 2844 Albas,
806 2800 939 2837 Ascanii
962 2799 1071 2842 filius,
1095 2810 1197 2835 annos
1220 2809 1346 2842 xxm,
1383 2799 1443 2846 qui
1466 2804 1503 2836 et
1523 2812 1582 2836 ur-

125 2844 202 2880 bem
222 2843 364 2881 Silviam
385 2846 557 2884 condidit=
590 2849 681 2885 unde
712 2852 750 2884 et
779 2859 879 2893 reges
909 2857 1023 2883 eorum
1047 2845 1204 2892 deinceps
1227 2844 1327 2881 silvii
1351 2846 1465 2884 vocati
1486 2851 1580 2883 sunte
