1852 3236
17 362 27 385 J

0 388 29 590 ἱι

0 758 9 791 ἱ

0 793 12 837 ἰ
17 804 25 811 “

0 953 9 1007 ἱ,

0 1008 5 1021 ι

0 1067 12 1104 ζ»

658 184 1074 233 PRAEMONITIO.
1551 208 1602 235 x1

147 298 247 350 Φθᾶ
267 301 352 343 sive
375 302 473 343 Φθᾶ·
502 299 580 356 (ne
602 301 787 342 'Librario
815 301 858 341 id
883 301 983 342 vitio
1008 301 1241 354 vertatur‚)
1272 301 1380 355 quod
1398 300 1602 356 Aegyptiis

143 368 296 408 Nomen
319 366 495 408 Vulcani
522 369 623 418 fuit,
654 370 789 422 sicque
806 370 991 409 scribitur
1022 369 1238 424 Porphyrio
1267 371 1309 408 in
1339 369 1441 411 Casu
1461 370 1603 411 Nomi-

143 435 291 476 miiuo.
356 435 470 476 Addo
504 436 669 489 insuper
705 439 900 491 Ημοῦλα,
938 451 1155 489 cognomen
1193 437 1312 476 fuisse
1349 438 1455 490 apud
1492 438 1602 491 ipsos

140 501 433 542 Alexandrinos
450 503 712 546 Patriarchae.
769 505 876 544 Audi
897 511 1036 544 testem
1055 506 1301 544 luculentum
1334 505 1600 559 Theophanem

140 569 184 610 in
205 567 544 624 Chronographia3
576 568 758 625 Ιωᾶννης
783 572 806 614 ό
827 573 991 626 ἐπίκλην
1006 576 1188 626 Ημοῦλα.
1246 574 1310 612 Sic
1327 573 1436 626 apud
1463 574 1604 613 Victo-

140 649 225 676 rem
263 635 366 676 Tun.
411 637 582 679 Ioannes
624 651 875 693 cognomento
911 639 1097 680 Hemula.
1168 641 1298 690 Quam
1337 640 1415 680 hoc
1445 641 1602 680 illustre

140 703 390 757 exemplum!
421 705 499 754 Qui
528 708 680 759 poteris
709 707 820 747 istius
838 709 920 747 vim
946 709 1123 748 evitare?
1154 710 1258 748 Num
1279 710 1436 762 culpam
1457 709 1603 748 Libra-

139 771 202 810 rio
230 772 448 825 impinges'?
479 774 564 813 Vah
582 775 811 826 Effugiumt
831 776 961 814 Eidem
987 777 1211 830 Theophani
1234 774 1417 830 Ελεσβαοῖ
1445 783 1502 815 est
1519 778 1600 815 No-

138 851 229 878 men
252 839 366 891 Regis
384 839 642 894 Aethiopum:
673 842 782 894 quod
801 844 979 895 quamvis
999 845 1152 896 legatur
1177 846 1217 883 in
1240 843 1341 885 Casu
1361 859 1440 884 non
1460 843 1602 893 Recio,

139 918 224 945 esse
239 913 368 947 tamen
386 905 671 949 Indeclinabile
692 910 808 950 fidem
829 911 924 950 facit
943 911 1155 952 Accentus.
1211 912 1262 951 At
1281 911 1418 950 audias
1441 912 1603 965 insuper

139 973 228 1014 alia.
285 975 333 1014 In
362 975 512 1016 Graeca
545 971 837 1030 Scripturarum
856 979 1047 1019 Versione
1068 980 1166 1032 quid
1191 980 1368 1033 apertius
1393 985 1461 1020 aut
1479 980 1601 1019 usita-

137 1041 246 1080 tius?
299 1042 581 1096 Μαθουσάλα,
624 1043 803 1101 Σισᾰρα,
850 1043 989 1098 Zoilo,
1031 1045 1220 1099 Ιεδδούα,
1258 1044 1391 1097 Ράδα,
1434 1048 1601 1101 Λζαρία,

138 1117 327 1150 sexcenta
355 1111 444 1153 alia.
467 1119 471 1126 ’
500 1113 637 1165 Neque
661 1114 736 1153 ista
766 1114 892 1153 solum
920 1115 961 1153 in
981 1115 1019 1157 S.
1044 1115 1271 1167 Scripturae
1290 1114 1478 1154 Versione
1497 1113 1600 1153 hanc

137 1176 468 1218 Terminutionem
507 1181 648 1220 sortita
688 1188 799 1230 sunt,
838 1182 907 1222 sed
944 1196 1035 1222 cum
1066 1197 1110 1222 ea
1139 1184 1349 1222 evolarunt
1376 1183 1428 1221 ad
1466 1197 1601 1222 omnes

139 1244 332 1296 Graecos,
363 1253 403 1286 et
434 1247 476 1285 in
505 1261 621 1288 usum
652 1251 859 1302 vulgarem
888 1250 1080 1290 abierunt.
1145 1252 1282 1290 Nonne
1313 1250 1345 1290 A
1374 1251 1602 1290 mutabatur

137 1311 246 1364 apud
270 1320 451 1365 posteros
474 1317 646 1357 Graecos
661 1318 702 1357 in
720 1319 823 1359 ΑΣΡ
855 1319 910 1358 De
938 1319 1155 1371 aliquibus,
1186 1319 1383 1359 concedo:
1414 1319 1462 1358 de
1478 1320 1602 1358 omni-

134 1379 233 1431 bus,
263 1395 448 1434 pernego.
505 1376 788 1425 Testimonium
814 1386 921 1426 dicat
950 1385 1182 1427 Matthaeus
1206 1385 1473 1440 Evangelisia.
1532 1388 1601 1426 Ce-

134 1449 343 1489 lehi-antur
370 1451 419 1489 ab
442 1465 489 1491 eo
516 1451 542 1493 ό
558 1451 694 1507 Ζαρά,
723 1454 748 1496 ό
763 1452 893 1508 Αβιᾶ,
922 1454 948 1497 o‘
969 1450 1074 1496 Ασᾶ.
1131 1455 1291 1493 Praeter
1310 1454 1372 1495 Fl.
1393 1454 1601 1510 Iosephum

135 1517 206 1568 qui
235 1531 286 1557 ex
316 1518 535 1559 Bibliorum
565 1521 716 1561 Graeca
742 1523 931 1562 Versione
961 1537 1031 1561 sua
1059 1535 1141 1559 non
1168 1522 1347 1574 scripsit,
1378 1522 1475 1561 cedo
1505 1521 1602 1561 mihi

133 1585 202 1625 vel
237 1598 382 1638 unum,
421 1588 488 1627 cui
516 1589 831 1629 Patriarcharum
867 1589 1146 1629 annosissimus
1185 1589 1275 1641 ille,
1317 1587 1603 1639 Μαθουσάλας

133 1666 216 1693 non
249 1652 533 1708 Μαθουσάλα,
572 1659 815 1711 appelletur,
855 1658 929 1697 etsi
962 1658 1110 1696 Nomen
1139 1658 1245 1696 illius
1278 1658 1385 1710 apud
1414 1664 1475 1696 tot
1496 1658 1602 1696 Scri-

133 1728 274 1775 ptores
311 1724 456 1776 passim
486 1733 743 1776 memoretur,
788 1733 847 1776 et,
884 1731 1051 1778 propter
1092 1726 1416 1776 longaevitatem,
1453 1727 1516 1765 vel
1558 1727 1602 1765 in

132 1790 243 1842 vulgi
271 1805 339 1831 ore
366 1791 513 1843 ubique
546 1799 745 1833 terrarum
773 1794 988 1833 ferebatur.
1048 1789 1311 1834 Μαθουσᾶλα
1335 1795 1400 1833 ille
1418 1795 1599 1834 nomina-

133 1862 203 1896 tur
222 1873 244 1897 a
275 1858 490 1914 Theophila
515 1860 707 1901 Antioch.
763 1861 988 1918 Africano,
1018 1859 1206 1910 Eusebio,
1240 1859 1446 1914 Syncello,
1476 1864 1602 1902 Auto-

131 1937 177 1964 re
201 1923 386 1966 Chronica·
408 1927 545 1968 Pasck.
567 1928 788 1983 Nicephoro
807 1931 913 1971 Patr.
943 1927 1137 1980 cedreno,
1174 1927 1322 1983 Glyca,
1354 1929 1598 1971 Humor-tolo

132 1999 284 2045 nostro,
314 1993 523 2047 Anonymo
542 1999 771 2048 Petaviano,
800 1998 898 2037 aliis.
956 1998 1052 2038 Post
1079 1996 1205 2036 hocce
1231 1999 1469 2050 exemplum,
1500 1999 1598 2051 quid

133 2061 274 2101 attinet
295 2063 370 2101 alia
391 2064 543 2115 afferre,
574 2079 674 2117 quae
695 2066 801 2118 apud
823 2067 982 2105 eosdem
1001 2065 1182 2116 Antores,
1207 2078 1296 2104 cum
1324 2065 1485 2108 Philone
1504 2066 1595 2107 Jud.

132 2127 239 2168 Joele
265 2135 303 2169 et
336 2130 576 2172 sseodoreto
606 2133 647 2171 in
677 2134 778 2173 Hist.
804 2135 1012 2186 leguntur,
1051 2129 1232 2187 Σισάρα,
1271 2131 1403 2185 Edant,
1445 2131 1596 2188 Θάῤῥα,

130 2195 366 2250 Σεβατακοῖ,
399 2200 528 2252 Σιβᾶ,
557 2201 736 2252 Ανανία,
772 2209 1004 2254 caeteraque
1025 2202 1218 2254 pleraque
1247 2202 1419 2242 similia?
1450 2203 1507 2241 Ita
1535 2216 1597 2242 me

129 2263 268 2304 Musae
287 2272 440 2315 ament,
468 2273 514 2306 ut
530 2281 580 2306 ex
600 2269 728 2308 animo
747 2283 809 2309 me
833 2270 963 2309 taedet
993 2283 1039 2307 ac
1067 2270 1176 2322 piget
1202 2276 1293 2324 tam·
1305 2270 1374 2309 diu
1398 2269 1596 2310 demorari

129 2331 172 2371 in
199 2333 375 2373 minutiis
400 2333 511 2375 hisce
540 2337 780 2389 puerilibus:
812 2344 943 2377 tamen
972 2338 1096 2390 gratia
1122 2351 1282 2388 eorum,
1312 2338 1380 2390 qui
1403 2338 1596 2389 dubitent,

128 2398 196 2438 hie
217 2400 292 2439 alia
320 2403 513 2454 quaedam
545 2406 724 2458 exempla
751 2406 1004 2459 subjungam,
1036 2419 1204 2457 quorum
1229 2406 1363 2445 eadem
1386 2412 1444 2444 est
1464 2406 1597 2444 analo-

129 2467 194 2519 gia
221 2482 269 2507 ac
296 2470 414 2509 ratio.
476 2474 510 2512 Ο
540 2471 722 2526 Παμβαὶ,
754 2473 779 2515 ὁ
811 2472 942 2524 Χαλὲ,
976 2473 1000 2515 o‘
1027 2474 1168 2525 Μαὸὶ,
1208 2481 1246 2513 et
1275 2487 1459 2525 germana
1491 2473 1596 2525 apud

127 2535 427 2578 Ecclesiasticus
448 2540 690 2593 Scriptores,
719 2542 898 2594 ignorata
922 2549 1013 2581 sunt
1030 2543 1148 2581 nullis
1174 2543 1249 2581 nisi
1282 2541 1424 2594 quibus
1448 2541 1520 2579 sub
1538 2541 1595 2580 se-

128 2604 216 2643 ruta
237 2619 375 2646 manus
395 2615 467 2649 est.
524 2610 689 2660 Αλέξιος
720 2609 744 2651 ό
767 2608 967 2662 Μωσηλὲ,
996 2617 1218 2662 magnatum
1242 2610 1482 2655 Graecorum
1508 2610 1594 2662 qui-

130 2670 242 2722 dam,
278 2675 387 2727 apud
419 2674 624 2730 Georgium
653 2678 770 2718 Mon.
801 2677 844 2716 in
875 2678 998 2717 Novis
1030 2679 1157 2730 Impp.
1193 2675 1363 2730 Glycas,·
1409 2676 1434 2719 ὅ
1461 2677 1594 2731 μέντοι

132 2735 329 2790 Θεόφιλος
368 2742 548 2797 γαμβρὸν
587 2743 689 2798 εἶχεν
724 2745 909 2796 Αλέξιον,
961 2741 1011 2786 οὗ
1050 2744 1228 2797 Μωσήλὲ
1278 2743 1322 2786 τὰ
1370 2743 1593 2799 ἐπώνυμον.

128 2806 247 2859 Apud
267 2810 586 2853 continuatorem
609 2811 853 2854 Constantini
870 2813 1013 2868 Porph.
1036 2814 1230 2854 Historiae
1251 2814 1382 2853 Basilii
1412 2814 1595 2854 Macedo-
