1838 3230
395 124 1020 173 CHRONOGRAPHIA.
1075 125 1125 170 L.
1155 125 1312 171 XV111.
1485 129 1584 180 449

118 245 304 308 θεάτρου
349 248 454 308 πρὸς
481 247 529 292 τὸ
557 246 616 304 μὴ
637 246 910 291 ἐπιτελεῖσθαι
929 249 1004 290 τοῦ
1022 248 1167 290 λοιποῦ
1184 247 1227 289 ἐν
1249 250 1301 305 τῇ
1320 249 1402 291 τῶν
1424 245 1582 291 Ἀντιο·
1603 248 1637 284 D

116 319 223 375 χέων
246 315 373 362 πόλει.
1255 329 1257 332 ·

221 385 288 430 Ἐν
310 385 424 445 αὐτῷ
441 385 486 428 δὲ
503 387 562 444 τῷ
573 380 712 442 χρόνῳ
737 381 914 438 διωγμὸς
928 381 1084 439 γε’γονεν
1099 379 1300 439 Ἑλλήνων
1325 382 1474 441 με’γας,
1511 385 1580 428 καὶ
1601 397 1636 434 o
1660 395 1728 436 184

121 457 267 500 πολλοὶ
287 451 591 511 ἐδημεύθησαν,
613 452 656 495 ἐν
674 449 734 502 οἷς
754 449 1020 506 ἐτελεύτησαν
1043 450 1316 506 Μακεδόνιος,
1343 452 1587 509 Ἀσκληπιό-

89 525 271 578 δδοτος,
311 526 461 573 Φωκᾶς
490 520 512 565 ὅ
541 524 785 578 Κρατεροῦ,
824 521 889 563 καὶ
917 522 1074 574 Θωμᾶς
1105 518 1126 564 ὅ
1154 522 1414 580 Κοιαίστωρ·
1450 523 1518 565 καὶ
1547 522 1591 566 ἐκ

121 590 273 637 τούτου
309 591 437 642 πολὺς
467 587 599 648 φόβος
640 589 808 646 γέγονεν.
891 589 1081 632 ἐθέσπισε
1121 590 1166 632 δὲ
1195 587 1216 632 ὃ
1243 589 1369 641 αὐτὸς
1398 591 1593 645 βασιλεὺς

123 659 230 706 ὥστε
262 659 321 716 μὴ
348 656 638 703 πολιτεύεσθαι
668 657 764 708 τοὺς
790 656 1093 713 ἔλληνίζοντας,
1140 658 1239 708 τούς
1271 659 1316 702 δὲ
1346 663 1429 703 τῶν
1456 659 1592 703 ἄλλων

124 729 318 787 αἱρέσεων
335 727 457 779 ὄντας
491 727 663 785 ἀφανεῖς
690 726 881 783 γενέσθαι
905 730 980 782 τῆς
1000 725 1228 782 Ῥωμαϊκῆς
1246 729 1465 781 πολιτείας,
1487 745 1592 786 προ-

122 798 303 854 θεσμίαν
322 801 448 854 τριῶν
477 800 619 852 μηνῶν
648 793 856 850 λαβόντας
898 797 954 846 εἰς
982 795 1030 839 τὸ
1058 795 1249 852 γενέσθαι
1270 795 1422 847 αὐτοὺς
1448 814 1594 841 κοινω-

69 866 222 918 1ονοὒς
243 870 317 920 τῆς
336 864 569 922 ὄρθοὸόξου
591 865 776 915 πίστεως.
849 862 960 915 ὅστις
988 869 1106 915 θεῖος
1125 862 1252 915 τύπος
1281 866 1531 923 ε’νεφανίσθη
1551 866 1593 909 ἓν

122 933 276 986 πάσαις
293 942 386 985 ταῖς
404 935 611 986 ἓξωτικαΐς
631 931 806 977 πόλεσιν.

226 1003 291 1047 Ἑν
314 1004 427 1062 αὐτῷ
451 1004 495 1046 δὲ
513 1007 571 1061 τῷ
600 1006 728 1060 καιρῷ
755 999 1025 1058 ἠγανακτῆθη
1053 999 1074 1044 ὅ
1094 1001 1175 1045 ἀπὸ
1201 999 1371 1045 ὖπάτων
1391 1001 1591 1059 Πρίσκος,

125 1071 148 1117 ὅ
172 1071 254 1116 ἀπὸ
275 1073 476 1128 νοταρίων
495 1076 570 1115 τοῦ
590 1071 719 1114 αὐτοῦ
737 1070 964 1125 βασιλέως,
1000 1071 1068 1114 καὶ
1088 1071 1308 1126 δημευθεὶς
1325 1069 1476 1127 ἐγένετο
1497 1068 1589 1113 διά·
1612 1082 1647 1118 Ε

126 1158 247 1192 κονος
262 1142 328 1184 καὶ
351 1140 544 1197 ἐπέμφθη
567 1141 608 1182 ἓν
629 1141 806 1198 Κυζίκῳ.

73 1216 117 1252 15
225 1209 294 1253 Ἔν
312 1209 424 1268 αὐτῷ
449 1210 493 1252 δὲ
517 1213 574 1268 τῷ
597 1212 725 1268 καιρῷ
741 1206 984 1265 Ἑρμογένης
1012 1203 1033 1249 ὅ
1062 1203 1288 1264 μάγιστρος
1329 1204 1599 1265 ὑποστρέψας

126 1278 172 1323 352
207 1282 290 1322 τῶν
327 1281 543 1335 Περσικῶν
586 1277 684 1327 δοὺς
717 1276 770 1319 τὰ
809 1278 925 1333 δῶρα
971 1272 1169 1331 ἀνήγαγεν
1211 1275 1445 1332 ἀποκρίσεις
1483 1270 1618 1334 naq&⁴

125 1345 323 1400 Κωάδου,
336 1346 538 1402 βασιλέως
546 1349 738 1402 Περσῶν,
753 1344 857 1400 πρὸς
874 1341 1175 1399 ’Ῑουστινιανόῃ
1184 1343 1359 1400 βασιλέα
1369 1344 1594 1402 Ῥωμαίων,

126 1413 416 1474 ἐπιφερόμενος
439 1412 595 1471 σάκρας
614 1412 879 1471 περιεχούσας
898 1411 1042 1463 οὕτως.

228 1482 411 1539 Κωάὸης
438 1482 631 1538 βασιλεὺς
651 1480 978 1538 βασιλευόντων,
1014 1480 1132 1538 ἡλίου
1153 1480 1375 1538 ἀνατολῆς,
1416 1482 1591 1539 Φλαβίῳ
1616 1470 1650 1550 3
1673 1469 1742 1552 ‘1325

71 1553 397 1612 zo'Iovomaavq'J
413 1553 596 1609 Καίσαρι
617 1549 788 1607 σελήνης
808 1549 974 1601 δύσεως.
1052 1549 1236 1606 ηὕραμεν
1265 1551 1307 1592 ἓν
1339 1557 1426 1600 τοῖς
1450 1549 1594 1607 ἢμετέ-

129 1639 217 1681 ροις
233 1621 418 1680 ἄρχαίοις
441 1620 778 1678 ἀναγεγραμμένα
810 1618 1016 1677 ἀδελφοὺς
1034 1616 1144 1673 ἡμᾶς
1164 1616 1351 1675 ἀλλήλων
1370 1618 1469 1663 εἶναι
1478 1653 1492 1672 ,
1531 1622 1598 1663 καὶ

222 1743 257 1779 9.
283 1738 464 1789 λαβόντας
485 1740 572 1784 Ch„
606 1737 780 1786 λαβόντες
800 1741 869 1776 Ox.

129 1850 190 1928 {¹1¹ss
197 1870 210 1888 ‚
251 1845 343 1881 Ludi
375 1843 554 1881 Theatrici
585 1843 746 1890 deinceps
791 1841 994 1879 Antiochiae
1022 1853 1067 1878 ne
1109 1841 1251 1888 amplius
1295 1843 1478 1879 ederentur
1515 1855 1599 1890 pro-

154 1893 164 1902 '
191 1891 252 1927 uit.

223 1937 355 1972 Eodem
388 1939 543 1983 tempore
576 1938 736 1971 Graecae
767 1934 941 1981 religionis
973 1934 1124 1971 homines
1155 1934 1425 1980 persecutionem
1459 1946 1600 1980 gravem

87 1985 91 1988 ”
158 1983 284 2030 erpessi
307 1987 405 2026 sunt,
443 1983 622 2029 publicatis
645 1983 746 2017 etiam
775 1981 1094 2028 quamplurimorum
1125 1980 1367 2022 facultatibus3
1399 1981 1490 2015 inter
1513 1993 1599 2027 quos

130 1996 374 2072 Klacedonius,
407 2029 684 2075 Asclepiodotus,
717 2029 852 2062 Phocas
874 2027 975 2062 etiam
998 2026 1138 2062 Crateri
1160 2026 1200 2060 F·-
1225 2038 1298 2062 cum
1322 2027 1459 2061 Thomu.
1481 2027 1601 2068 Quae-

132 2080 239 2118 store,
262 2075 351 2111 diem
374 2086 469 2110 suum
490 2075 624 2109 interea
640 2075 816 2109 obierunt:
839 2073 976 2108 Exinde
996 2085 1081 2108 vero
1105 2076 1213 2109 metus
1233 2072 1352 2118 ingens
1374 2073 1525 2107 omnibus
1548 2072 1602 2106 in-

134 2123 248 2158 cessit.
309 2121 402 2162 Quin
427 2125 464 2155 et
487 2121 600 2156 edicto
625 2119 848 2166 Imperatorio
872 2125 1007 2154 cautum
1031 2124 1102 2162 est,
1143 2119 1402 2153 Graecissantes
1424 2119 1460 2152 in
1484 2123 1602 2163 poste-

133 2179 208 2203 rum
230 2179 274 2203 ne
296 2168 465 2213 publicum
488 2166 628 2212 aliquod
656 2167 690 2201 in
713 2167 801 2212 Rep.
826 2176 941 2200 munus
963 2165 1110 2200 obirent.
1155 2164 1376 2210 Reliquarum
1398 2176 1481 2198 vero
1503 2164 1601 2197 Hae-

133 2213 257 2249 resium
289 2218 474 2249 sectatores
497 2224 716 2258 quoscunque
739 2211 885 2247 Romani
918 2211 1056 2257 Imperii
1080 2210 1203 2245 finibus
1226 2211 1394 2245 excedere
1412 2209 1511 2254 jussit
1531 2210 1600 2243 Im-

134 2263 302 2306 μετείω-ς
338 2259 473 2294 indulta
497 2264 607 2293 tamen
638 2259 687 2293 eis
711 2270 774 2304 per
795 2262 868 2292 tres
890 2268 1019 2292 menses
1039 2256 1200 2299 licentia,
1235 2257 1263 2290 si
1288 2257 1346 2302 qui
1369 2267 1432 2300 per
1454 2254 1491 2289 id
1513 2259 1602 2290 tem·-

160 2316 200 2340 us
229 2305 332 2340 fidem
353 2304 589 2340 Ortbodoxam
614 2304 909 2350 amplecterentur.
956 2303 1060 2345 Quod
1092 2302 1230 2349 quidem
1251 2303 1411 2337 Edictum
1433 2301 1471 2335 in
1492 2300 1601 2336 omni-

162 2361 201 2385 ns
224 2351 365 2385 urbibus
394 2351 564 2385 extraneis
588 2350 834 2395 promulgatum
865 2352 929 2384 est.

228 2397 360 2432 Eodem
382 2401 537 2442 tempore
562 2396 698 2431 Priscus
721 2395 869 2441 quidam,
894 2394 1078 2437 Exconsul,
1101 2398 1138 2429 et
1159 2391 1379 2439 Imperatoris
1400 2392 1498 2436 hujus
1520 2391 1599 2426 olim

138 2440 324 2484 Notarins3
359 2442 418 2488 qui
439 2441 475 2477 in
498 2441 717 2488 imperatoris
738 2442 824 2476 iram
845 2440 1036 2483 inciderat,
1071 2439 1169 2476 bonis
1191 2438 1393 2486 publicatis,
1429 2437 1599 2473 Diaconus

139 2487 253 2522 faetus
272 2492 342 2530 est,
373 2488 605 2533 Cyzicumqne
625 2488 808 2533 relegatus.

228 2532 350 2568 Iisdem
373 2534 600 2579 Temporibus
620 2534 851 2579 Hermogenes
871 2531 1060 2578 Magister,
1086 2542 1127 2566 ex
1150 2529 1290 2564 Perside
1311 2529 1441 2572 redux,
1463 2540 1602 2564 munera

140 2588 273 2620 secum,
304 2583 340 2613 et
362 2579 488 2615 Coadis
510 2579 690 2615 Persarum
712 2579 819 2625 Regis
839 2578 1029 2614 Justiniano
1052 2575 1256 2623 Imperatori
1275 2576 1483 2621 Responsum
1505 2579 1602 2610 retu-

141 2623 204 2665 lit,
229 2623 281 2658 his
303 2625 416 2659 verbis
438 2626 684 2670 conscriptum:

233 2669 427 2713 „Coades,
455 2671 534 2705 Rex
555 2671 709 2718 Regum,
732 2670 834 2714 solis,
858 2668 1031 2711 Orientis,
1061 2666 1182 2703 Flavio
1205 2665 1417 2710 Justiniano‚
1451 2665 1604 2709 Caesari,

141 2715 272 2757 Lunae,
296 2714 532 2751 Occidentis.“
952 2725 954 2727 ’
1157 2723 1160 2726 ·

142 2817 213 2842 ms
232 2759 637 2844 ’Ἑέῗῗὲῐεῗέἒήέἑῖἷω
646 2757 1294 2855 4⁶53}aN⁰{}'{ui}‘1³M§23¹ffl⁶⁵v2f
1297 2758 1505 2840 lma?
1508 2756 1605 2839 ”¹³33

220 2831 232 2848 9
597 2834 606 2845 ι
807 2833 818 2854 )
1504 2828 1517 2847 ,

199 2860 343 2894 Ioannes
372 2859 535 2895 Matalon.
1276 2856 1331 2896 29
