1838 3230
23 182 27 193 “
14 0 43 121 ··«'.=·*†-?·;

646 101 959 163 'APPEND1X
1442 96 1540 172 663

180 237 284 288 Pag.
311 233 380 277 24.
411 235 482 276 20.
513 231 1029 287 Σωσις.(]111·011.Σω”σεις,
1060 234 1126 273 alu
1145 230 1301 287 Σωσης

180 291 284 344 Pag.
311 289 378 334 24·
409 292 478 333 22.
510 290 668 337 Θοΰλις.
701 290 759 328 sic
780 290 874 331 Chr.
895 291 959 330 alii
985 287 1144 344 Θούλης
1165 291 1232 330 alii
1259 288 1455 346 Θουᾶχης.

182 347 286 400 Pog.
315 349 383 390 26.
415 348 454 389 3.
493 343 748 398 μετανάστας.
777 346 923 386 Clnon.
955 361 1210 414 μεταναστας,
1239 361 1314 400 pro
1344 361 1424 400 quo
1457 349 1539 387 Du-

67 403 272 444 stennius
258 417 302 442 111
321 415 393 442 sua
413 401 587 446 editione
602 404 782 455 reposuit
803 401 1103 455 μεταναστάσαι.

179 458 279 513 Pag.
310 463 377 504 26.
403 462 447 501 6
480 455 660 514 Πάρθοι.
693 458 840 503 chron.
861 468 1048 514 corrupte
1069 461 1306 515 παρθίδιοι,
1336 461 1379 499 in
1400 460 1539 499 Dufre-

19 543 23 546 -
68 515 146 556 unii
163 516 347 556 versione
365 514 583 555 Par-ibidis.

178 571 284 626 Pag.
306 576 374 616 26.
403 576 444 616 7.
474 569 650 613 Σκύθαι.
681 571 828 611 Chron.
850 573 1037 612 mendose
1058 570 1234 621 Σκύθες.

180 631 380 682 Pag.27.
417 632 480 672 17.
525 626 696 682 Φαραω,
733 628 755 671 ὃ
777 646 845 670 και
874 628 1058 683 Μαραχω
1089 628 1346 682 καλουμενος.
1388 612 1537 668 Cllron

67 684 178 730 ὁκαὶ
200 683 349 738 Νᾶχωρ
369 688 455 726 καλ.
485 685 842 726 10.Α11110011εηυε
865 687 945 727 MS.
981 692 1222 736 (annotante
1257 686 1494 737 Dusresnio)
1519 684 1539 727 ὅ

66 741 141 790 καὶ,
165 740 338 796 Καραχω
367 745 452 783 καλ.
499 743 693 781 Eusebius
725 744 998 794 Scaligeranus
1031 743 1125 784 Chr.
1156 744 1184 783 l.
1210 747 1246 786 1.
1277 742 1315 781 et
1337 742 1539 781 cedrenus

67 797 90 842 ὃ
108 798 175 839 καὶ
193 796 354 851 Ναρεχω
370 802 456 839 καλ.
480 800 673 850 Georgius
690 799 945 838 Hamartolus
964 801 1041 839 MS.
1062 800 1086 841 ὁ
1102 799 1169 840 καὶ
1190 796 1378 867 Ναραχω.
1411 797 1539 837 Theo-

66 855 205 908 philus
231 855 416 896 Antioch.
441 856 491 894 ad
517 856 763 908 Autolycum
794 857 860 896 lib
894 861 931 900 2.
995 854 1168 909 Φαραω,
1198 853 1240 903 ὃς
1262 855 1330 896 καὶ
1366 854 1540 907 Νεχαωθ

66 909 158 952 κατ’
181 912 429 967 Αἰγυπτίους
461 907 700 965 ωνομᾶσθη
754 913 924 952 Difficile
951 913 1062 952 dictu
1095 926 1288 965 quaenam
1317 912 1452 950 verior
1487 915 1540 951 sit

65 968 227 1018 lectio3
233 975 301 1007 uu
305 982 370 1008 um
391 967 565 1023 Ναραχώ
586 983 658 1009 seu
678 967 846 1023 Ναρεχω
876 970 941 1007 vel
963 966 1130 1024 Νάχωρ.
1140 983 1208 1008 seu
1232 966 1423 1022 Νεχαώθ.
1456 968 1539 1007 Ma

65 1025 210 1064 leliana
228 1025 335 1065 enim
352 1024 526 1080 Ναραχω
550 1033 590 1066 et
615 1027 774 1065 Joannis
799 1026 1036 1066 Antiocheni
1056 1023 1229 1079 Καραχω
1251 1026 1393 1077 procul
1415 1025 1538 1064 dubio

65 1082 164 1122 falsa
184 1088 256 1123 est.
316 1082 437 1134 Magis
456 1083 589 1135 placet
610 1079 758 1135 Νάχωρ
778 1096 846 1121 seu
868 1079 1055 1135 Νεχαωθ.
1085 1083 1143 1121 sic
1171 1083 1274 1122 enim
1304 1082 1410 1135 apud
1433 1083 1538 1121 Jose-

64 1138 191 1192 phum
217 1137 267 1178 de
296 1139 390 1180 bell.
421 1139 510 1179 Jud.
542 1140 568 1178 1.
589 1143 627 1182 6.
660 1153 694 1179 e.
718 1143 784 1181 26.
832 1138 1073 1179 Pharaonem
1094 1140 1208 1178 illum
1235 1139 1301 1190 qui
1326 1138 1538 1177 Abrahami

63 1208 230 1235 uxorem
266 1197 400 1235 Saram
425 1196 623 1248 sunipuit
649 1203 688 1235 et
710 1196 814 1234 idem
842 1197 1003 1234 omnino
1024 1196 1186 1235 videtm
1214 1209 1302 1233 cum
1325 1195 1396 1234 illo
1419 1210 1538 1246 quem

65 1251 272 1304 designant
307 1253 474 1293 Antores
499 1253 632 1304 citati,
664 1254 983 1303 cognominatum
1015 1254 1137 1290 fuisse
1169 1249 1334 1304 ,Νεχαεᾶς
1353 1252 1537 1304 perhibe-

64 1315 146 1348 tur.
203 1309 248 1348 In
271 1309 422 1348 Graeco
448 1310 592 1348 Codice
623 1316 701 1361 quo
726 1323 820 1348 usus
849 1317 906 1348 est
926 1309 1084 1360 Josephi
1117 1310 1318 1360 interpres
1339 1309 1538 1347 scribeba-

65 1371 134 1404 tur
162 1366 311 1418 Νεχίας
337 1367 403 1405 vel
438 1367 631 1418 Νεχείαςς
670 1368 709 1404 in
740 1367 826 1405 aliis
858 1366 1148 1418 exemplaribus
1187 1366 1332 1416 legitur
1374 1361 1536 1417 Νεχώθ.

64 1422 132 1460 Sic
147 1421 189 1463 in
209 1422 311 1467 serie
333 1422 671 1475 Aegythegum
694 1429 912 1462 occurrunt
934 1423 1010 1461 alia
1036 1423 1218 1472 nomina,
1248 1436 1349 1473 quae
1368 1422 1536 1474 propius

64 1481 122 1532 τῷ
142 1475 292 1533 Νᾶχωρ
314 1493 384 1519 seu
403 1477 590 1532 Νεχαοὶθ,
623 1493 741 1532 quam
760 1480 906 1518 nomini
934 1477 1105 1531 Ναραχώ
1130 1493 1198 1518 scu
1220 1475 1385 1530 Ναρεχώ
1418 1492 1536 1516 acce-

65 1535 180 1574 dunt.
243 1534 394 1589 Φαραώ
419 1533 561 1588 Νεχαώ
585 1536 627 1574 in
647 1538 685 1574 S.
705 1537 846 1587 Script.
876 1536 994 1588 Apud
1018 1535 1294 1574 Manethonem
1328 1534 1397 1587 (in
1429 1537 1537 1586 Syn-

67 1592 170 1630 cello
197 1605 238 1644 p.
259 1592 327 1642 75,
361 1597 476 1636 26ae.
518 1599 555 1630 et
585 1593 742 1631 Eusebii
783 1590 1004 1646 Chronico)
1048 1593 1260 1643 Dynastiae
1294 1595 1379 1632 2ae.
1409 1592 1535 1642 Reges

66 1648 149 1686 duo
175 1654 417 1698 occurrunt,
447 1649 640 1687 nominati
660 1646 812 1699 Νεχαώ.
870 1650 913 1687 111
945 1648 1044 1688 serie
1067 1650 1217 1699 Regum
1238 1649 1407 1700 Aegypt.
1427 1649 1536 1700 apud

66 1705 296 1756 syncellum
327 1718 367 1756 p.
405 1709 500 1748 210.
529 1706 654 1755 Reges
685 1705 803 1743 iidem
825 1705 1014 1744 dicuntur
1037 1702 1211 1757 Νεχαάβ.
1269 1704 1388 1757 Apud
1405 1705 1537 1743 Mane-

66 1760 226 1800 thonem
245 1761 360 1814 juxta
379 1762 602 1801 Editionem
625 1762 800 1800 Afiicani
832 1759 901 1827 (111
922 1765 1038 1813 Sync.
1069 1776 1109 1814 p.
1142 1765 1211 1805 56.
1225 1760 1240 1814 )
1272 1762 1420 1812 plinius
1450 1763 1536 1800 Rex

65 1817 284 1869 Dynastiae
301 1819 442 1858 tertiae
472 1826 728 1870 nuncupatui
754 1815 1008 1870 Νεχερόφης,
1035 1818 1147 1871 juxta
1172 1818 1393 1856 Editionem
1413 1819 1535 1857 Euse-

63 1874 120 1914 bii
142 1875 264 1924 (ibid.
283 1889 324 1927 p.
345 1875 411 1918 57.
424 1874 702 1928 )Ναχέρωχις.
760 1876 804 1913 111
829 1875 1029 1925 praedicta
1051 1875 1159 1914 Serie
1180 1876 1264 1913 Rex
1288 1876 1375 1917 5us.
1397 1877 1533 1927 appel-

63 1931 171 1971 latur
197 1929 423 1981 Νακεψωξ,
452 1935 538 1974 Sus.
563 1929 757 1982 Νεκεψός.
817 1932 1004 1970 Paulinus

291 1986 442 2042 Quique
462 2003 600 2040 magos
619 1987 753 2028 [locuit
772 1989 952 2041 mysteria
975 2003 1075 2026 vana
1090 1987 1296 2052 Necepsus.

179 2043 280 2098 Pag.
308 2048 380 2087 28
404 2045 442 2088 5.
473 2042 525 2095 ῆι
553 2042 736 2085 ἐκάλεσεν
765 2043 937 2085 λόπολιν.
981 2044 1126 2083 Clu-‚on
1160 2040 1346 2084 Ιωπολιν.
1378 2046 1425 2083 G.
1454 2043 1532 2082 Ila-

66 2101 260 2141 martolus
280 2101 362 2170 MS.
395 2101 462 2152 qui
492 2101 613 2139 lineas
643 2105 681 2144 7.
704 2101 984 2172 praecedentes
1016 2102 1066 2140 ad
1087 2100 1253 2139 verbum
1275 2099 1412 2139 habet.
1443 2101 1486 2141 ἐν
1505 2117 1530 2155 η

67 2154 184 2199 πόλιν
207 2155 304 2206 εἰς”
281 2173 411 2210 ονομα
427 2174 497 2198 του
522 2156 640 2225 ‘'nl-lov
659 2159 819 2207 κτίσας,
847 2156 1027 2199 ἐκάλεσεν
1049 2154 1311 2199 Ηλιούπολιν

184 2217 280 2268 Pag.
311 2218 379 2259 28.
409 2217 449 2257 8.
479 2228 632 2267 μακερα
653 2211 955 2269 λαμπαδηφόρε
995 2213 1087 2254 Chr.
1119 2211 1295 2267 μάκαιρα
1324 2209 1531 2265 λαμπαδή-

66 2286 122 2323 φο
150 2286 206 2320 θς·

124 2287 146 2326 ρ
179 2325 275 2379 Pag.
304 2328 372 2369 29.
406 2329 470 2369 16.
508 2327 689 2367 Σίλπιον.
721 2326 865 2368 Chron.
896 2324 1090 2378 Σήλπιον.
1112 2327 1168 2364 sic
1188 2325 1365 2366 insexius.

180 2382 281 2435 Peg.
309 2385 378 2426 29
412 2387 476 2426 17
507 2379 1082 2424 Ιόπολιν.(]111·011.11όπολιν.

181 2437 282 2491 Peg.
312 2442 380 2482 30.
411 2444 451 2483 2.
485 2436 655 2492 Κρόνου.
689 2439 837 2480 Chron.
870 2441 1114 2491 Κρονίωνος.

182 2496 283 2547 Peg.
315 2499 381 2538 30.
412 2496 450 2538 5
482 2497 719 2538 Ποσειδῶιι.
749 2497 925 2536 Hamart.
955 2497 1035 2535 MS.
1067 2492 1231 2550 Σιδόνῃ.

183 2549 282 2603 Pag-
311 2555 376 2594 30.
407 2556 447 2596 6
477 2555 510 2592 Β
511 2556 618 2605 ῆ.λος
649 2553 748 2592 Han:
753 2560 824 2593 art.
856 2554 935 2593 MS.
966 2548 1063 2604 Βηλ.

180 2567 290 2648 Ibiti'
346 2569 568 2659 Εννάλιος,
595 2609 644 2648 ab
664 2609 894 2649 Hamartolo
914 2608 1126 2648 omittitur.

181 2665 288 2715 Pag·
319 2667 384 2706 30.
414 2669 454 2707 7.
484 2668 555 2717 τῆς
575 2668 678 2715 Ιοῦς.
710 2665 854 2706 Chron.
877 2669 949 2717 τῆς
973 2667 1038 2705 Ιῶ.

181 2719 280 2772 I'ag·
310 2722 376 2762 30.
409 2724 472 2763 10.
504 2722 618 2762 Σίδα.
647 2723 822 2762 Hamart.
843 2723 920 2761 MS.
951 2722 1092 2762 Σίδαν.

183 2775 283 2829 Pag.
316 2780 380 2819 30.
415 2782 476 2819 11.
507 2775 593 2819 δύο.
624 2779 673 2818 de
691 2779 874 2831 Aegypto
894 2784 1047 2817 tantum
1068 2775 1246 2815 meminit
1266 2775 1528 2815 Hamartolus.
