<?xml version="1.0" encoding="UTF-8"?>
<!DOCTYPE html PUBLIC "-//W3C//DTD XHTML 1.0 Transitional//EN"
    "http://www.w3.org/TR/xhtml1/DTD/xhtml1-transitional.dtd">
<html xmlns="http://www.w3.org/1999/xhtml" xml:lang="en" lang="en">
 <head>
  <title>
</title>
<meta http-equiv="Content-Type" content="text/html;charset=utf-8" />
  <meta name='ocr-system' content='tesseract 3.04.00' />
  <meta name='ocr-capabilities' content='ocr_page ocr_carea ocr_par ocr_line ocrx_word'/>
</head>
<body>
  <div class='ocr_page' id='page_1' title='image "./corpusscriptorum28niebuoft_0569.png"; bbox 0 0 1838 3230; ppageno 0'>
   <div class='ocr_carea' id='block_1_1' title="bbox 403 157 1592 215">
    <p class='ocr_par' dir='ltr' id='par_1_1' title="bbox 403 157 1592 215">
     <span class='ocr_line' id='line_1_1' title="bbox 403 157 1592 215; baseline 0.002 -11"><span class='ocrx_word' id='word_1_1' title='bbox 403 157 1031 204; x_wconf 86' lang='lat' dir='ltr'><strong>CHRONOGRAPHIA.</strong></span> <span class='ocrx_word' id='word_1_2' title='bbox 1090 159 1138 202; x_wconf 93' lang='lat' dir='ltr'><strong>L.</strong></span> <span class='ocrx_word' id='word_1_3' title='bbox 1169 159 1323 206; x_wconf 89' lang='lat' dir='ltr'><strong>XVIII.</strong></span> <span class='ocrx_word' id='word_1_4' title='bbox 1492 166 1592 215; x_wconf 83' lang='lat'><strong>487</strong></span> 
     </span>
    </p>
   </div>
   <div class='ocr_carea' id='block_1_2' title="bbox 49 276 1734 1915">
    <p class='ocr_par' dir='ltr' id='par_1_2' title="bbox 125 276 1592 544">
     <span class='ocr_line' id='line_1_2' title="bbox 127 276 1592 339; baseline 0.002 -17"><span class='ocrx_word' id='word_1_5' title='bbox 127 295 176 324; x_wconf 82' lang='grc' dir='ltr'><strong>το</strong></span> <span class='ocrx_word' id='word_1_6' title='bbox 210 277 376 334; x_wconf 73' lang='grc' dir='ltr'><em>σεισμὸς</em></span> <span class='ocrx_word' id='word_1_7' title='bbox 408 276 610 336; x_wconf 84' lang='grc' dir='ltr'><em>φοβερός,</em></span> <span class='ocrx_word' id='word_1_8' title='bbox 639 277 754 323; x_wconf 77' lang='grc' dir='ltr'><em>’ὥστε</em></span> <span class='ocrx_word' id='word_1_9' title='bbox 784 284 936 323; x_wconf 81' lang='grc' dir='ltr'><em>παθεῖν</em></span> <span class='ocrx_word' id='word_1_10' title='bbox 965 279 1102 331; x_wconf 81' lang='grc' dir='ltr'><em>οἷ’κους</em></span> <span class='ocrx_word' id='word_1_11' title='bbox 1135 280 1313 331; x_wconf 78' lang='grc' dir='ltr'><em>πολλοὺς</em></span> <span class='ocrx_word' id='word_1_12' title='bbox 1342 282 1410 323; x_wconf 79' lang='grc' dir='ltr'><strong>καὶ</strong></span> <span class='ocrx_word' id='word_1_13' title='bbox 1437 283 1592 339; x_wconf 80' lang='grc' dir='ltr'><em>λουτρὰ</em></span> 
     </span>
     <span class='ocr_line' id='line_1_3' title="bbox 127 347 1591 409; baseline 0.001 -18"><span class='ocrx_word' id='word_1_14' title='bbox 127 348 196 391; x_wconf 78' lang='grc' dir='ltr'><strong>καὶ</strong></span> <span class='ocrx_word' id='word_1_15' title='bbox 222 347 439 404; x_wconf 79' lang='grc' dir='ltr'><strong><em>ἐκκλησίας</em></strong></span> <span class='ocrx_word' id='word_1_16' title='bbox 469 350 537 391; x_wconf 78' lang='grc' dir='ltr'><strong>καὶ</strong></span> <span class='ocrx_word' id='word_1_17' title='bbox 567 347 670 404; x_wconf 74' lang='grc' dir='ltr'><em>μέρη</em></span> <span class='ocrx_word' id='word_1_18' title='bbox 698 352 782 391; x_wconf 84' lang='grc' dir='ltr'><strong>τῶν</strong></span> <span class='ocrx_word' id='word_1_19' title='bbox 814 348 976 404; x_wconf 78' lang='grc' dir='ltr'><em>τειχέων</em></span> <span class='ocrx_word' id='word_1_20' title='bbox 1005 353 1155 393; x_wconf 83' lang='grc' dir='ltr'><em>παθεῖν</em></span> <span class='ocrx_word' id='word_1_21' title='bbox 1181 350 1223 392; x_wconf 74' lang='grc' dir='ltr'><strong>ἔν</strong></span> <span class='ocrx_word' id='word_1_22' title='bbox 1252 351 1476 409; x_wconf 79' lang='grc' dir='ltr'><em>Βυζαντίῳ.</em></span> <span class='ocrx_word' id='word_1_23' title='bbox 1549 352 1591 393; x_wconf 76' lang='grc' dir='ltr'><strong>ἓν</strong></span> 
     </span>
     <span class='ocr_line' id='line_1_4' title="bbox 127 413 1591 476; baseline 0.001 -15"><span class='ocrx_word' id='word_1_24' title='bbox 127 415 242 474; x_wconf 75' lang='grc' dir='ltr'><em>αὗτῷ</em></span> <span class='ocrx_word' id='word_1_25' title='bbox 260 417 306 460; x_wconf 76' lang='grc' dir='ltr'><strong>δὲ</strong></span> <span class='ocrx_word' id='word_1_26' title='bbox 319 420 380 476; x_wconf 74' lang='grc' dir='ltr'><strong>τῷ</strong></span> <span class='ocrx_word' id='word_1_27' title='bbox 399 413 519 476; x_wconf 79' lang='grc' dir='ltr'><em>φόβῳ</em></span> <span class='ocrx_word' id='word_1_28' title='bbox 542 414 720 472; x_wconf 67' lang='grc' dir='ltr'><em>ἴπεσενῆ</em></span> <span class='ocrx_word' id='word_1_29' title='bbox 746 415 898 474; x_wconf 79' lang='grc' dir='ltr'><em>λόγχη,</em></span> <span class='ocrx_word' id='word_1_30' title='bbox 936 416 986 473; x_wconf 78' lang='grc' dir='ltr'><strong>ἣν</strong></span> <span class='ocrx_word' id='word_1_31' title='bbox 1017 415 1171 475; x_wconf 75' lang='grc' dir='ltr'><em>ε’κράτει</em></span> <span class='ocrx_word' id='word_1_32' title='bbox 1203 418 1251 462; x_wconf 80' lang='grc' dir='ltr'><strong>τὸ</strong></span> <span class='ocrx_word' id='word_1_33' title='bbox 1287 417 1450 474; x_wconf 73' lang='grc' dir='ltr'><em>ἄγαλμα</em></span> <span class='ocrx_word' id='word_1_34' title='bbox 1479 419 1526 462; x_wconf 82' lang='grc' dir='ltr'><strong>τὸ</strong></span> <span class='ocrx_word' id='word_1_35' title='bbox 1547 420 1591 463; x_wconf 72' lang='grc' dir='ltr'><strong>ἓν</strong></span> 
     </span>
     <span class='ocr_line' id='line_1_5' title="bbox 125 482 1590 544; baseline 0.001 -16"><span class='ocrx_word' id='word_1_36' title='bbox 125 488 187 543; x_wconf 81' lang='grc' dir='ltr'><strong>τῷ</strong></span> <span class='ocrx_word' id='word_1_37' title='bbox 217 482 336 544; x_wconf 79' lang='grc' dir='ltr'><em>φόρῳ</em></span> <span class='ocrx_word' id='word_1_38' title='bbox 374 486 717 540; x_wconf 84' lang='grc' dir='ltr'><em>Κωνσταντίνου,</em></span> <span class='ocrx_word' id='word_1_39' title='bbox 763 488 830 529; x_wconf 76' lang='grc' dir='ltr'><strong>καὶ</strong></span> <span class='ocrx_word' id='word_1_40' title='bbox 865 484 1073 544; x_wconf 83' lang='grc' dir='ltr'><em>κατεπάρη</em></span> <span class='ocrx_word' id='word_1_41' title='bbox 1103 488 1146 528; x_wconf 75' lang='grc' dir='ltr'><strong>ἓν</strong></span> <span class='ocrx_word' id='word_1_42' title='bbox 1180 491 1232 544; x_wconf 83' lang='grc' dir='ltr'><strong>τῇ</strong></span> <span class='ocrx_word' id='word_1_43' title='bbox 1265 491 1317 544; x_wconf 75' lang='grc' dir='ltr'><strong>γῇ</strong></span> <span class='ocrx_word' id='word_1_44' title='bbox 1353 488 1418 530; x_wconf 72' lang='grc' dir='ltr'><strong>ἐπὶ</strong></span> <span class='ocrx_word' id='word_1_45' title='bbox 1452 486 1590 543; x_wconf 80' lang='grc' dir='ltr'><em>πήχεις</em></span> 
     </span>
    </p>

    <p class='ocr_par' dir='ltr' id='par_1_3' title="bbox 90 552 1640 884">
     <span class='ocr_line' id='line_1_6' title="bbox 90 552 1640 612; baseline 0.001 -14"><span class='ocrx_word' id='word_1_46' title='bbox 90 559 244 610; x_wconf 67' lang='grc' dir='ltr'><em>ὄτριῖς.</em></span> <span class='ocrx_word' id='word_1_47' title='bbox 315 554 361 596; x_wconf 75' lang='grc' dir='ltr'><strong>ἐν</strong></span> <span class='ocrx_word' id='word_1_48' title='bbox 377 554 423 596; x_wconf 78' lang='grc' dir='ltr'><strong>δὲ</strong></span> <span class='ocrx_word' id='word_1_49' title='bbox 456 561 542 603; x_wconf 79' lang='grc' dir='ltr'><em>τοῖς</em></span> <span class='ocrx_word' id='word_1_50' title='bbox 562 552 839 609; x_wconf 79' lang='grc' dir='ltr'><em>συμπτώμασι</em></span> <span class='ocrx_word' id='word_1_51' title='bbox 873 557 1016 598; x_wconf 80' lang='grc' dir='ltr'><em>πολλοὶ</em></span> <span class='ocrx_word' id='word_1_52' title='bbox 1039 553 1374 612; x_wconf 76' lang='grc' dir='ltr'><em>συνελῆφθησαν.</em></span> <span class='ocrx_word' id='word_1_53' title='bbox 1446 557 1488 600; x_wconf 75' lang='grc' dir='ltr'><strong>ἓν</strong></span> <span class='ocrx_word' id='word_1_54' title='bbox 1509 557 1585 599; x_wconf 77' lang='grc' dir='ltr'><strong>αὖ·</strong></span> <span class='ocrx_word' id='word_1_55' title='bbox 1607 557 1640 591; x_wconf 77' lang='lat' dir='ltr'><strong>l)</strong></span> 
     </span>
     <span class='ocr_line' id='line_1_7' title="bbox 121 620 1590 681; baseline 0.003 -17"><span class='ocrx_word' id='word_1_56' title='bbox 121 625 182 680; x_wconf 76' lang='grc' dir='ltr'><strong>τῷ</strong></span> <span class='ocrx_word' id='word_1_57' title='bbox 207 622 254 665; x_wconf 76' lang='grc' dir='ltr'><strong>δὲ</strong></span> <span class='ocrx_word' id='word_1_58' title='bbox 269 626 329 681; x_wconf 78' lang='grc' dir='ltr'><em>’τῷ</em></span> <span class='ocrx_word' id='word_1_59' title='bbox 349 620 469 681; x_wconf 78' lang='grc' dir='ltr'><em>φόβῳ</em></span> <span class='ocrx_word' id='word_1_60' title='bbox 492 624 560 665; x_wconf 81' lang='grc' dir='ltr'><strong>καὶ</strong></span> <span class='ocrx_word' id='word_1_61' title='bbox 582 622 702 665; x_wconf 71' lang='grc' dir='ltr'><em>ἄλλαι</em></span> <span class='ocrx_word' id='word_1_62' title='bbox 720 622 857 674; x_wconf 87' lang='grc' dir='ltr'><em>πόλεις</em></span> <span class='ocrx_word' id='word_1_63' title='bbox 876 622 1051 677; x_wconf 66' lang='grc' dir='ltr'><em>ἔπαθον,</em></span> <span class='ocrx_word' id='word_1_64' title='bbox 1075 625 1117 666; x_wconf 75' lang='grc' dir='ltr'><strong>ἐν</strong></span> <span class='ocrx_word' id='word_1_65' title='bbox 1141 622 1202 674; x_wconf 80' lang='grc' dir='ltr'><em>οἷς</em></span> <span class='ocrx_word' id='word_1_66' title='bbox 1224 627 1290 668; x_wconf 81' lang='grc' dir='ltr'><strong>καὶ</strong></span> <span class='ocrx_word' id='word_1_67' title='bbox 1313 626 1590 680; x_wconf 77' lang='grc' dir='ltr'><em>Νικομηδείας</em></span> 
     </span>
     <span class='ocr_line' id='line_1_8' title="bbox 119 690 1590 749; baseline 0.002 -17"><span class='ocrx_word' id='word_1_68' title='bbox 119 690 246 747; x_wconf 75' lang='grc' dir='ltr'><em>μέρος</em></span> <span class='ocrx_word' id='word_1_69' title='bbox 273 697 526 735; x_wconf 75' lang='grc' dir='ltr'><em>καταπεσεῖν.</em></span> <span class='ocrx_word' id='word_1_70' title='bbox 597 692 640 733; x_wconf 78' lang='grc' dir='ltr'><em>ἔκ</em></span> <span class='ocrx_word' id='word_1_71' title='bbox 669 692 714 734; x_wconf 80' lang='grc' dir='ltr'><strong>δὲ</strong></span> <span class='ocrx_word' id='word_1_72' title='bbox 743 697 826 735; x_wconf 81' lang='grc' dir='ltr'><strong>τῶν</strong></span> <span class='ocrx_word' id='word_1_73' title='bbox 855 690 1172 747; x_wconf 81' lang='grc' dir='ltr'><em>συμπτωμάτων</em></span> <span class='ocrx_word' id='word_1_74' title='bbox 1202 695 1480 749; x_wconf 80' lang='grc' dir='ltr'><em>Νικομηδειάς</em></span> <span class='ocrx_word' id='word_1_75' title='bbox 1521 696 1590 737; x_wconf 80' lang='grc' dir='ltr'><strong>καὶ</strong></span> 
     </span>
     <span class='ocr_line' id='line_1_9' title="bbox 117 756 1587 820; baseline 0.003 -19"><span class='ocrx_word' id='word_1_76' title='bbox 117 758 216 812; x_wconf 81' lang='grc' dir='ltr'><em>μεθ’</em></span> <span class='ocrx_word' id='word_1_77' title='bbox 250 756 406 815; x_wconf 73' lang='grc' dir='ltr'><em>ἡμέρας</em></span> <span class='ocrx_word' id='word_1_78' title='bbox 437 760 542 809; x_wconf 71' lang='grc' dir='ltr'><em>τινες</em></span> <span class='ocrx_word' id='word_1_79' title='bbox 569 761 714 812; x_wconf 84' lang='grc' dir='ltr'><em>ζῶντες</em></span> <span class='ocrx_word' id='word_1_80' title='bbox 743 761 1043 818; x_wconf 72' lang='grc' dir='ltr'><em>ἀνηνέχθησαν.</em></span> <span class='ocrx_word' id='word_1_81' title='bbox 1115 760 1362 820; x_wconf 74' lang='grc' dir='ltr'><em>ἐπεκράτησε</em></span> <span class='ocrx_word' id='word_1_82' title='bbox 1393 763 1439 806; x_wconf 80' lang='grc' dir='ltr'><strong>δὲ</strong></span> <span class='ocrx_word' id='word_1_83' title='bbox 1467 759 1587 806; x_wconf 75' lang='grc' dir='ltr'><strong>δαῦ-</strong></span> 
     </span>
     <span class='ocr_line' id='line_1_10' title="bbox 116 826 622 884; baseline 0.006 -15"><span class='ocrx_word' id='word_1_84' title='bbox 116 826 192 877; x_wconf 80' lang='grc' dir='ltr'><em>τός</em></span> <span class='ocrx_word' id='word_1_85' title='bbox 211 827 378 883; x_wconf 84' lang='grc' dir='ltr'><em>σεισμὸς</em></span> <span class='ocrx_word' id='word_1_86' title='bbox 390 826 546 884; x_wconf 76' lang='grc' dir='ltr'><em>ἡμέρας</em></span> <span class='ocrx_word' id='word_1_87' title='bbox 564 828 622 883; x_wconf 82' lang='grc' dir='ltr'><strong>μ’.</strong></span> 
     </span>
    </p>

    <p class='ocr_par' dir='ltr' id='par_1_4' title="bbox 63 896 1734 1230">
     <span class='ocr_line' id='line_1_11' title="bbox 63 896 1586 956; baseline 0.001 -16"><span class='ocrx_word' id='word_1_88' title='bbox 63 905 121 940; x_wconf 77' lang='grc'><strong>10</strong></span> <span class='ocrx_word' id='word_1_89' title='bbox 219 898 342 951; x_wconf 80' lang='grc' dir='ltr'><em>Μηνὶ</em></span> <span class='ocrx_word' id='word_1_90' title='bbox 379 899 519 956; x_wconf 78' lang='grc' dir='ltr'><em>ἰουλίῳ</em></span> <span class='ocrx_word' id='word_1_91' title='bbox 559 899 807 948; x_wconf 76' lang='grc' dir='ltr'><em>ἰνδικτιῶνος</em></span> <span class='ocrx_word' id='word_1_92' title='bbox 840 896 878 941; x_wconf 82' lang='grc' dir='ltr'><strong>δ’</strong></span> <span class='ocrx_word' id='word_1_93' title='bbox 923 896 1220 949; x_wconf 84' lang='grc' dir='ltr'><em>στασιάσαντες</em></span> <span class='ocrx_word' id='word_1_94' title='bbox 1257 899 1295 941; x_wconf 80' lang='grc' dir='ltr'><strong>οἳ</strong></span> <span class='ocrx_word' id='word_1_95' title='bbox 1331 903 1586 956; x_wconf 76' lang='grc' dir='ltr'><em>Σαμαρεῖται</em></span> 
     </span>
     <span class='ocr_line' id='line_1_12' title="bbox 115 964 1586 1027; baseline 0.002 -20"><span class='ocrx_word' id='word_1_96' title='bbox 115 965 182 1007; x_wconf 72' lang='grc' dir='ltr'><strong>καὶ</strong></span> <span class='ocrx_word' id='word_1_97' title='bbox 204 964 244 1008; x_wconf 81' lang='grc' dir='ltr'><strong>οἱ</strong></span> <span class='ocrx_word' id='word_1_98' title='bbox 258 964 449 1008; x_wconf 78' lang='grc' dir='ltr'><em>Ἰουδαῖοι</em></span> <span class='ocrx_word' id='word_1_99' title='bbox 471 966 513 1008; x_wconf 77' lang='grc' dir='ltr'><strong>ἓν</strong></span> <span class='ocrx_word' id='word_1_100' title='bbox 530 968 760 1027; x_wconf 68' lang='grc' dir='ltr'><em>Καισαρείᾳ</em></span> <span class='ocrx_word' id='word_1_101' title='bbox 778 969 1084 1023; x_wconf 81' lang='grc' dir='ltr'><strong>Παλαιστίνης,</strong></span> <span class='ocrx_word' id='word_1_102' title='bbox 1121 965 1363 1021; x_wconf 79' lang='grc' dir='ltr'><em>ποιήσαντες</em></span> <span class='ocrx_word' id='word_1_103' title='bbox 1381 967 1428 1010; x_wconf 81' lang='grc' dir='ltr'><strong>τὸ</strong></span> <span class='ocrx_word' id='word_1_104' title='bbox 1456 966 1500 1010; x_wconf 66' lang='grc' dir='ltr'><strong>ἓν</strong></span> <span class='ocrx_word' id='word_1_105' title='bbox 1529 971 1586 1018; x_wconf 79' lang='grc' dir='ltr'><strong>εἷς</strong></span> 
     </span>
     <span class='ocr_line' id='line_1_13' title="bbox 115 1031 1734 1092; baseline 0.002 -17"><span class='ocrx_word' id='word_1_106' title='bbox 115 1031 319 1088; x_wconf 77' lang='grc' dir='ltr'><strong><em>ἀλλήλους</em></strong></span> <span class='ocrx_word' id='word_1_107' title='bbox 357 1031 414 1084; x_wconf 82' lang='grc' dir='ltr'><em>ὧς</em></span> <span class='ocrx_word' id='word_1_108' title='bbox 451 1035 494 1078; x_wconf 76' lang='grc' dir='ltr'><strong>ἓν</strong></span> <span class='ocrx_word' id='word_1_109' title='bbox 531 1033 640 1085; x_wconf 80' lang='grc' dir='ltr'><em>τάξει</em></span> <span class='ocrx_word' id='word_1_110' title='bbox 677 1040 854 1092; x_wconf 75' lang='grc' dir='ltr'><em>μερικῶν</em></span> <span class='ocrx_word' id='word_1_111' title='bbox 891 1037 1075 1091; x_wconf 76' lang='grc' dir='ltr'><em>ἐπῆλθον</em></span> <span class='ocrx_word' id='word_1_112' title='bbox 1113 1042 1199 1086; x_wconf 82' lang='grc' dir='ltr'><em>τοῖς</em></span> <span class='ocrx_word' id='word_1_113' title='bbox 1223 1043 1476 1091; x_wconf 86' lang='grc' dir='ltr'><em>χριστιανοῖς</em></span> <span class='ocrx_word' id='word_1_114' title='bbox 1509 1041 1584 1092; x_wconf 78' lang='grc' dir='ltr'><strong>τῆς</strong></span> <span class='ocrx_word' id='word_1_115' title='bbox 1608 1037 1641 1073; x_wconf 91' lang='lat' dir='ltr'>O</span> <span class='ocrx_word' id='word_1_116' title='bbox 1665 1038 1734 1074; x_wconf 72' lang='lat'><strong>232</strong></span> 
     </span>
     <span class='ocr_line' id='line_1_14' title="bbox 115 1100 1581 1162; baseline 0.002 -18"><span class='ocrx_word' id='word_1_117' title='bbox 115 1101 243 1157; x_wconf 79' lang='grc' dir='ltr'><em>αὐτῆς</em></span> <span class='ocrx_word' id='word_1_118' title='bbox 263 1100 418 1153; x_wconf 88' lang='grc' dir='ltr'><em>πόλεως</em></span> <span class='ocrx_word' id='word_1_119' title='bbox 439 1105 508 1146; x_wconf 81' lang='grc' dir='ltr'><strong>καὶ</strong></span> <span class='ocrx_word' id='word_1_120' title='bbox 535 1104 713 1154; x_wconf 71' lang='grc' dir='ltr'><em>πολλοὺς</em></span> <span class='ocrx_word' id='word_1_121' title='bbox 735 1105 996 1161; x_wconf 75' lang='grc' dir='ltr'><strong>κατέσφαξαν</strong></span> <span class='ocrx_word' id='word_1_122' title='bbox 1017 1109 1101 1148; x_wconf 82' lang='grc' dir='ltr'><strong>τῶν</strong></span> <span class='ocrx_word' id='word_1_123' title='bbox 1128 1109 1384 1162; x_wconf 82' lang='grc' dir='ltr'><em>χριστιανῶν.</em></span> <span class='ocrx_word' id='word_1_124' title='bbox 1456 1105 1581 1160; x_wconf 75' lang='grc' dir='ltr'><em>ἐπῆλ-</em></span> 
     </span>
     <span class='ocr_line' id='line_1_15' title="bbox 113 1169 1582 1230; baseline 0.002 -17"><span class='ocrx_word' id='word_1_125' title='bbox 113 1173 198 1213; x_wconf 88' lang='grc' dir='ltr'><strong>θον</strong></span> <span class='ocrx_word' id='word_1_126' title='bbox 228 1172 274 1214; x_wconf 73' lang='grc' dir='ltr'><strong>δὲ</strong></span> <span class='ocrx_word' id='word_1_127' title='bbox 300 1173 368 1214; x_wconf 77' lang='grc' dir='ltr'><strong>καὶ</strong></span> <span class='ocrx_word' id='word_1_128' title='bbox 397 1169 637 1229; x_wconf 72' lang='grc' dir='ltr'><em>ἐπόρθησαν</em></span> <span class='ocrx_word' id='word_1_129' title='bbox 663 1173 739 1223; x_wconf 79' lang='grc' dir='ltr'><strong>τὰς</strong></span> <span class='ocrx_word' id='word_1_130' title='bbox 769 1174 994 1228; x_wconf 77' lang='grc' dir='ltr'><em>ἐκκλησίας.</em></span> <span class='ocrx_word' id='word_1_131' title='bbox 1071 1175 1140 1216; x_wconf 79' lang='grc' dir='ltr'><strong>καὶ</strong></span> <span class='ocrx_word' id='word_1_132' title='bbox 1172 1177 1247 1216; x_wconf 82' lang='grc' dir='ltr'><strong>τοῦ</strong></span> <span class='ocrx_word' id='word_1_133' title='bbox 1282 1172 1482 1230; x_wconf 70' lang='grc' dir='ltr'><em>ἄρχοντος</em></span> <span class='ocrx_word' id='word_1_134' title='bbox 1507 1178 1582 1229; x_wconf 79' lang='grc' dir='ltr'><strong>τῆς</strong></span> 
     </span>
    </p>

    <p class='ocr_par' dir='ltr' id='par_1_5' title="bbox 58 1237 1630 1575">
     <span class='ocr_line' id='line_1_16' title="bbox 58 1237 1580 1298; baseline 0.002 -16"><span class='ocrx_word' id='word_1_135' title='bbox 58 1247 102 1282; x_wconf 86' lang='grc'><strong>15</strong></span> <span class='ocrx_word' id='word_1_136' title='bbox 114 1238 242 1295; x_wconf 74' lang='grc' dir='ltr'><em>αὐτῆς</em></span> <span class='ocrx_word' id='word_1_137' title='bbox 259 1237 415 1290; x_wconf 86' lang='grc' dir='ltr'><em>πόλεως</em></span> <span class='ocrx_word' id='word_1_138' title='bbox 434 1239 673 1291; x_wconf 73' lang='grc' dir='ltr'><em>ἐξελθόντος</em></span> <span class='ocrx_word' id='word_1_139' title='bbox 691 1241 795 1298; x_wconf 81' lang='grc' dir='ltr'><em>πρὸς</em></span> <span class='ocrx_word' id='word_1_140' title='bbox 813 1239 1015 1297; x_wconf 83' lang='grc' dir='ltr'><em>βοήθειαν</em></span> <span class='ocrx_word' id='word_1_141' title='bbox 1053 1246 1138 1285; x_wconf 82' lang='grc' dir='ltr'><strong>τῶν</strong></span> <span class='ocrx_word' id='word_1_142' title='bbox 1165 1246 1414 1298; x_wconf 80' lang='grc' dir='ltr'><em>χριστιανιῦν</em></span> <span class='ocrx_word' id='word_1_143' title='bbox 1453 1243 1580 1297; x_wconf 74' lang='grc' dir='ltr'><em>ἐπῆλ-</em></span> 
     </span>
     <span class='ocr_line' id='line_1_17' title="bbox 111 1308 1630 1370; baseline 0.003 -20"><span class='ocrx_word' id='word_1_144' title='bbox 111 1312 195 1351; x_wconf 85' lang='grc' dir='ltr'><strong>θον</strong></span> <span class='ocrx_word' id='word_1_145' title='bbox 222 1308 262 1351; x_wconf 79' lang='grc' dir='ltr'><strong>οἶ</strong></span> <span class='ocrx_word' id='word_1_146' title='bbox 287 1308 404 1351; x_wconf 76' lang='grc' dir='ltr'><em>αὐτοὶ</em></span> <span class='ocrx_word' id='word_1_147' title='bbox 433 1313 711 1366; x_wconf 77' lang='grc' dir='ltr'><em>Σαμαρεῖται,</em></span> <span class='ocrx_word' id='word_1_148' title='bbox 748 1310 931 1353; x_wconf 78' lang='grc' dir='ltr'><em>κάκεῖνον</em></span> <span class='ocrx_word' id='word_1_149' title='bbox 954 1310 1215 1367; x_wconf 75' lang='grc' dir='ltr'><em>κατέσφαξαν</em></span> <span class='ocrx_word' id='word_1_150' title='bbox 1240 1311 1282 1354; x_wconf 77' lang='grc' dir='ltr'><strong>ἓν</strong></span> <span class='ocrx_word' id='word_1_151' title='bbox 1309 1315 1367 1370; x_wconf 75' lang='grc' dir='ltr'><strong>τῷ</strong></span> <span class='ocrx_word' id='word_1_152' title='bbox 1392 1327 1573 1368; x_wconf 85' lang='grc' dir='ltr'><em>πραιτω-</em></span> <span class='ocrx_word' id='word_1_153' title='bbox 1598 1315 1630 1349; x_wconf 82' lang='grc' dir='ltr'>Ε</span> 
     </span>
     <span class='ocr_line' id='line_1_18' title="bbox 109 1375 1579 1436; baseline 0.003 -18"><span class='ocrx_word' id='word_1_154' title='bbox 109 1377 209 1435; x_wconf 80' lang='grc' dir='ltr'><em>ρίῳ,</em></span> <span class='ocrx_word' id='word_1_155' title='bbox 247 1376 384 1420; x_wconf 78' lang='grc' dir='ltr'><em>καὶτὰ</em></span> <span class='ocrx_word' id='word_1_156' title='bbox 404 1375 627 1434; x_wconf 79' lang='grc' dir='ltr'><em>πράγματα</em></span> <span class='ocrx_word' id='word_1_157' title='bbox 656 1378 784 1421; x_wconf 82' lang='grc' dir='ltr'><em>αὐτοῦ</em></span> <span class='ocrx_word' id='word_1_158' title='bbox 814 1377 949 1422; x_wconf 89' lang='grc' dir='ltr'><em>πάντα</em></span> <span class='ocrx_word' id='word_1_159' title='bbox 982 1377 1277 1436; x_wconf 81' lang='grc' dir='ltr'><em>καθήρπασαν.</em></span> <span class='ocrx_word' id='word_1_160' title='bbox 1345 1377 1373 1435; x_wconf 78' lang='grc' dir='ltr'><strong><em>ἦ</em></strong></span> <span class='ocrx_word' id='word_1_161' title='bbox 1410 1380 1454 1422; x_wconf 75' lang='grc' dir='ltr'><strong>δὲ</strong></span> <span class='ocrx_word' id='word_1_162' title='bbox 1479 1380 1579 1436; x_wconf 76' lang='grc' dir='ltr'><em>γυνὴ</em></span> 
     </span>
     <span class='ocr_line' id='line_1_19' title="bbox 106 1444 1579 1504; baseline 0.003 -17"><span class='ocrx_word' id='word_1_163' title='bbox 106 1449 184 1488; x_wconf 81' lang='grc' dir='ltr'><strong>τοῦ</strong></span> <span class='ocrx_word' id='word_1_164' title='bbox 208 1445 338 1488; x_wconf 74' lang='grc' dir='ltr'><em>αὐτοῦ</em></span> <span class='ocrx_word' id='word_1_165' title='bbox 361 1444 559 1502; x_wconf 75' lang='grc' dir='ltr'><em>ἄρχοντος</em></span> <span class='ocrx_word' id='word_1_166' title='bbox 582 1445 824 1504; x_wconf 86' lang='grc' dir='ltr'><em>Στεφάνου,</em></span> <span class='ocrx_word' id='word_1_167' title='bbox 863 1447 1100 1491; x_wconf 78' lang='grc' dir='ltr'><em>ἀνελθοῦσα</em></span> <span class='ocrx_word' id='word_1_168' title='bbox 1119 1449 1161 1491; x_wconf 75' lang='grc' dir='ltr'><strong>ἓν</strong></span> <span class='ocrx_word' id='word_1_169' title='bbox 1181 1446 1579 1491; x_wconf 87' lang='grc' dir='ltr'><em>Κωνσταντινουπό-</em></span> 
     </span>
     <span class='ocr_line' id='line_1_20' title="bbox 105 1514 1577 1575; baseline 0.001 -19"><span class='ocrx_word' id='word_1_170' title='bbox 105 1516 188 1567; x_wconf 83' lang='grc' dir='ltr'><em>λει,</em></span> <span class='ocrx_word' id='word_1_171' title='bbox 225 1518 439 1571; x_wconf 83' lang='grc' dir='ltr'><em>προσῆλθε</em></span> <span class='ocrx_word' id='word_1_172' title='bbox 469 1519 527 1574; x_wconf 80' lang='grc' dir='ltr'><strong>τῷ</strong></span> <span class='ocrx_word' id='word_1_173' title='bbox 559 1515 672 1575; x_wconf 78' lang='grc' dir='ltr'><em>αὐτῷ</em></span> <span class='ocrx_word' id='word_1_174' title='bbox 699 1520 871 1571; x_wconf 79' lang='grc' dir='ltr'><em>βασιλεῖ.</em></span> <span class='ocrx_word' id='word_1_175' title='bbox 941 1519 1009 1559; x_wconf 84' lang='grc' dir='ltr'><strong>καὶ</strong></span> <span class='ocrx_word' id='word_1_176' title='bbox 1038 1514 1219 1566; x_wconf 70' lang='grc' dir='ltr'><em>ἀκούσας</em></span> <span class='ocrx_word' id='word_1_177' title='bbox 1251 1514 1272 1559; x_wconf 80' lang='grc' dir='ltr'>ὅ</span> <span class='ocrx_word' id='word_1_178' title='bbox 1299 1516 1493 1570; x_wconf 73' lang='grc' dir='ltr'><em>βασιλεὺς</em></span> <span class='ocrx_word' id='word_1_179' title='bbox 1524 1517 1577 1559; x_wconf 80' lang='grc' dir='ltr'><strong>τὰ</strong></span> 
     </span>
    </p>

    <p class='ocr_par' dir='ltr' id='par_1_6' title="bbox 49 1581 1691 1915">
     <span class='ocr_line' id='line_1_21' title="bbox 49 1581 1577 1643; baseline 0.001 -18"><span class='ocrx_word' id='word_1_180' title='bbox 49 1581 300 1638; x_wconf 79' lang='grc' dir='ltr'><em>2ογεγονότα</em></span> <span class='ocrx_word' id='word_1_181' title='bbox 332 1581 411 1626; x_wconf 82' lang='grc' dir='ltr'><strong>ὖπὸ</strong></span> <span class='ocrx_word' id='word_1_182' title='bbox 442 1587 526 1626; x_wconf 84' lang='grc' dir='ltr'><strong>τῶν</strong></span> <span class='ocrx_word' id='word_1_183' title='bbox 556 1588 825 1641; x_wconf 76' lang='grc' dir='ltr'><em>Σαμαρειτῶν</em></span> <span class='ocrx_word' id='word_1_184' title='bbox 845 1587 912 1628; x_wconf 80' lang='grc' dir='ltr'><strong>καὶ</strong></span> <span class='ocrx_word' id='word_1_185' title='bbox 939 1587 1169 1640; x_wconf 82' lang='grc' dir='ltr'><em>θυμωθείς,</em></span> <span class='ocrx_word' id='word_1_186' title='bbox 1191 1585 1369 1627; x_wconf 77' lang='grc' dir='ltr'><em>ἐκέλευσε</em></span> <span class='ocrx_word' id='word_1_187' title='bbox 1401 1588 1460 1643; x_wconf 76' lang='grc' dir='ltr'><strong>τῷ</strong></span> <span class='ocrx_word' id='word_1_188' title='bbox 1489 1583 1577 1627; x_wconf 72' lang='grc' dir='ltr'><em>ὄντι</em></span> 
     </span>
     <span class='ocr_line' id='line_1_22' title="bbox 105 1648 1572 1711; baseline 0.001 -18"><span class='ocrx_word' id='word_1_189' title='bbox 105 1648 197 1694; x_wconf 87' lang='grc' dir='ltr'><em>τότε</em></span> <span class='ocrx_word' id='word_1_190' title='bbox 221 1650 385 1707; x_wconf 71' lang='grc' dir='ltr'><em>ἄρχοντι</em></span> <span class='ocrx_word' id='word_1_191' title='bbox 403 1655 478 1706; x_wconf 78' lang='grc' dir='ltr'><strong>τῆς</strong></span> <span class='ocrx_word' id='word_1_192' title='bbox 499 1651 702 1707; x_wconf 79' lang='grc' dir='ltr'><em>ἀνατολῆς</em></span> <span class='ocrx_word' id='word_1_193' title='bbox 724 1654 927 1711; x_wconf 78' lang='grc' dir='ltr'><em>Ἀμαντίῳ</em></span> <span class='ocrx_word' id='word_1_194' title='bbox 959 1654 1173 1707; x_wconf 77' lang='grc' dir='ltr'><em>ἓκζητῆσαι</em></span> <span class='ocrx_word' id='word_1_195' title='bbox 1203 1652 1255 1695; x_wconf 80' lang='grc' dir='ltr'><strong>τὰ</strong></span> <span class='ocrx_word' id='word_1_196' title='bbox 1289 1650 1482 1707; x_wconf 77' lang='grc' dir='ltr'><em>γενόμενα</em></span> <span class='ocrx_word' id='word_1_197' title='bbox 1505 1654 1572 1695; x_wconf 76' lang='grc' dir='ltr'><strong>καὶ</strong></span> 
     </span>
     <span class='ocr_line' id='line_1_23' title="bbox 104 1717 1571 1777; baseline 0.001 -16"><span class='ocrx_word' id='word_1_198' title='bbox 104 1718 178 1761; x_wconf 83' lang='grc' dir='ltr'><em>τὸν</em></span> <span class='ocrx_word' id='word_1_199' title='bbox 201 1717 329 1776; x_wconf 88' lang='grc' dir='ltr'><em>φόνον</em></span> <span class='ocrx_word' id='word_1_200' title='bbox 347 1723 421 1762; x_wconf 81' lang='grc' dir='ltr'><strong>τοῦ</strong></span> <span class='ocrx_word' id='word_1_201' title='bbox 446 1719 574 1762; x_wconf 76' lang='grc' dir='ltr'><em>αὐτοῦ</em></span> <span class='ocrx_word' id='word_1_202' title='bbox 597 1720 824 1777; x_wconf 79' lang='grc' dir='ltr'><em>Στεφάνου.</em></span> <span class='ocrx_word' id='word_1_203' title='bbox 871 1720 983 1771; x_wconf 81' lang='grc' dir='ltr'><em>ὅστις</em></span> <span class='ocrx_word' id='word_1_204' title='bbox 995 1719 1212 1776; x_wconf 85' lang='grc' dir='ltr'><em>Ἀμάντιος</em></span> <span class='ocrx_word' id='word_1_205' title='bbox 1232 1718 1447 1774; x_wconf 78' lang='grc' dir='ltr'><em>δεξάμενος</em></span> <span class='ocrx_word' id='word_1_206' title='bbox 1466 1721 1571 1763; x_wconf 77' lang='grc' dir='ltr'><em>ἀπο-</em></span> 
     </span>
     <span class='ocr_line' id='line_1_24' title="bbox 106 1787 1574 1849; baseline 0.001 -19"><span class='ocrx_word' id='word_1_207' title='bbox 106 1788 255 1844; x_wconf 83' lang='grc' dir='ltr'><em>κρίσεις</em></span> <span class='ocrx_word' id='word_1_208' title='bbox 282 1787 498 1840; x_wconf 82' lang='grc' dir='ltr'><em>βασιλικὰς</em></span> <span class='ocrx_word' id='word_1_209' title='bbox 525 1789 592 1831; x_wconf 83' lang='grc' dir='ltr'><strong>καὶ</strong></span> <span class='ocrx_word' id='word_1_210' title='bbox 624 1788 817 1832; x_wconf 74' lang='grc' dir='ltr'><em>ἀπελθὼν</em></span> <span class='ocrx_word' id='word_1_211' title='bbox 848 1790 890 1832; x_wconf 80' lang='grc' dir='ltr'><strong>ἒν</strong></span> <span class='ocrx_word' id='word_1_212' title='bbox 918 1790 1173 1849; x_wconf 68' lang='grc' dir='ltr'><em>Καισαρείᾳ,</em></span> <span class='ocrx_word' id='word_1_213' title='bbox 1221 1791 1287 1832; x_wconf 80' lang='grc' dir='ltr'><strong>καὶ</strong></span> <span class='ocrx_word' id='word_1_214' title='bbox 1316 1787 1574 1844; x_wconf 78' lang='grc' dir='ltr'><em>ἀναζητήσας</em></span> 
     </span>
     <span class='ocr_line' id='line_1_25' title="bbox 102 1853 1691 1915; baseline 0.001 -16"><span class='ocrx_word' id='word_1_215' title='bbox 102 1856 201 1907; x_wconf 79' lang='grc' dir='ltr'><em>τοὺς</em></span> <span class='ocrx_word' id='word_1_216' title='bbox 219 1853 489 1912; x_wconf 85' lang='grc' dir='ltr'><em>πεποιηκότας</em></span> <span class='ocrx_word' id='word_1_217' title='bbox 519 1857 614 1908; x_wconf 82' lang='grc' dir='ltr'><em>τούς</em></span> <span class='ocrx_word' id='word_1_218' title='bbox 634 1855 786 1914; x_wconf 87' lang='grc' dir='ltr'><em>φόνους</em></span> <span class='ocrx_word' id='word_1_219' title='bbox 816 1859 882 1900; x_wconf 80' lang='grc' dir='ltr'><strong>καὶ</strong></span> <span class='ocrx_word' id='word_1_220' title='bbox 903 1855 1054 1915; x_wconf 69' lang='grc' dir='ltr'><em>εὑρών,</em></span> <span class='ocrx_word' id='word_1_221' title='bbox 1090 1858 1188 1908; x_wconf 78' lang='grc' dir='ltr'><em>τούς</em></span> <span class='ocrx_word' id='word_1_222' title='bbox 1213 1858 1288 1912; x_wconf 72' lang='grc' dir='ltr'><em>μὲν</em></span> <span class='ocrx_word' id='word_1_223' title='bbox 1310 1855 1563 1915; x_wconf 78' lang='grc' dir='ltr'><em>ἔφούρκισεν,</em></span> <span class='ocrx_word' id='word_1_224' title='bbox 1595 1859 1623 1895; x_wconf 90' lang='lat' dir='ltr'>V</span> <span class='ocrx_word' id='word_1_225' title='bbox 1647 1860 1691 1895; x_wconf 84' lang='lat'><strong>81</strong></span> 
     </span>
    </p>
   </div>
   <div class='ocr_carea' id='block_1_3' title="bbox 95 2009 1571 2883">
    <p class='ocr_par' dir='ltr' id='par_1_7' title="bbox 98 2009 1571 2370">
     <span class='ocr_line' id='line_1_26' title="bbox 101 2009 1571 2058; baseline 0.001 -13"><span class='ocrx_word' id='word_1_226' title='bbox 101 2009 262 2046; x_wconf 81' lang='lat' dir='ltr'><strong>aedificia</strong></span> <span class='ocrx_word' id='word_1_227' title='bbox 285 2011 542 2058; x_wconf 84' lang='lat' dir='ltr'><strong>quamplurima,</strong></span> <span class='ocrx_word' id='word_1_228' title='bbox 566 2013 698 2048; x_wconf 82' lang='lat' dir='ltr'><strong>Balnea</strong></span> <span class='ocrx_word' id='word_1_229' title='bbox 720 2013 823 2047; x_wconf 87' lang='lat' dir='ltr'><strong>etiam</strong></span> <span class='ocrx_word' id='word_1_230' title='bbox 845 2015 882 2047; x_wconf 87' lang='lat' dir='ltr'><strong>et</strong></span> <span class='ocrx_word' id='word_1_231' title='bbox 905 2012 1094 2056; x_wconf 75' lang='lat' dir='ltr'>Ecclesiae,</span> <span class='ocrx_word' id='word_1_232' title='bbox 1118 2012 1302 2058; x_wconf 80' lang='lat' dir='ltr'><strong>Byzantini</strong></span> <span class='ocrx_word' id='word_1_233' title='bbox 1325 2023 1461 2058; x_wconf 84' lang='lat' dir='ltr'><strong>quoque</strong></span> <span class='ocrx_word' id='word_1_234' title='bbox 1484 2013 1571 2046; x_wconf 90' lang='lat' dir='ltr'><strong>muri</strong></span> 
     </span>
     <span class='ocr_line' id='line_1_27' title="bbox 101 2058 1570 2104; baseline -0.001 -12"><span class='ocrx_word' id='word_1_235' title='bbox 101 2068 200 2103; x_wconf 86' lang='lat' dir='ltr'><strong>pars,</strong></span> <span class='ocrx_word' id='word_1_236' title='bbox 234 2068 394 2092; x_wconf 84' lang='lat' dir='ltr'><strong>concussa</strong></span> <span class='ocrx_word' id='word_1_237' title='bbox 427 2067 648 2094; x_wconf 81' lang='lat' dir='ltr'><strong>corruerunt:</strong></span> <span class='ocrx_word' id='word_1_238' title='bbox 685 2059 791 2104; x_wconf 89' lang='lat' dir='ltr'><strong>Cujus</strong></span> <span class='ocrx_word' id='word_1_239' title='bbox 815 2058 916 2093; x_wconf 88' lang='lat' dir='ltr'><strong>etiam</strong></span> <span class='ocrx_word' id='word_1_240' title='bbox 940 2059 976 2094; x_wconf 77' lang='lat' dir='ltr'><strong>vi</strong></span> <span class='ocrx_word' id='word_1_241' title='bbox 998 2059 1136 2094; x_wconf 82' lang='lat' dir='ltr'><strong>Lancea</strong></span> <span class='ocrx_word' id='word_1_242' title='bbox 1159 2058 1238 2101; x_wconf 83' lang='lat' dir='ltr'><strong>iila,</strong></span> <span class='ocrx_word' id='word_1_243' title='bbox 1273 2069 1376 2104; x_wconf 90' lang='lat' dir='ltr'><strong>quam</strong></span> <span class='ocrx_word' id='word_1_244' title='bbox 1398 2062 1512 2093; x_wconf 82' lang='lat' dir='ltr'><strong>statua</strong></span> <span class='ocrx_word' id='word_1_245' title='bbox 1534 2058 1570 2092; x_wconf 88' lang='lat' dir='ltr'><strong>in</strong></span> 
     </span>
     <span class='ocr_line' id='line_1_28' title="bbox 99 2103 1570 2150; baseline -0.001 -12"><span class='ocrx_word' id='word_1_246' title='bbox 99 2103 179 2138; x_wconf 79' lang='lat' dir='ltr'><strong>foto</strong></span> <span class='ocrx_word' id='word_1_247' title='bbox 199 2103 415 2138; x_wconf 75' lang='lat' dir='ltr'><strong>Constantini</strong></span> <span class='ocrx_word' id='word_1_248' title='bbox 439 2106 549 2150; x_wconf 89' lang='lat' dir='ltr'><strong>posita</strong></span> <span class='ocrx_word' id='word_1_249' title='bbox 571 2106 744 2150; x_wconf 75' lang='lat' dir='ltr'><strong>gestabat,</strong></span> <span class='ocrx_word' id='word_1_250' title='bbox 769 2105 962 2148; x_wconf 86' lang='lat' dir='ltr'><strong>deturbata,</strong></span> <span class='ocrx_word' id='word_1_251' title='bbox 987 2105 1032 2140; x_wconf 86' lang='lat' dir='ltr'><strong>ad</strong></span> <span class='ocrx_word' id='word_1_252' title='bbox 1055 2110 1124 2140; x_wconf 82' lang='lat' dir='ltr'><strong>tres</strong></span> <span class='ocrx_word' id='word_1_253' title='bbox 1147 2104 1278 2139; x_wconf 85' lang='lat' dir='ltr'><strong>cubitos</strong></span> <span class='ocrx_word' id='word_1_254' title='bbox 1298 2104 1333 2138; x_wconf 90' lang='lat' dir='ltr'><strong>in</strong></span> <span class='ocrx_word' id='word_1_255' title='bbox 1355 2106 1482 2138; x_wconf 82' lang='lat' dir='ltr'><strong>terram</strong></span> <span class='ocrx_word' id='word_1_256' title='bbox 1506 2116 1570 2149; x_wconf 89' lang='lat' dir='ltr'><strong>pe-</strong></span> 
     </span>
     <span class='ocr_line' id='line_1_29' title="bbox 99 2149 1569 2195; baseline -0.001 -11"><span class='ocrx_word' id='word_1_257' title='bbox 99 2149 263 2186; x_wconf 78' lang='lat' dir='ltr'><strong>netravit.</strong></span> <span class='ocrx_word' id='word_1_258' title='bbox 309 2149 548 2185; x_wconf 79' lang='lat' dir='ltr'><strong>corruentium</strong></span> <span class='ocrx_word' id='word_1_259' title='bbox 565 2156 675 2186; x_wconf 84' lang='lat' dir='ltr'><strong>autem</strong></span> <span class='ocrx_word' id='word_1_260' title='bbox 698 2150 929 2185; x_wconf 83' lang='lat' dir='ltr'><strong>aedificiorum</strong></span> <span class='ocrx_word' id='word_1_261' title='bbox 952 2162 973 2185; x_wconf 78' lang='lat' dir='ltr'><strong>a</strong></span> <span class='ocrx_word' id='word_1_262' title='bbox 996 2151 1104 2186; x_wconf 80' lang='lat' dir='ltr'><strong>ruinis</strong></span> <span class='ocrx_word' id='word_1_263' title='bbox 1121 2150 1321 2185; x_wconf 84' lang='lat' dir='ltr'><strong>Mortalium</strong></span> <span class='ocrx_word' id='word_1_264' title='bbox 1345 2150 1481 2195; x_wconf 84' lang='lat' dir='ltr'><strong>plurimi</strong></span> <span class='ocrx_word' id='word_1_265' title='bbox 1506 2161 1569 2194; x_wconf 90' lang='lat' dir='ltr'><strong>pe-</strong></span> 
     </span>
     <span class='ocr_line' id='line_1_30' title="bbox 98 2194 1568 2242; baseline -0.001 -13"><span class='ocrx_word' id='word_1_266' title='bbox 98 2195 243 2230; x_wconf 80' lang='lat' dir='ltr'><strong>rierunt.</strong></span> <span class='ocrx_word' id='word_1_267' title='bbox 288 2196 443 2231; x_wconf 78' lang='lat' dir='ltr'><strong>Eandem</strong></span> <span class='ocrx_word' id='word_1_268' title='bbox 461 2196 774 2232; x_wconf 78' lang='lat' dir='ltr'><strong>consternationem</strong></span> <span class='ocrx_word' id='word_1_269' title='bbox 797 2201 972 2232; x_wconf 79' lang='lat' dir='ltr'><strong>senserunt</strong></span> <span class='ocrx_word' id='word_1_270' title='bbox 993 2198 1093 2232; x_wconf 86' lang='lat' dir='ltr'><strong>urbes</strong></span> <span class='ocrx_word' id='word_1_271' title='bbox 1116 2196 1252 2242; x_wconf 83' lang='lat' dir='ltr'><strong>insuper</strong></span> <span class='ocrx_word' id='word_1_272' title='bbox 1275 2195 1382 2236; x_wconf 55' lang='lat' dir='ltr'><strong>aliam</strong></span> <span class='ocrx_word' id='word_1_273' title='bbox 1406 2207 1491 2240; x_wconf 85' lang='lat' dir='ltr'><strong>quas</strong></span> <span class='ocrx_word' id='word_1_274' title='bbox 1515 2194 1568 2228; x_wconf 93' lang='lat' dir='ltr'><strong>in-</strong></span> 
     </span>
     <span class='ocr_line' id='line_1_31' title="bbox 99 2240 1567 2290; baseline -0.001 -14"><span class='ocrx_word' id='word_1_275' title='bbox 99 2245 156 2277; x_wconf 78' lang='lat' dir='ltr'><strong>ter</strong></span> <span class='ocrx_word' id='word_1_276' title='bbox 185 2241 408 2276; x_wconf 79' lang='lat' dir='ltr'><strong>Nicomediae</strong></span> <span class='ocrx_word' id='word_1_277' title='bbox 431 2254 566 2288; x_wconf 86' lang='lat' dir='ltr'><strong>quoque</strong></span> <span class='ocrx_word' id='word_1_278' title='bbox 598 2255 678 2290; x_wconf 85' lang='lat' dir='ltr'><strong>pars</strong></span> <span class='ocrx_word' id='word_1_279' title='bbox 712 2243 852 2287; x_wconf 76' lang='lat' dir='ltr'><strong>delapsa</strong></span> <span class='ocrx_word' id='word_1_280' title='bbox 882 2247 951 2278; x_wconf 81' lang='lat' dir='ltr'><strong>est:</strong></span> <span class='ocrx_word' id='word_1_281' title='bbox 989 2244 1084 2288; x_wconf 89' lang='lat' dir='ltr'><strong>cujus</strong></span> <span class='ocrx_word' id='word_1_282' title='bbox 1108 2243 1210 2277; x_wconf 88' lang='lat' dir='ltr'><strong>etiam</strong></span> <span class='ocrx_word' id='word_1_283' title='bbox 1240 2241 1418 2276; x_wconf 83' lang='lat' dir='ltr'><strong>ruderibus</strong></span> <span class='ocrx_word' id='word_1_284' title='bbox 1450 2240 1567 2275; x_wconf 85' lang='lat' dir='ltr'><strong>obruti</strong></span> 
     </span>
     <span class='ocr_line' id='line_1_32' title="bbox 99 2287 1565 2368; baseline -0.001 -46"><span class='ocrx_word' id='word_1_285' title='bbox 99 2287 272 2368; x_wconf 50' lang='lat' dir='ltr'><strong>agnum,</strong></span> <span class='ocrx_word' id='word_1_286' title='bbox 297 2287 416 2368; x_wconf 51' lang='lat' dir='ltr'><strong>diegius</strong></span> <span class='ocrx_word' id='word_1_287' title='bbox 440 2288 591 2336; x_wconf 84' lang='lat' dir='ltr'><strong>aliquot,</strong></span> <span class='ocrx_word' id='word_1_288' title='bbox 616 2289 687 2324; x_wconf 84' lang='lat' dir='ltr'><strong>vivi</strong></span> <span class='ocrx_word' id='word_1_289' title='bbox 709 2289 968 2324; x_wconf 82' lang='lat' dir='ltr'><strong>effodiebantur.</strong></span> <span class='ocrx_word' id='word_1_290' title='bbox 1015 2288 1163 2325; x_wconf 77' lang='lat' dir='ltr'><strong>invaluit</strong></span> <span class='ocrx_word' id='word_1_291' title='bbox 1185 2292 1297 2323; x_wconf 86' lang='lat' dir='ltr'><strong>autem</strong></span> <span class='ocrx_word' id='word_1_292' title='bbox 1319 2292 1436 2322; x_wconf 83' lang='lat' dir='ltr'><strong>terrae</strong></span> <span class='ocrx_word' id='word_1_293' title='bbox 1457 2291 1565 2321; x_wconf 82' lang='lat' dir='ltr'><strong>motus</strong></span> 
     </span>
     <span class='ocr_line' id='line_1_33' title="bbox 209 2343 434 2370; baseline 0.004 -1"><span class='ocrx_word' id='word_1_294' title='bbox 209 2345 250 2369; x_wconf 90' lang='lat' dir='ltr'><strong>er</strong></span> <span class='ocrx_word' id='word_1_295' title='bbox 271 2343 328 2368; x_wconf 63' lang='grc' dir='ltr'><em>κει.</em></span> <span class='ocrx_word' id='word_1_296' title='bbox 389 2346 434 2370; x_wconf 84' lang='lat' dir='ltr'><strong>es.</strong></span> 
     </span>
    </p>

    <p class='ocr_par' dir='ltr' id='par_1_8' title="bbox 95 2345 1566 2883">
     <span class='ocr_line' id='line_1_34' title="bbox 185 2345 1566 2426; baseline -0.002 -12"><span class='ocrx_word' id='word_1_297' title='bbox 185 2345 309 2415; x_wconf 49' lang='lat' dir='ltr'><strong>&#39;linense</strong></span> <span class='ocrx_word' id='word_1_298' title='bbox 331 2380 443 2423; x_wconf 86' lang='lat' dir='ltr'><strong>Julio,</strong></span> <span class='ocrx_word' id='word_1_299' title='bbox 466 2379 666 2415; x_wconf 80' lang='lat' dir='ltr'><strong>Indictionis</strong></span> <span class='ocrx_word' id='word_1_300' title='bbox 688 2391 743 2424; x_wconf 79' lang='lat' dir='ltr'><strong>lv,</strong></span> <span class='ocrx_word' id='word_1_301' title='bbox 766 2381 958 2416; x_wconf 82' lang='lat' dir='ltr'><strong>Samaritae</strong></span> <span class='ocrx_word' id='word_1_302' title='bbox 979 2380 1167 2426; x_wconf 86' lang='lat' dir='ltr'><strong>Judaeique</strong></span> <span class='ocrx_word' id='word_1_303' title='bbox 1189 2378 1227 2413; x_wconf 89' lang='lat' dir='ltr'><strong>in</strong></span> <span class='ocrx_word' id='word_1_304' title='bbox 1250 2379 1420 2413; x_wconf 85' lang='lat' dir='ltr'><strong>Caesarea</strong></span> <span class='ocrx_word' id='word_1_305' title='bbox 1442 2377 1566 2412; x_wconf 88' lang='lat' dir='ltr'><strong>Palae-</strong></span> 
     </span>
     <span class='ocr_line' id='line_1_35' title="bbox 98 2422 1564 2471; baseline -0.002 -11"><span class='ocrx_word' id='word_1_306' title='bbox 98 2423 220 2470; x_wconf 65' lang='lat' dir='ltr'><strong>sanae,</strong></span> <span class='ocrx_word' id='word_1_307' title='bbox 242 2426 334 2460; x_wconf 82' lang='lat' dir='ltr'><strong>inter</strong></span> <span class='ocrx_word' id='word_1_308' title='bbox 354 2438 391 2460; x_wconf 88' lang='lat' dir='ltr'><strong>se</strong></span> <span class='ocrx_word' id='word_1_309' title='bbox 415 2426 611 2471; x_wconf 83' lang='lat' dir='ltr'><strong>conspirati,</strong></span> <span class='ocrx_word' id='word_1_310' title='bbox 634 2427 833 2462; x_wconf 85' lang='lat' dir='ltr'><strong>seditionem</strong></span> <span class='ocrx_word' id='word_1_311' title='bbox 856 2427 963 2462; x_wconf 86' lang='lat' dir='ltr'><strong>moliti</strong></span> <span class='ocrx_word' id='word_1_312' title='bbox 986 2431 1081 2469; x_wconf 81' lang='lat' dir='ltr'><strong>sunt3</strong></span> <span class='ocrx_word' id='word_1_313' title='bbox 1106 2431 1142 2461; x_wconf 91' lang='lat' dir='ltr'><strong>et</strong></span> <span class='ocrx_word' id='word_1_314' title='bbox 1165 2424 1363 2459; x_wconf 85' lang='lat' dir='ltr'><strong>Factionum</strong></span> <span class='ocrx_word' id='word_1_315' title='bbox 1387 2422 1564 2458; x_wconf 83' lang='lat' dir='ltr'><strong>conflictus</strong></span> 
     </span>
     <span class='ocr_line' id='line_1_36' title="bbox 100 2469 1563 2516; baseline -0.001 -12"><span class='ocrx_word' id='word_1_316' title='bbox 100 2481 184 2516; x_wconf 81' lang='lat' dir='ltr'><strong>prae</strong></span> <span class='ocrx_word' id='word_1_317' title='bbox 205 2483 242 2507; x_wconf 72' lang='lat' dir='ltr'><strong>se</strong></span> <span class='ocrx_word' id='word_1_318' title='bbox 271 2473 442 2514; x_wconf 85' lang='lat' dir='ltr'><strong>ferentes,</strong></span> <span class='ocrx_word' id='word_1_319' title='bbox 480 2473 692 2508; x_wconf 84' lang='lat' dir='ltr'><strong>Christianos</strong></span> <span class='ocrx_word' id='word_1_320' title='bbox 714 2473 950 2509; x_wconf 70' lang='lat' dir='ltr'><strong>Caesarienses</strong></span> <span class='ocrx_word' id='word_1_321' title='bbox 975 2485 1041 2509; x_wconf 89' lang='lat' dir='ltr'><strong>una</strong></span> <span class='ocrx_word' id='word_1_322' title='bbox 1065 2471 1178 2508; x_wconf 86' lang='lat' dir='ltr'><strong>adorti</strong></span> <span class='ocrx_word' id='word_1_323' title='bbox 1199 2474 1297 2512; x_wconf 88' lang='lat' dir='ltr'><strong>sunt,</strong></span> <span class='ocrx_word' id='word_1_324' title='bbox 1334 2469 1563 2515; x_wconf 86' lang='lat' dir='ltr'><strong>plurimosque</strong></span> 
     </span>
     <span class='ocr_line' id='line_1_37' title="bbox 97 2517 1561 2566; baseline -0.002 -15"><span class='ocrx_word' id='word_1_325' title='bbox 97 2517 367 2559; x_wconf 75' lang='lat' dir='ltr'><strong>interfecerunt,</strong></span> <span class='ocrx_word' id='word_1_326' title='bbox 402 2518 564 2554; x_wconf 82' lang='lat' dir='ltr'><strong>Ecclesiis</strong></span> <span class='ocrx_word' id='word_1_327' title='bbox 587 2519 687 2553; x_wconf 86' lang='lat' dir='ltr'><strong>etiam</strong></span> <span class='ocrx_word' id='word_1_328' title='bbox 711 2531 826 2555; x_wconf 87' lang='lat' dir='ltr'><strong>eorum</strong></span> <span class='ocrx_word' id='word_1_329' title='bbox 852 2520 1004 2566; x_wconf 85' lang='lat' dir='ltr'><strong>direptis.</strong></span> <span class='ocrx_word' id='word_1_330' title='bbox 1064 2518 1155 2560; x_wconf 84' lang='lat' dir='ltr'><strong>Quin</strong></span> <span class='ocrx_word' id='word_1_331' title='bbox 1178 2517 1387 2562; x_wconf 87' lang='lat' dir='ltr'><strong>Stephanum</strong></span> <span class='ocrx_word' id='word_1_332' title='bbox 1411 2526 1561 2559; x_wconf 86' lang='lat' dir='ltr'><strong>quoque,</strong></span> 
     </span>
     <span class='ocr_line' id='line_1_38' title="bbox 99 2561 1562 2611; baseline -0.001 -15"><span class='ocrx_word' id='word_1_333' title='bbox 99 2562 194 2597; x_wconf 86' lang='lat' dir='ltr'><strong>urbis</strong></span> <span class='ocrx_word' id='word_1_334' title='bbox 214 2562 448 2607; x_wconf 82' lang='lat' dir='ltr'><strong>Praefectum,</strong></span> <span class='ocrx_word' id='word_1_335' title='bbox 496 2564 531 2598; x_wconf 92' lang='lat' dir='ltr'><strong>ui</strong></span> <span class='ocrx_word' id='word_1_336' title='bbox 554 2563 757 2600; x_wconf 86' lang='lat' dir='ltr'><strong>Christianis</strong></span> <span class='ocrx_word' id='word_1_337' title='bbox 781 2566 969 2601; x_wconf 86' lang='lat' dir='ltr'><strong>advenerat</strong></span> <span class='ocrx_word' id='word_1_338' title='bbox 990 2563 1177 2611; x_wconf 75' lang='lat' dir='ltr'><strong>suppetias,</strong></span> <span class='ocrx_word' id='word_1_339' title='bbox 1201 2561 1336 2603; x_wconf 86' lang='lat' dir='ltr'><strong>adorti,</strong></span> <span class='ocrx_word' id='word_1_340' title='bbox 1356 2561 1393 2596; x_wconf 89' lang='lat' dir='ltr'><strong>in</strong></span> <span class='ocrx_word' id='word_1_341' title='bbox 1415 2561 1562 2594; x_wconf 71' lang='lat' dir='ltr'><strong>Praeto-</strong></span> 
     </span>
     <span class='ocr_line' id='line_1_39' title="bbox 97 2605 1557 2657; baseline -0.001 -15"><span class='ocrx_word' id='word_1_342' title='bbox 97 2608 150 2642; x_wconf 91' lang='lat' dir='ltr'><strong>rio</strong></span> <span class='ocrx_word' id='word_1_343' title='bbox 174 2608 390 2651; x_wconf 78' lang='lat' dir='ltr'><strong>occiderunt3</strong></span> <span class='ocrx_word' id='word_1_344' title='bbox 414 2611 512 2646; x_wconf 78' lang='lat' dir='ltr'><strong>bonis</strong></span> <span class='ocrx_word' id='word_1_345' title='bbox 534 2610 635 2645; x_wconf 83' lang='lat' dir='ltr'><strong>etiam</strong></span> <span class='ocrx_word' id='word_1_346' title='bbox 656 2612 730 2656; x_wconf 82' lang='lat' dir='ltr'><strong>ejus</strong></span> <span class='ocrx_word' id='word_1_347' title='bbox 747 2612 875 2657; x_wconf 84' lang='lat' dir='ltr'><strong>ereptis</strong></span> <span class='ocrx_word' id='word_1_348' title='bbox 899 2610 1061 2647; x_wconf 86' lang='lat' dir='ltr'><strong>omnibus.</strong></span> <span class='ocrx_word' id='word_1_349' title='bbox 1110 2609 1207 2643; x_wconf 86' lang='lat' dir='ltr'><strong>Uxor</strong></span> <span class='ocrx_word' id='word_1_350' title='bbox 1232 2607 1350 2653; x_wconf 88' lang='lat' dir='ltr'><strong>itaque</strong></span> <span class='ocrx_word' id='word_1_351' title='bbox 1372 2607 1444 2651; x_wconf 88' lang='lat' dir='ltr'><strong>ejus</strong></span> <span class='ocrx_word' id='word_1_352' title='bbox 1466 2605 1557 2641; x_wconf 88' lang='lat' dir='ltr'><strong>Con-</strong></span> 
     </span>
     <span class='ocr_line' id='line_1_40' title="bbox 97 2651 1560 2703; baseline -0.001 -16"><span class='ocrx_word' id='word_1_353' title='bbox 97 2653 347 2700; x_wconf 80' lang='lat' dir='ltr'><strong>stantinopolim</strong></span> <span class='ocrx_word' id='word_1_354' title='bbox 370 2661 501 2701; x_wconf 75' lang='lat' dir='ltr'><strong>petens,</strong></span> <span class='ocrx_word' id='word_1_355' title='bbox 524 2656 616 2701; x_wconf 89' lang='lat' dir='ltr'><strong>quod</strong></span> <span class='ocrx_word' id='word_1_356' title='bbox 640 2669 661 2692; x_wconf 89' lang='lat' dir='ltr'><strong>a</strong></span> <span class='ocrx_word' id='word_1_357' title='bbox 683 2658 861 2693; x_wconf 84' lang='lat' dir='ltr'><strong>Samaritis</strong></span> <span class='ocrx_word' id='word_1_358' title='bbox 884 2662 1055 2703; x_wconf 84' lang='lat' dir='ltr'><strong>patratum</strong></span> <span class='ocrx_word' id='word_1_359' title='bbox 1077 2656 1202 2695; x_wconf 77' lang='lat' dir='ltr'><strong>fuerat,</strong></span> <span class='ocrx_word' id='word_1_360' title='bbox 1234 2651 1434 2698; x_wconf 83' lang='lat' dir='ltr'><strong>Imperatori</strong></span> <span class='ocrx_word' id='word_1_361' title='bbox 1458 2651 1560 2686; x_wconf 86' lang='lat' dir='ltr'><strong>detu-</strong></span> 
     </span>
     <span class='ocr_line' id='line_1_41' title="bbox 96 2697 1558 2747; baseline -0.002 -13"><span class='ocrx_word' id='word_1_362' title='bbox 96 2699 156 2734; x_wconf 84' lang='lat' dir='ltr'><strong>lit:</strong></span> <span class='ocrx_word' id='word_1_363' title='bbox 192 2699 251 2745; x_wconf 90' lang='lat' dir='ltr'><strong>qui</strong></span> <span class='ocrx_word' id='word_1_364' title='bbox 273 2711 374 2745; x_wconf 84' lang='lat' dir='ltr'><strong>super</strong></span> <span class='ocrx_word' id='word_1_365' title='bbox 396 2702 447 2737; x_wconf 78' lang='lat' dir='ltr'><strong>his</strong></span> <span class='ocrx_word' id='word_1_366' title='bbox 467 2701 682 2747; x_wconf 79' lang='lat' dir='ltr'><strong>indignatus,</strong></span> <span class='ocrx_word' id='word_1_367' title='bbox 708 2705 886 2746; x_wconf 87' lang='lat' dir='ltr'><strong>Amantio,</strong></span> <span class='ocrx_word' id='word_1_368' title='bbox 912 2702 1063 2737; x_wconf 85' lang='lat' dir='ltr'><strong>Orientis</strong></span> <span class='ocrx_word' id='word_1_369' title='bbox 1088 2699 1231 2742; x_wconf 89' lang='lat' dir='ltr'><strong>Comiti‚</strong></span> <span class='ocrx_word' id='word_1_370' title='bbox 1255 2698 1429 2743; x_wconf 84' lang='lat' dir='ltr'><strong>negotium</strong></span> <span class='ocrx_word' id='word_1_371' title='bbox 1451 2697 1558 2739; x_wconf 84' lang='lat' dir='ltr'><strong>dedit,</strong></span> 
     </span>
     <span class='ocr_line' id='line_1_42' title="bbox 96 2743 1557 2795; baseline -0.001 -16"><span class='ocrx_word' id='word_1_372' title='bbox 96 2745 150 2780; x_wconf 82' lang='lat' dir='ltr'><strong>uti</strong></span> <span class='ocrx_word' id='word_1_373' title='bbox 170 2756 208 2780; x_wconf 88' lang='lat' dir='ltr'><strong>re</strong></span> <span class='ocrx_word' id='word_1_374' title='bbox 232 2747 358 2780; x_wconf 80' lang='lat' dir='ltr'><strong>certius</strong></span> <span class='ocrx_word' id='word_1_375' title='bbox 380 2747 575 2793; x_wconf 80' lang='lat' dir='ltr'><strong>explorata,</strong></span> <span class='ocrx_word' id='word_1_376' title='bbox 599 2749 766 2795; x_wconf 87' lang='lat' dir='ltr'><strong>Stephani</strong></span> <span class='ocrx_word' id='word_1_377' title='bbox 790 2751 927 2784; x_wconf 87' lang='lat' dir='ltr'><strong>caedem</strong></span> <span class='ocrx_word' id='word_1_378' title='bbox 951 2749 995 2782; x_wconf 84' lang='lat' dir='ltr'><strong>ab</strong></span> <span class='ocrx_word' id='word_1_379' title='bbox 1017 2747 1058 2782; x_wconf 85' lang='lat' dir='ltr'><strong>iis</strong></span> <span class='ocrx_word' id='word_1_380' title='bbox 1081 2746 1245 2791; x_wconf 81' lang='lat' dir='ltr'><strong>exigeret.</strong></span> <span class='ocrx_word' id='word_1_381' title='bbox 1292 2743 1466 2779; x_wconf 80' lang='lat' dir='ltr'><strong>Amantius</strong></span> <span class='ocrx_word' id='word_1_382' title='bbox 1488 2743 1557 2778; x_wconf 84' lang='lat' dir='ltr'><strong>ita-</strong></span> 
     </span>
     <span class='ocr_line' id='line_1_43' title="bbox 96 2788 1556 2846; baseline -0.001 -21"><span class='ocrx_word' id='word_1_383' title='bbox 96 2803 163 2846; x_wconf 81' lang='lat' dir='ltr'><strong>que</strong></span> <span class='ocrx_word' id='word_1_384' title='bbox 186 2791 357 2826; x_wconf 76' lang='lat' dir='ltr'><strong>Mandatis</strong></span> <span class='ocrx_word' id='word_1_385' title='bbox 380 2792 610 2838; x_wconf 86' lang='lat' dir='ltr'><strong>Imperatoriis</strong></span> <span class='ocrx_word' id='word_1_386' title='bbox 634 2795 804 2842; x_wconf 88' lang='lat' dir='ltr'><strong>acceptis,</strong></span> <span class='ocrx_word' id='word_1_387' title='bbox 829 2793 1023 2830; x_wconf 77' lang='lat' dir='ltr'><strong>Caesarium</strong></span> <span class='ocrx_word' id='word_1_388' title='bbox 1047 2793 1222 2838; x_wconf 83' lang='lat' dir='ltr'><strong>profectus</strong></span> <span class='ocrx_word' id='word_1_389' title='bbox 1247 2793 1319 2831; x_wconf 85' lang='lat' dir='ltr'><strong>est;</strong></span> <span class='ocrx_word' id='word_1_390' title='bbox 1356 2794 1392 2826; x_wconf 86' lang='lat' dir='ltr'><strong>et</strong></span> <span class='ocrx_word' id='word_1_391' title='bbox 1415 2788 1556 2836; x_wconf 89' lang='lat' dir='ltr'><strong>perqui-</strong></span> 
     </span>
     <span class='ocr_line' id='line_1_44' title="bbox 95 2835 1556 2883; baseline 0 -11"><span class='ocrx_word' id='word_1_392' title='bbox 95 2842 176 2873; x_wconf 76' lang='lat' dir='ltr'><strong>sitos</strong></span> <span class='ocrx_word' id='word_1_393' title='bbox 198 2837 246 2873; x_wconf 86' lang='lat' dir='ltr'><strong>ibi</strong></span> <span class='ocrx_word' id='word_1_394' title='bbox 270 2837 386 2873; x_wconf 78' lang='lat' dir='ltr'><strong>caedis</strong></span> <span class='ocrx_word' id='word_1_395' title='bbox 408 2842 564 2875; x_wconf 84' lang='lat' dir='ltr'><strong>auctores</strong></span> <span class='ocrx_word' id='word_1_396' title='bbox 587 2841 643 2876; x_wconf 90' lang='lat' dir='ltr'><strong>ubi</strong></span> <span class='ocrx_word' id='word_1_397' title='bbox 665 2841 854 2883; x_wconf 82' lang='lat' dir='ltr'><strong>invenerat,</strong></span> <span class='ocrx_word' id='word_1_398' title='bbox 888 2842 947 2875; x_wconf 83' lang='lat' dir='ltr'><strong>hos</strong></span> <span class='ocrx_word' id='word_1_399' title='bbox 967 2839 1003 2874; x_wconf 86' lang='lat' dir='ltr'><strong>in</strong></span> <span class='ocrx_word' id='word_1_400' title='bbox 1027 2839 1155 2875; x_wconf 75' lang='lat' dir='ltr'><strong>furcam</strong></span> <span class='ocrx_word' id='word_1_401' title='bbox 1178 2836 1264 2883; x_wconf 83' lang='lat' dir='ltr'><strong>egit,</strong></span> <span class='ocrx_word' id='word_1_402' title='bbox 1287 2836 1339 2871; x_wconf 80' lang='lat' dir='ltr'><strong>his</strong></span> <span class='ocrx_word' id='word_1_403' title='bbox 1361 2835 1487 2882; x_wconf 83' lang='lat' dir='ltr'><strong>capita,</strong></span> <span class='ocrx_word' id='word_1_404' title='bbox 1513 2835 1556 2869; x_wconf 83' lang='lat' dir='ltr'><strong>il-</strong></span> 
     </span>
    </p>
   </div>
  </div>
 </body>
</html>
