1838 3230
226 170 322 218 182
533 195 538 200 -
617 162 908 208 IOANNIS
936 164 1279 213 MALALAE

227 283 354 328 αὖτοῦ
382 281 493 337 υἱόν,
530 284 596 327 καὶ
617 285 659 327 ἐν
679 287 736 341 τῷ
757 280 873 342 φόρῳ
886 281 1043 340 Ῥώμης
1059 285 1121 326 ἐπὶ
1141 281 1304 327 πάντων
1325 279 1515 335 ἐξετάσας
1536 281 1675 336 αὖτόν,

113 363 142 397 V
164 363 209 399 77
230 350 446 409 ἠνάγκαζεν
468 351 590 394 αὐτὸν
612 353 772 402 ἐξειπεῖν
794 351 845 394 τὰ
870 351 980 410 αὐτῷ
1004 354 1069 394 καὶ
1090 356 1148 410 τῷ
1174 353 1389 410 Ταρκυνίῳ
1409 351 1678 406 βεβουλευμέ-

227 438 293 465 να.
366 418 387 463 ὃ
420 420 464 462 δὲ
492 417 723 475 ὡμολόγησε
747 422 806 477 τῷ
838 420 927 477 ἶδίῳ
955 421 1077 476 πατρὶ
1101 419 1176 474 τὴν
1195 419 1408 476 γενομένην
1431 419 1528 475 παρ’
1549 418 1678 462 αὐτοῦ

230 487 416 538 σύνταξιν
444 491 516 542 τῆς
545 488 766 543 προδοσίας
797 487 898 542 πρὸς
927 487 999 530 τὸν
1032 486 1283 544 Ταρκύνιον·
1319 489 1384 530 καὶ
1409 486 1562 537 εὐθέως
1581 484 1680 544 ἐφό-

228 572 343 600 νευσε
373 555 444 598 τὸν
472 555 573 597 ἴδιον
600 552 702 598 υἱόν.
767 556 834 597 καὶ
862 555 1001 597 λοιπὸν
1030 559 1380 611 συναθροισθεῖσα
1407 553 1432 610 ἦ
1460 552 1713 610 σύγκλητος5

225 622 384 678 Ῥώμης
404 627 516 664 πᾶσα
539 621 760 678 ἀπεκήρυξε
779 622 850 665 τὸν
872 621 1099 680 Ταρκύνιον
1118 627 1192 678 τῆς
1207 625 1436 676 βασιλείας,
1471 620 1682 680 ἐγγράφως

232 692 306 746 τὴν
339 692 580 746 καθαίρεσιν
607 690 734 734 αὐτοῦ
765 688 1024 746 ποιήσαντες,
1061 689 1339 747 ψηφισάμενοι
1361 692 1401 734 ἐν
1424 688 1598 746 πρώτοις
1615 691 1684 733 καὶ

236 756 590 814 δισιγνιτεύσαντες
613 756 795 808 ὖπάτους
821 755 918 811 δύο,
954 759 1025 801 τὸν
1050 761 1236 815 Βροῦτον
1261 758 1331 801 τὸν
1363 759 1488 814 μέγαν
1517 760 1584 801 καὶ
1610 757 1683 801 τὸν

235 830 488 870 Κολλατῖνον
515 826 586 869 τὸν
614 826 745 883 ἄνδρα
770 830 843 881 τῆς
874 827 1163 882 Λουκρητίας,
1201 828 1358 869 διοικεῖν
1382 827 1457 882 τὴν
1483 827 1685 869 πολιτείαν

231 893 440 948 Ῥωμαίων
468 894 822 951 προβαλλομένους
848 894 951 937 κατὰ
973 895 1080 937 ἰδίαν
1101 896 1339 948 δοκιμασίαν
1358 893 1558 950 ἄρχοντας
1569 927 1583 947 ,
1619 895 1684 938 καὶ
1696 903 1740 938 10

237 962 294 1017 μὴ
324 960 423 1004 εἶναι
453 966 526 1005 τοῦ
552 967 695 1005 λοιποῦ
724 962 895 1016 βασιλέα
929 963 970 1005 ἓν
999 966 1050 1020 τῇ
1078 960 1235 1019 Ῥώμῃ,
1270 960 1499 1018 γράψαντες
1528 964 1594 1005 καὶ
1626 965 1686 1020 τῷ

239 1034 401 1087 στρατῷ
420 1035 476 1087 τῷ
496 1029 580 1072 ὄντι
595 1030 678 1085 μετ’
699 1030 823 1072 αὐτοῦ
846 1032 1072 1086 Ταρκυνίου
1094 1030 1302 1072 ἀπολιπεῖν
1320 1027 1465 1072 αὐτόν’
1500 1032 1566 1072 καὶ
1588 1029 1687 1073 ἀπέ-

187 1109 217 1144 Β
241 1114 395 1152 στησαν
427 1097 591 1147 εὐθέως.
661 1097 687 1152 ἢ
716 1096 842 1151 μόνον
865 1100 908 1140 δὲ
933 1103 1138 1154 προῆλθεν
1159 1096 1313 1147 ὕπατος
1334 1096 1355 1140 ὅ
1375 1101 1584 1153 Βροῦτος,
1620 1097 1689 1140 εὗ-

237 1165 347 1214 θὲως
369 1166 432 1207 ἐπὶ
450 1169 522 1220 τῆς
541 1164 762 1221 συγκλήτου
786 1167 851 1208 καὶ
870 1170 943 1208 τοῦ
975 1165 1106 1220 δήμου
1140 1164 1298 1221 ἀγαγὼν
1325 1165 1395 1208 τὸν
1418 1166 1520 1208 ἴδιον
1541 1168 1688 1208 δοῦλον

240 1234 311 1275 τὸν
339 1235 541 1276 Βινδίκιον
569 1231 668 1289 ὑπὲρ
697 1233 950 1288 εὐχαριστίας
958 1266 971 1285 ,
1008 1232 1068 1275 ὅτι
1096 1233 1218 1275 πιστὰ
1240 1232 1411 1289 ἐφύλαξε
1430 1238 1487 1292 τῷ
1509 1235 1598 1293 ῗδίῳ
1620 1235 1687 1275 δε-
1700 1242 1744 1278 15

240 1299 371 1357 σπότῃ
381 1333 394 1353 ,
431 1302 497 1342 καὶ
527 1301 753 1350 ἐπιτελέσας
781 1299 922 1356 ἑορτὴν
949 1301 1220 1356 πανηγυρικὴν
1238 1306 1289 1357 τῇ
1307 1303 1412 1358 Δίκῃ
1431 1303 1496 1343 καὶ
1515 1303 1692 1351 καθίσας

93 1375 127 1409 0
149 1375 219 1411 232
242 1369 283 1410 ἐν
303 1372 361 1426 τῷ
381 1366 529 1426 ’ὗψηλῷ
546 1367 699 1423 βήματι
723 1367 891 1424 ἀνήγαγε
912 1369 982 1411 τὸν
1003 1370 1205 1410 Βινδίκιον
1225 1369 1265 1410 ἐν
1284 1368 1380 1422 ’ἕψει
1402 1368 1589 1424 ἄντικρυς
1614 1367 1691 1410 αὖ-

242 1440 315 1478 τοῢ
328 1468 341 1488 ,
379 1438 444 1478 καὶ
463 1437 637 1486 ἐκτείνας
658 1436 731 1491 τὴν
752 1436 884 1486 δεξιὰν
905 1436 1031 1478 αὐτοῦ
1044 1443 1182 1493 χεΐρα,
1220 1438 1286 1478 καὶ
1308 1441 1358 1493 τῇ
1377 1435 1544 1493 παλάμῃ
1563 1437 1691 1479 αὐτοῦ

243 1503 398 1558 πληγὰς
428 1511 534 1560 τρεῖς
559 1505 622 1545 ἐπὶ
641 1503 714 1559 τὴν
736 1504 861 1546 αὐτοῦ
882 1504 1050 1560 παρειὰν
1073 1504 1282 1560 ἐπαγαγών
1300 1504 1403 1558 μετὰ
1421 1508 1595 1559 κραυγῆς
1613 1504 1690 1560 ἔφη

244 1575 387 1622 ταῦτα,
410 1569 771 1625 Ἀποτιναξᾶμενος
788 1572 861 1626 τὴν
881 1576 954 1627 τῆς
973 1576 1049 1627 σῆς
1069 1573 1252 1621 δουλείας
1267 1570 1406 1626 τύχην,
1444 1567 1477 1614 ὦ
1498 1573 1686 1624 Βινδίκιε,
1701 1581 1748 1615 20

244 1641 311 1681 καὶ
342 1638 415 1693 τὴν
442 1637 594 1694 ταύτης
616 1638 883 1694 ἐκδυσάμενος
904 1639 1016 1695 ζυγὸν
1039 1639 1201 1682 ἔνδυσαι
1217 1638 1440 1694 Ῥωμαϊκῆς
1462 1641 1695 1695 ἐλευθερίας

245 1704 422 1761 θώρακα
455 1706 525 1749 τὸν
557 1706 718 1749 ἅπαντα
745 1712 817 1763 τῆς
848 1710 948 1762 ζωῆς
978 1724 1053 1750 σου
1070 1706 1232 1763 χρόνον.
1300 1709 1366 1750 καὶ
1387 1705 1631 1764 ἀφελόμενος
1652 1709 1694 1750 ἐκ

195 1781 225 1816 C
247 1778 321 1829 τῆς
339 1775 444 1823 ἰδίας
458 1774 589 1830 χειρὸς
612 1773 826 1817 δακτύλιον
857 1780 1033 1831 χρυσοῦν
1068 1776 1257 1829 ἐπέβαλεν
1283 1778 1338 1825 εἷς
1369 1775 1442 1829 τὴν
1469 1775 1599 1825 δεξιὰν
1619 1775 1698 1817 ai}-

246 1846 320 1884 τοῦ
337 1848 466 1899 χεῖρα,
504 1843 687 1893 δεδωκὼς
706 1843 816 1903 αὐτῷ
837 1846 902 1886 καὶ
923 1843 1038 1894 ἀξίαν
1058 1842 1232 1899 κόμη-τος
1250 1844 1317 1885 καὶ
1334 1843 1457 1900 μέρος
1474 1847 1548 1899 τῆς
1567 1841 1694 1886 αὑτοῦ

250 1949 502 1994 comprehendit
523 1950 625 1984 filium
649 1963 760 1991 suum3
785 1963 924 1996 eumque
946 1951 981 1985 in
1004 1952 1099 1994 foro,
1123 1962 1236 1986 coram
1259 1950 1426 1992 omnibus,
1450 1949 1593 1985 examini
1615 1952 1695 1985 sub-

245 1995 354 2039 jecit3
395 1998 568 2039 totumque
592 1996 771 2041 Tarquinii
805 1997 974 2031 consilium
998 1998 1159 2042 detegere
1188 1997 1290 2041 cogit.
1336 1996 1441 2030 Filius
1464 1997 1583 2040 itaque
1605 1996 1696 2042 patri

252 2039 496 2083 conjurationis
520 2052 645 2074 omnem
669 2042 786 2076 seriem
808 2042 992 2077 indicavit:
1029 2047 1129 2088 pater
1151 2041 1230 2076 inde
1252 2041 1340 2076 illico
1364 2040 1468 2075 filium
1491 2041 1566 2075 neci
1587 2041 1698 2076 tradi-

254 2085 316 2119 dit.
373 2085 519 2119 Senatus
541 2085 663 2120 deinde
684 2087 850 2121 Romanus
881 2088 984 2123 omnis
1005 2088 1040 2122 in
1063 2099 1162 2122 unum
1192 2089 1433 2131 congregatus,
1473 2087 1701 2131 Tarquinium

254 2141 360 2174 regno
382 2130 573 2172 abdicavit,
609 2132 777 2174 ejectione
801 2134 870 2176 ejus
897 2133 932 2166 in
955 2135 1042 2167 Acta
1066 2133 1200 2179 publica
1221 2133 1322 2167 etiam
1343 2131 1471 2174 relata3
1509 2143 1581 2166 cum
1603 2132 1698 2178 prius

256 2175 416 2210 Consules
449 2175 532 2210 duos
564 2176 812 2211 constituissent
835 2179 978 2212 Brutum
1012 2190 1162 2224 magnum
1199 2182 1234 2212 et
1257 2176 1479 2219 Collatinum,
1517 2177 1699 2212 Lucretiae

257 2221 443 2265 conjugem.
499 2220 561 2255 His
593 2221 711 2266 itaque
746 2224 908 2256 communi
939 2235 1096 2259 consensu
1126 2222 1347 2268 Reipublicae
1378 2222 1698 2257 administratoribus

258 2266 461 2309 designatis3
501 2270 635 2300 cautum
666 2266 788 2301 deinde
819 2273 911 2309 erat,
947 2280 990 2302 ne
1012 2280 1155 2314 unquam
1187 2270 1341 2302 Potestas
1363 2267 1474 2313 Regia
1503 2268 1537 2301 in
1558 2268 1699 2302 Romam

258 2311 370 2345 denuo
402 2311 646 2346 admitteretur.
691 2312 886 2346 Exercitum
921 2314 1043 2356 etiam,
1085 2325 1183 2359 quem
1204 2324 1313 2347 secum
1336 2314 1456 2347 habuit
1479 2312 1698 2358 Tarqiiiniu3‚

258 2368 321 2402 per
344 2356 461 2392 literas
483 2356 609 2391 hortati
630 2360 723 2398 sunt,
746 2358 795 2390 uti
818 2368 931 2402 regem
956 2359 1166 2393 desererent:
1191 2358 1284 2402 quod
1307 2363 1343 2392 et
1362 2359 1485 2392 factum
1505 2362 1565 2392 est.
1611 2359 1700 2392 Bru-

259 2407 313 2436 tus
336 2413 418 2436 vero
436 2402 559 2438 consul
579 2403 704 2443 factus,
729 2414 858 2436 servum
881 2415 973 2437 suum
988 2405 1176 2438 Vindicium
1196 2405 1341 2438 Senatus
1365 2409 1402 2437 et
1422 2403 1539 2447 populi
1562 2403 1597 2437 in
1618 2414 1700 2438 con-

259 2451 407 2491 spectum
431 2447 590 2488 adduxit,
622 2448 665 2481 ob
687 2446 787 2481 fidem
813 2448 882 2491 ejus
905 2448 1046 2484 Domino
1070 2449 1281 2495 praestitam,
1304 2448 1500 2482 beneficium
1523 2447 1555 2482 ei
1577 2459 1701 2493 repen-

260 2496 401 2526 saturus.
430 2493 666 2527 Festivitatem
682 2493 797 2538 itaque
813 2493 978 2527 solennem
1001 2496 1162 2528 Justitiae
1182 2493 1323 2527 indixit:
1348 2498 1383 2527 et
1406 2504 1582 2527 conscenso
1601 2495 1701 2528 thro·
1725 2532 1731 2537 ,

260 2548 304 2570 no
330 2537 481 2580 excelso,
519 2550 651 2572 servum
673 2549 763 2573 suum
786 2538 973 2572 Vindicium
996 2540 1069 2574 loco
1097 2540 1197 2573 etiam
1220 2537 1408 2572 sublimiore
1432 2539 1495 2572 sibi
1520 2551 1539 2572 e
1561 2539 1702 2582 regione

261 2582 460 2616 collocavitx
496 2583 616 2618 deinde
639 2595 768 2617 manum
788 2584 939 2618 dextram
963 2584 1184 2628 protendens,
1221 2588 1290 2617 tres
1313 2583 1346 2616 ei
1369 2583 1483 2627 alapas
1507 2584 1617 2628 palma
1637 2584 1702 2617 im-

261 2627 355 2671 pegit
377 2639 476 2672 super
496 2628 636 2670 faciem,
668 2630 757 2662 elata
777 2629 840 2663 hac
862 2640 947 2662 voce
969 2629 1109 2663 locutus.
1156 2653 1181 2670 ‚,
1191 2629 1357 2667 Excusso,
1389 2628 1562 2670 Vindicie‚
1594 2628 1702 2662 servi-

259 2674 340 2705 tutis
365 2676 445 2707 tuae
466 2674 566 2718 jugo,
597 2674 748 2709 servilem
773 2673 997 2708 conditionem
1019 2680 1110 2708 tuam
1133 2684 1253 2714 exuas3
1286 2678 1320 2707 et
1342 2674 1514 2708 Romanae
1536 2673 1702 2707 libertatis

260 2717 401 2751 thorace
425 2718 582 2763 deinceps
604 2720 760 2760 indutus,
784 2719 943 2764 quamdiu
966 2718 1090 2754 vixeris
1112 2718 1287 2754 incedas.“
1332 2719 1474 2752 Anulum
1497 2719 1618 2753 deinde
1641 2730 1702 2753 au-

261 2771 354 2794 reum
378 2774 436 2796 suo
462 2763 569 2807 digito
593 2764 802 2805 detractum,
834 2764 994 2799 dexterae
1017 2765 1086 2808 ejus
1107 2764 1278 2809 imposuit:
1313 2767 1348 2797 et
1371 2762 1525 2798 con‘cessa
1546 2764 1646 2798 etiam
1669 2763 1702 2798 ei

263 2806 460 2843 facultatum
484 2820 617 2845 suarum
639 2810 798 2856 portione
821 2809 948 2857 aliqua,
972 2809 1135 2845 Comitem
1157 2809 1252 2844 fecit.
1296 2809 1396 2844 Diem
1418 2814 1526 2845 autem
1549 2809 1704 2844 Celebri-
