1838 3230
0 200 9 227 ‘¹
3 151 17 171 ‘a
0 0 34 135 *ao-‘w

675 154 971 200 EPlsTOLA.
1454 132 1554 207 715

89 287 175 316 rem
204 277 401 326 spectant.
457 271 695 312 Persuasum
726 279 787 313 est
816 271 1009 312 hactenus
1029 271 1124 311 viris
1150 270 1334 322 eruditis,
1373 284 1554 322 magnam

88 330 340 383 symbolicae
369 335 408 372 et
436 329 712 380 aenigmaticae
739 335 918 369 veterum
945 328 1182 380 Theologiae
1206 329 1289 367 vim
1317 328 1359 366 in
1376 328 1556 367 barbaris

0 402 14 423 ,τ-
88 387 170 427 illis
188 386 394 426 vocabulis
415 386 621 426 contineri.
678 387 774 424 Rem
793 386 915 437 igitur
938 385 1046 424 haud
1065 385 1256 436 ingratam
1274 385 1473 424 facturum
1491 398 1554 424 me

89 456 233 496 spero,
262 443 297 481 si
313 443 512 494 resi-egero
531 441 630 482 haec
658 443 853 493 claustra,
884 455 985 495 quae
1011 457 1032 481 a
1050 442 1185 480 multis
1212 441 1380 480 saeculis
1399 455 1555 481 omnem

89 499 143 539 ad
163 498 263 538 haec
287 512 398 538 sacra
420 499 570 538 aditum
599 499 912 551 praecluserunt.
971 499 1090 547 Quod
1114 504 1245 537 autem
1264 498 1474 537 Herculem
1495 499 1555 536 se-

89 562 184 596 runt
214 555 384 606 dixisse,
414 569 503 594 cum
523 555 566 594 in
584 555 751 594 delubro
775 556 950 607 quodam
978 555 1249 607 conspexisset
1270 554 1552 594 simulachrum

88 612 307 661 Adonidis,
339 607 472 653 Οὖδὲν
497 609 606 665 ἱερόν
625 610 835 665 ὑπάρχειν·
874 612 979 652 idem
999 611 1095 650 mihi
1113 611 1192 664 jam
1217 624 1294 650 usu
1313 611 1443 662 venit,
1474 611 1556 649 hoc

90 669 214 721 adyto
234 668 403 710 recluso.
461 668 660 708 Videlicet
687 676 773 708 erat
795 668 887 707 olim
912 669 1085 707 ridicula
1106 674 1146 707 et
1173 668 1337 719 puerilis
1355 668 1480 716 ratio;
1509 673 1558 708 ut

90 738 143 764 ex
161 731 333 777 quatuor
353 730 392 763 et
407 724 549 776 viginti
567 725 705 775 literis,
736 726 855 764 semel
876 725 1070 764 duntaxat
1093 724 1232 778 positis
1252 724 1430 776 singulis,
1461 724 1555 762 bar-

87 780 187 820 bara
209 780 402 834 quaedam
422 787 462 820 et
476 781 645 821 infaceta
663 782 786 821 verba
808 782 1064 831 conficerent,
1095 787 1217 833 prout
1236 781 1378 833 cuique
1396 781 1554 820 libitum

10 846 15 851 “
89 837 223 878 suerit.
265 838 443 877 Clemens
464 836 568 878 hanc
587 839 760 891 appellat
786 836 1078 892 στοιχειωτικήν
1097 840 1178 878 τῶν
1196 838 1354 878 παίδων
1372 838 1557 878 διδασκα-

89 895 193 935 λίαν.
247 894 388 933 Postea
411 895 642 934 certandum
665 902 748 935 erat
767 896 938 946 ingenio,
966 901 1012 934 ut
1028 895 1260 934 sententiam
1280 894 1447 933 istorum
1465 908 1556 933 ver-

20 980 22 982 ,
88 950 235 990 borum
263 951 435 1003 aliquam
471 952 653 990 omnibus
682 952 858 1002 vestigiis
886 951 1138 1003 indagarent3
1175 965 1256 990 non
1284 964 1366 989 eam
1392 950 1555 1003 quidem

15 1028 18 1035 ·
91 1008 253 1047 omnino
274 1007 440 1046 alienam
463 1014 502 1047 et
526 1009 730 1059 absonam,
761 1009 831 1047 sed
858 1023 880 1047 a
909 1009 1139 1061 propinquo
1170 1008 1203 1046 si
1229 1007 1315 1046 fieri
1331 1008 1484 1060 potuit,
1516 1013 1556 1046 et

89 1063 297 1104 verisimili
325 1064 500 1116 petitam.
567 1065 660 1104 Tria
686 1065 839 1118 profert
867 1065 1046 1105 Clemens
1078 1065 1258 1118 exempla
1287 1077 1425 1104 eorum
1451 1063 1555 1106 ὑπο·
1580 1067 1614 1103 0
1637 1067 1684 1105 48

90 1136 286 1176 γραμμων
301 1121 521 1162 παιδικων·
553 1136 724 1174 quorum
743 1136 866 1161 unum
883 1121 963 1160 hoc
983 1128 1063 1162 est·

309 1173 503 1228 Μάρπτε,
532 1178 671 1233 σφὶγξ,
700 1176 840 1230 κλωψ,
871 1175 1111 1232 ζβυχθηδόν.

89 1233 149 1273 Ita
168 1233 288 1273 scribi
309 1240 494 1287 oportere
514 1249 578 1274 res
598 1236 684 1288 ipsa
710 1235 872 1285 clamat3
903 1249 981 1274 non
1012 1241 1056 1274 ut
1083 1234 1125 1273 in
1156 1234 1295 1283 editis,
1323 1248 1498 1288 μαρπτες
1517 1241 1557 1274 et

91 1286 338 1343 ζυνχθηδόν·
366 1291 603 1330 calculum·
588 1305 670 1345 Jam
690 1306 817 1344 pone,
849 1298 889 1331 et
913 1305 1047 1330 omnes
1068 1293 1227 1330 omnino
1249 1291 1384 1329 literas
1404 1291 1556 1342 Cadmi,

89 1346 336 1394 Palamedis,
365 1347 598 1399 Simonidis,
626 1349 668 1388 in
686 1355 858 1401 quatuor
885 1348 972 1387 istis
990 1348 1221 1388 vocabulis
1210 1347 1396 1387 invenies.
1453 1349 1557 1388 Ecce

89 1403 167 1443 tibi
185 1377 424 1444 secundum:

311 1458 437 1513 Βὲδυ,
467 1457 601 1512 ζᾶμψ,
629 1458 740 1512 χθαὶ,
768 1463 990 1531 πλῆκτρον,
1020 1461 1151 1514 σφίγξ.

90 1516 153 1556 Ita
176 1515 406 1566 legendum,
445 1531 527 1556 non
555 1525 601 1556 ut
623 1518 664 1556 in
693 1518 886 1568 vulgatis,
918 1515 999 1568 ζοῖψ
1023 1524 1062 1556 et
1081 1514 1217 1569 χθών·
1247 1526 1339 1556 nam
1360 1530 1407 1555 eo
1431 1523 1553 1584 pacto

91 1579 132 1614 et
149 1573 191 1612 M
206 1574 323 1612 litera
347 1573 511 1623 deesset,
534 1579 572 1612 et
589 1575 625 1612 N
640 1574 702 1612 bis
721 1580 952 1625 poneretur.
983 1575 1130 1612 Tamen
1149 1580 1194 1612 ut
1215 1570 1394 1626 Λάμβδα
1411 1570 1556 1627 λάβδα,

91 1628 268 1668 sicillud
287 1626 413 1682 Ζᾶμψ
435 1636 595 1668 autores
620 1631 760 1669 Giaeci
783 1628 864 1681 ζαψ
889 1630 1092 1697 scripsisse
1122 1636 1162 1669 et
1187 1629 1478 1695 pronunciasse
1493 1632 1557 1669 vi-

91 1685 252 1725 dentur.
308 1686 373 1724 Sic
389 1683 504 1739 καψα
524 1686 665 1725 dicunt
685 1692 724 1725 et
740 1683 904 1739 κᾶμψα·
938 1687 994 1726 sic
1015 1682 1186 1738 λήψεται
1212 1686 1253 1724 111
1273 1686 1557 1738 antiquissimis

91 1742 202 1838 2158.
228 1737 462 1838 λὲήμψεται,
501 1748 541 1782 et
575 1743 700 1782 multa
733 1743 890 1783 similia.
958 1743 1135 1783 Tertium
1170 1742 1340 1796 denique
1367 1750 1427 1782 est
1453 1743 1556 1783 illud

157 1812 238 1851 espx
271 1812 323 1837 is·

312 1853 510 1908 Κναξζβὶ,
541 1852 749 1908 χθύπτης,
779 1852 960 1910 φλεγμω,
991 1851 1112 1926 δρόψ.

92 1912 196 1953 Male
225 1911 336 1964 apud
363 1912 599 1951 Clementem
630 1920 692 1952 est
722 1910 1122 1966 6111111111,φλεγμός,
1153 1907 1297 1968 δρῶψ·
1330 1918 1375 1951 ut
1398 1911 1554 1964 liquido

94 1968 313 2017 constabit,
350 1968 385 2006 si
413 1968 547 2020 digitis
573 1975 806 2022 computans
841 1970 1044 2008 literarum
1079 1983 1285 2008 numerum
1314 1970 1413 2010 velis
1442 1970 1555 2012 inii-,e

95 2026 226 2074 Quam
253 2025 419 2065 mirifice
444 2033 573 2064 autem
593 2027 770 2066 Clemens
795 2026 893 2065 haec
921 2027 1047 2065 omnia
1079 2027 1329 2078 quantumvis
1352 2027 1488 2079 inepta
1515 2034 1555 2066 et

92 2082 274 2131 ludicra,
302 2082 606 2134 interpretetur3
635 2083 766 2121 malim
787 2097 836 2122 ex
853 2083 940 2135 ipso
965 2097 1082 2135 quam
1102 2097 1151 2122 ex
1169 2097 1231 2121 me
1250 2083 1397 2125 audias.
1429 2084 1554 2123 Aliter

91 2139 230 2207 paullo
259 2138 358 2177 haec
386 2139 525 2177 ultima
553 2139 600 2177 ab
625 2138 821 2192 Hesychio
856 2139 1138 2192 proferuntur;
1173 2154 1263 2178 nam
1291 2154 1366 2192 pro
1390 2139 1553 2192 κναξζβὶ

92 2192 300 2266 χθύπτης,
328 2193 425 2244 κναξ
444 2194 564 2234 habet
584 2202 622 2235 et
645 2197 727 2249 ζβὶχ
749 2203 788 2235 et
803 2193 973 2255 θύπτης.
1030 2194 1144 2246 Κνοῖξ
1163 2204 1291 2235 autem
1311 2198 1553 2248 interpreta-

93 2258 162 2291 tur
181 2249 281 2319 γαλα
299 2249 461 2302 λευκᾶν,
490 2253 591 2304 Ζβιχ
617 2250 701 2307 (ita
730 2254 836 2305 lege,
867 2267 947 2292 non
976 2251 1110 2307 ζαβὶχ)
1137 2251 1301 2303 λευκον,
1331 2260 1371 2291 et
1389 2251 1551 2305 θύπτης

93 2305 262 2362 ὁτυρός.
320 2308 450 2361 Atque
469 2308 587 2360 hujus
616 2312 823 2349 autoritate
843 2310 1030 2349 inductus
1058 2310 1270 2349 Salmasius
1298 2309 1419 2350 verba
1447 2309 1549 2349 'she-

94 2365 218 2417 spidis
243 2364 293 2404 ad
308 2363 417 2404 hunc
432 2366 592 2404 modum
613 2366 818 2406 immutare
835 2367 983 2406 voluit:

313 2423 379 2462 Ιδε
400 2435 463 2462 σοι
484 2422 638 2463 σπένδω
658 2421 757 2472 κναξ
781 2423 864 2476 ζβὶχ
881 2421 1045 2474 λευκόν,

207 2483 247 2517 et
314 2479 380 2519 Ιδε
398 2491 461 2519 σοι
477 2475 640 2531 θύπτην
661 2478 783 2533 τυρόν
800 2482 925 2530 μίξας.

95 2533 175 2573 Sed
199 2533 376 2584 profecto
391 2549 469 2573 non
489 2549 532 2574 ea
552 2542 611 2574 est
629 2536 733 2589 Hesy
737 2536 815 2576 chii
836 2538 1047 2586 autorita83
1078 2548 1202 2587 neque
1218 2534 1311 2587 plus
1330 2533 1451 2573 habet
1466 2548 1548 2573 mo-

94 2589 243 2640 menti,
274 2603 390 2640 quam
421 2592 632 2631 Clementis
661 2599 699 2632 et
726 2593 938 2647 Porphyrii
965 2593 1168 2632 hominum
1197 2593 1332 2631 multis
1368 2591 1548 2644 partibus

94 2647 164 2685 illo
189 2645 422 2686 doctiorum.
486 2649 576 2687 Non
605 2651 705 2688 enim
734 2650 884 2691 librarii
915 2651 1030 2702 culpa
1061 2655 1120 2688 est
1154 2649 1260 2701 apud
1289 2650 1547 2687 Clementem:

94 2716 225 2753 neque
240 2703 321 2741 ulla
338 2703 552 2744 similitudo
578 2707 663 2745 vexi
689 2712 746 2745 est
773 2723 795 2760 χ
821 2709 973 2746 literam
1004 2721 1025 2744 a
1048 2705 1172 2745 verbo
1203 2705 1363 2759 κναξζβι
1384 2705 1548 2743 fortuito

96 2758 333 2810 disjunctam
369 2761 510 2811 fuisse,
550 2769 590 2801 et
617 2762 733 2802 teitio
762 2770 852 2816 post
891 2776 1010 2802 xersu
1046 2762 1271 2815 iepositam.
1336 2761 1549 2815 Porphyrii

98 2822 228 2856 autem
249 2814 328 2856 hoc
347 2813 674 2872 ἄποσπασματιον
691 2827 750 2859 est
772 2835 820 2860 ex
840 2820 940 2860 libro
963 2815 1063 2858 Μὸω
1086 2819 1246 2861 Oxonii
