1838 3230
294 162 391 213 448
685 157 976 206 IOANNIS
1003 160 1333 215 MALALAE

295 276 534 337 μα’γιστρον,
570 280 611 322 ἓν
629 280 742 339 φιλία
759 280 976 336 πρεσβείας
996 279 1234 337 πεμφθέντα
1265 278 1367 334 μετὰ
1394 281 1462 322 καὶ
1488 276 1630 338 δώρων
1652 282 1726 336 τῆς

244 349 275 384 Β
300 346 595 405 ἀναγορεύσεως
613 352 686 390 τοῦ
705 347 902 401 βασιλέως
918 348 1199 391 Ἰουστινιανοῦ
1227 347 1268 389 ἔν
1285 349 1382 403 μηνὶ
1401 349 1551 405 ῗουλίῳ.

149 419 182 454 Ο
209 422 273 457 183
396 417 554 470 Συνέβη
575 416 619 457 δὲ
639 414 724 457 κατ’
750 415 871 458 ἐκεῖνο
892 420 1031 471 καιροῦ
1056 419 1204 458 παθεῖν
1232 412 1310 457 ὑπὸ
1344 416 1566 470 θεομηνίας
1599 411 1727 469 Ἀμά-

297 501 406 528 σειαν
426 485 467 526 ἐν
486 487 534 539 τῇ
553 486 733 539 Ποντικῇ
775 484 841 525 καὶ
876 482 1001 537 αὖτῆς
1024 487 1096 537 τῆς
1112 480 1333 539 περιχώρου
1357 482 1472 539 μέρη.
1541 480 1563 525 ὅ
1584 482 1629 525 δὲ
1650 481 1728 524 αὖ·

295 552 367 602 τὸς
382 550 570 606 βασιλεὺς
589 554 639 607 τῇ
658 549 761 607 αὐτῇ
780 548 890 592 πόλει
908 551 1038 593 πολλοὶ
1059 551 1285 606 ἐχαρίσατο.
1736 551 1760 592 5

393 618 460 660 Ἐν
487 618 597 675 αὐτῷ
628 618 672 659 δὲ
703 622 760 675 τῷ
786 615 918 676 χρόνῳ
947 617 1252 667 ἄνακωδίκευσις
1278 616 1426 672 ἐγένετο
1445 620 1527 660 τῶν
1545 618 1728 659 παλαιῶν

296 684 450 740 νόμων·
486 687 552 728 καὶ
579 683 748 740 ποιήσας
777 687 902 734 ῗδίους
931 682 1082 739 νόμους
1121 685 1371 739 κατέπεμψεν
1399 685 1439 727 ἐν
1467 682 1617 734 πάσαις
1639 688 1730 732 ταῖς

236 752 237 755 “
297 752 436 796 πόλεσι
478 753 579 808 πρὸς
593 752 640 795 τὸ
661 752 756 802 τούς
788 752 1066 807 δικαζομένους
1096 752 1152 807 μὴ
1183 754 1425 808 περιπίπτειν
1451 753 1621 806 θλίψεσι
1663 750 1731 792 καὶ

301 822 477 876 ζημίαις,
515 819 618 862 ἀλλὰ
648 827 810 874 ταχεῖαν
836 819 935 874 ἔχειν
961 819 1035 875 τὴν
1067 817 1321 875 ἀπαλλαγήν
1357 818 1453 876 ὅπερ
1483 817 1730 874 μονόβιβλον

300 885 607 937 κατασκευάσας
640 887 815 942 ἔπεμψεν
847 889 887 930 ἓν
900 885 1093 942 Ἀθήναις
1110 889 1175 930 καὶ
1196 888 1236 929 έν
1257 890 1446 944 Βηρυτῷ.
1741 893 1786 928 10

396 954 444 998 ‘O
464 956 508 998 δὲ
531 954 653 1004 αὐτὸς
669 955 858 1008 βασιλεὺς
874 955 1105 1010 ἀπεμέρισεν
1130 954 1208 997 ἀπὸ
1225 954 1463 1008 Ἀντιοχείας
1478 957 1551 1008 τῆς
1569 948 1733 1008 πρώτης

248 1030 279 1064 C
302 1025 453 1079 Συρίας
501 1024 751 1066 Λαοδίκειαν
804 1024 869 1064 καὶ
916 1020 1088 1076 Γάβαλα
1137 1024 1202 1065 καὶ
1244 1020 1428 1081 Πάλτον-
1465 1021 1539 1070 τὰς
1583 1016 1730 1070 πόλεις,

300 1093 367 1133 καὶ
398 1090 476 1133 ἀπὸ
499 1090 717 1144 Ἀπαμείας
744 1093 816 1144 τῆς
845 1091 1032 1146 δευτέρας
1054 1092 1205 1146 Συρίας
1247 1089 1459 1138 Βαλανέας
1486 1087 1624 1140 πόλιν,
1667 1086 1734 1128 καὶ

300 1160 482 1213 ἐποίησεν
503 1158 694 1213 ἐπαρχίαν
703 1191 716 1210 ,
752 1157 893 1212 ’ἥντινα
920 1155 1151 1211 ἐπωνόμασε
1187 1154 1470 1213 Θεοδωριοίδα,
1507 1155 1604 1205 δοὺς
1629 1152 1734 1210 αὐτῇ

301 1228 366 1268 καὶ
391 1225 725 1280 μητροπολιτικὸν
745 1227 909 1268 δίκαιον.
976 1225 1047 1267 τὸν
1079 1226 1124 1267 δὲ
1151 1226 1364 1267 ἐπίσκοπον
1381 1224 1630 1271 Λαοδικείας
1656 1220 1728 1264 οὐκ
1739 1225 1781 1283 15

298 1293 551 1348 ἠλευθέρωσε
567 1297 638 1335 τοῦ
656 1291 896 1335 ὑποκεῖσθαι
913 1296 971 1350 τῷ
988 1290 1215 1348 πατριάρχῃ
1232 1297 1305 1346 τῆς
1321 1291 1551 1346 Ἀντιοχέων
1569 1288 1732 1336 πόλεως.

396 1360 462 1402 Ἔν
489 1361 533 1402 δὲ
559 1364 616 1418 τῷ
647 1360 756 1416 αὐτῷ
783 1357 917 1417 χρόνῳ
948 1359 1099 1401 ἔπαθεν
1123 1357 1203 1401 ὑπὸ
1235 1360 1456 1413 θεομηνίας
1490 1355 1736 1413 μητρόπολις

299 1432 372 1483 τῆς
390 1428 555 1476 Λυκίας
601 1428 653 1470 τὰ
683 1426 841 1483 Μύρα·
877 1428 942 1468 καὶ
969 1426 1101 1468 πολλὰ
1129 1427 1341 1482 ἐχαρίσατο
1370 1432 1455 1474 τοῖς
1473 1424 1733 1481 ὑπολειφθεῖ-

299 1513 340 1539 σι
360 1497 426 1538 καὶ
444 1499 494 1551 τῇ
518 1491 630 1536 πόλει
664 1497 718 1544 εἷς
735 1496 933 1547 κτίσματα
968 1491 988 1536 ὅ
1009 1493 1131 1542 αὐτὸς
1147 1491 1349 1547 βασιλεύς.

397 1562 463 1604 Ἔν
483 1562 526 1604 δὲ
545 1566 602 1617 τῷ
623 1562 731 1620 αὐτῷ
744 1559 877 1619 χρόνῳ
896 1560 1042 1615 ἐγένετο
1070 1561 1227 1616 ταραχὴ
1248 1562 1288 1602 έν
1305 1559 1520 1618 Ἀντιοχείᾳ
1537 1562 1587 1614 τῇ
1611 1554 1792 1611 myri-20

300 1634 351 1686 λῃ
395 1630 435 1671 ἓν
473 1632 530 1688 τῷ
557 1628 734 1687 θεάτρῳ.
813 1630 879 1671 καὶ
909 1627 960 1670 τὰ
986 1632 1060 1682 τῆς
1091 1632 1271 1684 ταραχῆς
1302 1627 1504 1682 ἀνηνέχθη
1537 1630 1595 1683 τῷ
1626 1624 1736 1681 αὖτῷ

300 1701 468 1752 βασιλεῖ.
538 1699 605 1738 καὶ
648 1694 927 1753 ἀγανακτήσας
968 1696 1010 1746 ἐξ
1040 1695 1188 1738 ἐκείνου
1219 1693 1392 1738 ἐκώλυσε
1423 1693 1495 1748 τὴν
1529 1693 1633 1736 θέαν
1663 1695 1736 1734 τοῦ

391 1827 447 1863 12.
483 1822 636 1873 Δαβαλοὶ
659 1826 726 1860 Ox·
739 1851 750 1870 ‚
775 1823 926 1873 Γάβαλα
948 1835 1050 1871 supra
1072 1837 1106 1871 p.
1129 1826 1185 1861 32.
1208 1826 1249 1860 Β.
1349 1826 1404 1861 16.
1427 1821 1645 1868 ἐλευθέρωσε
1668 1821 1737 1856 Ox.

304 1939 349 1973 ab
383 1939 596 1984 Imperatore
627 1937 812 1973 Justiniano
847 1949 920 1973 cum
949 1937 1136 1983 Legatione
1174 1937 1333 1983 donisque
1366 1935 1568 1972 salutatoriis
1596 1933 1737 1976 missum,

304 1985 475 2030 peramice
498 1983 641 2029 excepit.

396 2029 548 2072 Contigit
580 2033 688 2062 autem
719 2039 782 2073 per
805 2028 842 2062 id
863 2031 1011 2074 tempus,
1048 2029 1231 2070 Amisiam,
1267 2027 1432 2062 Ponticae
1453 2025 1588 2060 ditionis
1609 2023 1737 2076 urbem,

304 2086 371 2108 una
393 2085 465 2107 cum
497 2073 690 2117 regionibus
722 2073 982 2116 circumvicinis,
1017 2074 1162 2109 divinam
1183 2074 1267 2108 iram
1289 2073 1421 2108 subire:
1464 2071 1518 2105 cui
1539 2070 1640 2106 etiam
1662 2069 1738 2102 urbi

303 2119 491 2164 Imperator
514 2118 657 2163 plurima
677 2118 818 2162 largitus
841 2123 901 2153 est.

395 2163 523 2198 Eodem
544 2168 697 2208 tempore
718 2164 826 2207 Leges
847 2175 958 2198 omnes
976 2168 1107 2199 veteres
1129 2164 1164 2198 in
1185 2162 1343 2198 Codicem
1364 2173 1460 2196 unum
1482 2162 1621 2195 coactae
1641 2161 1739 2193 sunt:

305 2208 387 2254 quin
409 2212 445 2242 et
466 2209 573 2252 Leges
596 2219 616 2242 a
642 2218 678 2241 se
700 2208 806 2250 latas,
848 2221 910 2254 per
931 2209 1075 2254 singulas
1099 2209 1234 2254 Imperii
1265 2209 1364 2242 urbes
1386 2206 1587 2241 Justinianus
1619 2204 1739 2245 emisit,

304 2265 437 2299 nempe,
459 2257 497 2287 ut
519 2254 554 2287 in
572 2254 625 2297 jus
647 2253 772 2294 vocati,
803 2254 941 2288 celerius
965 2262 999 2288 et
1020 2255 1139 2289 minori
1162 2266 1234 2288 cum
1255 2252 1439 2298 dispendio,
1462 2249 1646 2285 causidicis
1668 2261 1740 2283 sese

305 2299 514 2344 expedirent.
559 2298 668 2342 Leges
689 2309 770 2332 vero
792 2299 872 2341 has,
904 2299 939 2333 in
961 2300 1115 2335 volumen
1137 2311 1234 2334 unum
1255 2299 1420 2342 digestas,
1443 2297 1591 2331 Athenas
1613 2298 1649 2330 et
1669 2294 1740 2328 Be-

304 2350 415 2389 rytum
438 2343 628 2378 transmisit.
1689 2382 1698 2392 ·

394 2388 486 2422 Idem
507 2389 696 2433 Imperator
716 2387 958 2430 Laodicaeam,
991 2390 1179 2432 Gabalam,
1213 2388 1412 2432 Paltumque
1433 2387 1533 2420 urbes
1556 2385 1599 2419 ab
1622 2384 1740 2418 Antio-

305 2433 383 2468 chia
405 2433 526 2478 Syriae
548 2433 691 2479 primae,
727 2434 769 2467 ab
792 2433 932 2477 Apamia
954 2440 1066 2469 autem
1097 2436 1219 2479 Syriae
1241 2433 1406 2468 secundae
1439 2432 1602 2466 Balaneas
1625 2430 1739 2464 urbem

303 2478 482 2521 dirimens,
506 2479 542 2512 in
564 2477 765 2512 Provinciae
787 2479 925 2512 formam
949 2479 1103 2524 redegit3
1140 2490 1238 2524 quam
1261 2477 1360 2512 etiam
1379 2478 1458 2521 jure
1481 2473 1738 2520 Metropolitico

303 2525 480 2565 donatam,
520 2524 789 2559 Theodoriadem
811 2523 1007 2558 nominavit.
1052 2524 1256 2569 Episcopum
1277 2528 1388 2557 tamen
1411 2522 1646 2556 Laudicensem
1669 2520 1740 2553 Au-

302 2569 459 2603 tiocheno
482 2569 704 2603 Patriarchae
725 2568 827 2603 nihilo
850 2568 970 2609 secius,
993 2568 1043 2602 uti
1066 2573 1176 2609 antea,
1199 2569 1331 2602 subesse
1352 2567 1471 2602 voluit.

393 2613 521 2647 Eodem
543 2616 695 2659 tempore
717 2613 862 2648 divinam
885 2613 969 2647 iram
993 2624 1152 2658 perpessa
1173 2620 1226 2647 est
1247 2614 1373 2657 Myra,
1410 2612 1539 2658 Lyciae
1562 2610 1740 2654 Metropo-

304 2658 367 2699 lis;
402 2659 458 2692 cui
479 2659 736 2702 instaurandae,
768 2664 807 2694 ut
829 2658 927 2693 etiam
950 2658 1079 2693 civibus
1100 2657 1357 2704 superstitibus,
1391 2657 1578 2703 Imperator
1600 2655 1741 2700 plurima

306 2714 343 2737 su
393 2703 547 2739 editavit.
753 2706 756 2707 ⁷

344 2714 465 2782 PPSub
488 2748 523 2782 id
545 2748 650 2793 ipsum
678 2751 808 2795 tempus
833 2748 1029 2783 Antiochiae
1059 2759 1201 2793 magnae
1225 2747 1399 2782 Tumultus
1427 2747 1544 2791 ingens
1565 2744 1600 2779 in
1623 2744 1741 2778 Thea-

306 2794 361 2828 tro
386 2794 522 2829 obortus
543 2800 612 2838 θεῖς
644 2794 687 2831 de
709 2807 774 2842 quo
798 2795 923 2831 certior
943 2795 1054 2830 factus
1074 2793 1272 2841 Imperator,
1295 2793 1416 2828 exinde
1436 2791 1472 2827 in
1492 2792 1577 2827 iram
1599 2799 1742 2825 commo·
