1838 3230
250 212 349 258 260
410 198 417 259 1
646 201 1307 248 IOANNISMALALAE
1363 219 1365 222 -

251 331 332 375 λος.
404 320 621 371 καὶ,ἔάσας
644 323 767 364 Τίτον
794 321 865 364 τὸν
896 321 1042 365 ἑαυτοῦ
1073 322 1162 365 υἱὸν
1196 324 1382 376 πολεμεῖν
1411 321 1485 376 τὴν
1504 319 1706 364 Ἰουδαίαν

201 401 232 434 C
250 392 389 450 χώραν
410 388 537 446 ἦλθεν
557 392 620 432 ἐπὶ
642 389 714 443 τὴν
731 388 902 445 Ῥώμην,
921 393 986 432 καὶ
1008 392 1262 444 ἐβασίλευσεν
1285 389 1352 445 ἔτη
1372 387 1418 431 θ’
1439 391 1503 430 καὶ
1521 393 1652 443 μῆνας
1665 387 1704 432 ι”.

213 497 215 499 ,
252 463 317 503 ἐπὶ
340 461 384 502 δὲ
402 465 474 514 τῆς
495 458 620 501 αὐτοῦ
638 458 846 510 βασιλείας
863 458 1011 513 ἐγένετο
1033 458 1206 514 διωγμὸς
1222 458 1347 513 μέγας
1365 461 1447 499 τῶν
1462 461 1706 512 χριστιανῶν

252 531 315 570 ἐπὶ
334 532 406 582 τῆς
422 527 615 574 ὓπατείας
632 525 782 567 Δεκίου
802 524 1140 569 καὶῬουστικίου.
1212 530 1269 583 τῷ
1296 527 1339 567 δὲ
1356 523 1419 580 λη’
1443 524 1518 567 ἔτει
1535 524 1637 579 μετὰ
1657 523 1701 567 *ct*

251 597 541 651 ἀναληφθῆναι
568 594 638 635 τὸν
669 598 835 649 σωτῆρα
864 595 1047 650 Χριστὸν
1079 593 1100 636 ὃ
1132 595 1254 642 Τίτος
1294 593 1368 648 τὴν
1392 593 1595 635 Ἰουδαίαν
1624 601 1738 650 ποι-5

252 665 396 719 ρέλαβε
437 663 502 704 καὶ
541 662 613 715 τὴν
638 658 903 717 Ἰερουσαλὴμ
939 664 1000 704 ἐπὶ
1041 667 1114 718 τῆς
1150 661 1343 711 ὑπατείας
1379 659 1605 714 Κομμόδου
1640 662 1708 702 καὶ

248 730 388 774 Ῥούου
400 763 412 782 ,
460 726 747 784 βασιλεύοντος
787 734 860 772 τοῦ
897 730 1052 786 πατρὸς
1092 730 1216 773 αὐτοῦ
1262 729 1568 772 Οὐεσπασιανοῦ
1582 742 1590 752 ·
1639 729 1707 770 καὶ

252 797 459 855 ἐπόρθησε
478 786 555 852 Χτὴν
574 796 839 853 Ἰερουσαλὴμ
865 800 932 840 καὶ
951 802 1087 840 πᾶσαν
1105 798 1177 852 τὴν
1193 799 1474 851 Παλαιστιί.ἠν
1501 798 1565 838 καὶ
1584 796 1639 838 τὸ,
1651 796 1705 839 ἱε-

252 867 428 924 ρόντῶν
444 867 653 908 Ἰουδαίων
673 866 942 922 κατέστρεψεν
962 866 1004 907 ἓν
1022 870 1071 923 τῇ
1095 866 1198 922 αὐτῇ
1218 870 1290 920 τῆς
1312 864 1454 920 ἑορτῆς
1472 862 1616 922 ἡμέρα,
1639 862 1705 905 ὅτε

250 935 455 991 παρέλαβε
485 934 558 988 τὴν
587 931 726 986 πόλιν,
762 935 828 976 καὶ
859 932 1040 976 ἀπώλεσε
1064 939 1210 988 ψυχῶν
1225 931 1428 989 μυριάδας
1449 931 1513 988 ρι’,
1552 935 1704 988 ξίφεσιν
1718 941 1761 974 10

102 1011 136 1044 0
159 1012 227 1047 337
252 1003 400 1052 αὐτοὺς
427 999 691 1054 κατακόψας·
729 1001 856 1051 ἄλλοις
886 1003 930 1044 δὲ
955 1000 1161 1058 μυριάδας
1190 1000 1232 1044 ιε’
1254 1001 1522 1055 διαπέπρακεν
1555 1002 1706 1054 αἰχμα-

194 1079 227 1113 D
251 1069 392 1114 λίότων
429 1071 645 1112 νεανίσκων
680 1071 747 1111 καὶ
784 1071 940 1112 παίδων
978 1070 1195 1127 ἀρρενικῶν
1228 1071 1294 1112 καὶ
1332 1068 1548 1124 παρθένων
1581 1084 1706 1124 κορα-

249 1141 370 1190 σίων,
409 1138 551 1187 καθὼς
572 1138 638 1179 καὶ
662 1135 857 1192 Ἰώσηπος
877 1136 897 1179 ὃ
920 1136 1161 1194 σοφώτατος
1182 1135 1486 1193 συνεγράψατο·
1519 1134 1707 1191 Ἑβραῖος

250 1207 329 1263 γὰρ
357 1204 509 1262 ὖπῆρχε
545 1206 610 1246 καὶ
638 1210 773 1261 παρῆν
796 1207 836 1247 ἐν
856 1210 913 1263 τῷ
934 1206 1109 1264 πολέμῳ.
1180 1207 1246 1248 καὶ
1267 1203 1401 1254 πάσας
1423 1205 1467 1246 δὲ
1486 1203 1559 1253 τὰς
1578 1204 1706 1260 ε’παρ-

247 1275 342 1330 χίας
374 1278 446 1328 τῆς
472 1273 674 1322 Ἰουδαίας
704 1271 906 1316 ἀπώλεσεν
937 1271 958 1315 ὃ
990 1276 1125 1323 Τίτος.
1197 1272 1217 1315 ὃ
1249 1275 1292 1316 δὲ
1319 1272 1446 1329 σοφὸς
1467 1271 1663 1325 Εὐσέβιος
1682 1269 1760 1314 «515

250 1343 477 1398 Παμφίλου
521 1339 806 1396 συνεγράψατο
843 1340 997 1392 οὕτως,
1036 1339 1097 1383 ὅτι
1136 1341 1178 1383 ἓν
1214 1345 1264 1397 τῇ
1303 1339 1422 1397 ἑορτῇ
1464 1339 1599 1382 αὐτῶν
1631 1339 1703 1382 τὸν

250 1409 435 1466 Χριστὸν
466 1407 728 1464 ἐσταύρωσαν
755 1409 793 1450 οἳ
819 1408 1007 1450 Ἰουδαῖοι
1033 1411 1098 1450 καὶ
1129 1409 1170 1450 ἕν
1200 1413 1251 1465 τῇ
1282 1408 1386 1464 αὐτῇ
1415 1405 1535 1464 ἑορτῇ
1556 1404 1704 1456 πάντες

252 1476 479 1528 ἀπώλοντο,
499 1481 572 1518 τοῢ
593 1481 775 1532 σωτῆρος
795 1475 1061 1525 ἐκδεδωκότος
1080 1474 1240 1526 αὐτούς.
1293 1483 1397 1533 τρεῖς
1415 1476 1459 1516 δὲ
1477 1474 1580 1529 μετὰ
1602 1472 1704 1516 ταύ-

251 1562 325 1597 της
344 1541 567 1601 πορθήσεις
588 1546 661 1586 εἶσὶ
683 1549 761 1599 τῆς.
781 1542 1066 1599 Ἰερουσαλήμ,
1103 1545 1219 1587 καθιὲ
1226 1561 1246 1594 ς
1267 1542 1287 1586 ὃ
1314 1541 1555 1600 σοφώτατος
1574 1542 1704 1585 Εὐσέ-

251 1618 342 1667 βιος
360 1610 658 1668 συνεγράψατο.
1251 1635 1253 1637 ’
1289 1645 1291 1647 -
1711 1623 1758 1656 20

348 1678 396 1722 Ὁ
418 1681 462 1721 δὲ
484 1682 606 1729 Τίτος
623 1677 909 1736 θριαμβεύσας
924 1679 997 1734 τὴν
1016 1680 1127 1735 νίκην
1149 1679 1334 1734 ἀπῆλθεν
1355 1678 1417 1720 ἐπὶ
1436 1677 1510 1734 τὴν
1519 1674 1678 1733 Ῥώμην
1691 1691 1702 1702 ·

257 1747 562 1797 Οὐεσπασιανὸς
583 1749 626 1790 δὲ
652 1749 694 1790 ἐκ
711 1752 784 1802 τῆς
801 1748 1027 1802 Ἰουδαϊκῆς
1053 1749 1230 1805 πραίδας
1247 1747 1397 1789 ἔκτισεν
1419 1747 1459 1788 ἒν
1484 1750 1533 1803 τῇ
1545 1745 1701 1788 Ἀντιο-

344 1853 380 1891 3.
404 1853 523 1891 αὐτοῦ
544 1856 631 1896 eh„
655 1847 792 1891 εαῡωῦ
813 1856 879 1890 Ox.
973 1856 1004 1891 5.
1038 1853 1079 1900 ὁ]
1105 1852 1125 1891 ὁ
1150 1852 1190 1891 δὲ
1214 1855 1280 1890 Ox.
1372 1853 1405 1887 7.
1424 1850 1579 1898 Ῥούου]
1597 1850 1702 1888 Ῥού-

343 1913 419 1944 φου
443 1902 508 1935 Oh.
607 1902 689 1937 ibid.
722 1900 863 1945 αὑτοῦ]
889 1897 1008 1937 αὑτοῦ
1031 1903 1099 1936 ΟΧ.
1192 1902 1258 1946 >13.
1288 1895 1478 1944 Ἰώσηπος]
1503 1900 1601 1933 Cous.
1624 1899 1698 1932 Bel.

342 1946 418 1980 Iud.
441 1947 500 1979 VI.
524 1948 557 1981 9.
587 1952 622 1980 et
651 1947 735 1983 Mai.
767 1947 810 1981 ad
832 1948 958 1981 Euseb.
984 1959 1019 1992 p.
1041 1949 1120 1982 376.
1236 1948 1287 1981 18.
1320 1949 1415 1989 τρεῖς
1437 1965 1481 1970 -
1503 1942 1703 1988 πορθήσεις

344 1992 415 2026 εἰσί
433 1991 705 2070 OSchurzfleisch.
734 1992 846 2027 Notit.
879 1994 966 2027 Bibl.
999 1993 1116 2027 Vinar.
1152 2003 1185 2038 p.
1218 1993 1295 2033 56.‚
1330 1992 1409 2036 τρὶς
1429 2010 1474 2016 -
1495 1991 1701 2035 πορθηθεῖ-

345 2048 410 2082 σης
468 2048 500 2070 x.

256 2127 330 2162 dus.
377 2127 466 2160 Belli
489 2129 598 2161 autem
621 2127 754 2162 Judaici
786 2140 867 2163 cura
889 2127 974 2163 Tito
997 2128 1066 2163 filio
1098 2127 1288 2169 commissa3
1326 2127 1397 2172 ipse
1419 2126 1560 2161 Romam
1582 2127 1700 2171 prose-

259 2178 334 2206 ctus
357 2177 426 2206 est:
450 2172 508 2206 ubi
531 2172 714 2216 imperavit
736 2185 838 2208 annos
862 2185 897 2207 rx
922 2179 957 2208 et
972 2176 1104 2208 Menses
1127 2185 1159 2206 x.
1207 2173 1314 2216 Hujus
1335 2173 1395 2206 sub
1418 2171 1572 2217 imperio,
1597 2172 1700 2205 Chri-

257 2218 357 2252 stiani
379 2217 640 2263 persecutionem
664 2229 801 2262 gravem
824 2219 972 2264 perpessi
994 2224 1090 2260 sunt,
1121 2218 1226 2252 Decio
1251 2223 1287 2252 et
1308 2217 1462 2251 Rusticio
1486 2217 1581 2251 Coss.
1627 2220 1699 2251 An-

256 2274 300 2296 no
325 2267 437 2296 autem
458 2272 591 2296 xxxvm
613 2270 690 2307 post
712 2263 880 2298 Christum
907 2265 1119 2299 Salvatorem
1140 2264 1176 2298 in
1199 2263 1320 2297 Coelos
1342 2266 1560 2308 assumptum,
1597 2262 1700 2296 Com-

256 2309 354 2342 modo
379 2312 414 2341 et
435 2308 524 2341 Rufo
549 2308 639 2342 Coss.
675 2308 888 2353 Imperatoris
911 2309 1108 2354 Vespasiani
1131 2309 1218 2343 filius
1241 2309 1354 2349 Titus,
1376 2308 1551 2348 Judaeam,
1574 2307 1699 2342 Hiero-

258 2353 418 2397 solymis,
458 2357 630 2397 totamque
659 2354 744 2387 adeo
769 2354 992 2388 Palaestinam
1022 2358 1220 2399 occupatam
1243 2353 1407 2395 vastavit3
1449 2354 1601 2397 urbeque
1622 2354 1697 2399 ipso

258 2398 352 2432 Festi
383 2398 439 2431 die
467 2402 587 2443 capta,
624 2399 826 2432 Judaeorum
856 2400 1017 2444 templum
1039 2401 1181 2434 evertit:
1223 2398 1381 2432 undecies
1414 2403 1524 2432 autem
1557 2403 1699 2432 centena

257 2443 361 2477 millia
390 2442 593 2477 ,Iudaeorum
624 2443 737 2488 gladio
767 2444 957 2484 interfecit;
996 2449 1125 2479 centum
1155 2456 1236 2478 vero
1268 2448 1303 2478 et
1330 2442 1575 2488 quinquaginta
1597 2444 1699 2478 millia

254 2489 422 2531 juniorum
451 2488 624 2533 utriusque
646 2500 742 2522 sexus
766 2489 883 2522 hastae
911 2490 1074 2533 subjecit3
1117 2486 1267 2524 Iudaeae
1297 2499 1432 2533 quoque
1461 2489 1698 2524 Praefecturas

259 2545 369 2572 omnes
392 2533 540 2567 sustulit:
578 2533 630 2568 uti
651 2538 792 2568 testatur
817 2533 1075 2578 sapientissimus
1097 2535 1261 2579 Josephus
1282 2534 1448 2575 Judaeus,
1485 2534 1544 2578 qui
1567 2540 1603 2570 et
1624 2535 1697 2580 ipse

258 2578 336 2611 huic
368 2579 456 2613 bello
485 2579 653 2613 interfuit.
710 2578 780 2613 Sed
803 2582 838 2612 et
859 2580 1039 2613 memoriae
1067 2580 1219 2625 prodidit
1241 2579 1342 2613 etiam
1376 2580 1508 2624 sapiens
1530 2579 1697 2614 Eusebius

257 2623 435 2668 Pamphili,
458 2624 603 2658 Judaeos
621 2635 743 2666 omnes,
766 2623 882 2658 eodem
896 2623 969 2668 ipso
990 2624 1106 2665 Festo,
1129 2625 1236 2659 exitio
1254 2625 1352 2659 datos
1373 2625 1487 2666 fuisse,
1511 2625 1698 2670 quo-Chri-

259 2672 345 2701 stum
376 2668 467 2702 cruci
499 2669 696 2711 affixerant;
734 2669 912 2703 salvatore
939 2674 1054 2703 nostro
1082 2669 1156 2703 illos
1184 2670 1219 2703 in
1242 2681 1353 2704 manus
1388 2670 1528 2704 hostium
1559 2681 1695 2704 suorum
1736 2672 1737 2675 ’

259 2714 427 2747 tradente.
475 2714 596 2748 Tertia
616 2726 697 2749 vero
721 2716 804 2748 haec
827 2718 879 2748 est
898 2714 1201 2759 Hierosolymarum
1223 2715 1429 2757 devastatio;
1457 2715 1507 2750 uti
1529 2716 1618 2750 idem
1640 2727 1696 2749 sa-

258 2756 477 2800 pientissimus
499 2758 663 2794 Eusebius
684 2759 861 2794 memoriae
883 2759 1043 2805 prodidit.
1655 2764 1658 2765 ⁷

349 2802 451 2836 Titus
473 2808 604 2845 autem,
641 2804 810 2849 triumpho
841 2804 884 2839 de
905 2804 1041 2839 Judaeis
1064 2805 1255 2846 celebrato,
1294 2805 1433 2840 Romam
1456 2807 1692 2840 reversusest.

259 2845 479 2892 Vespasianus
501 2854 635 2892 autem,
656 2861 698 2884 ex
721 2850 851 2896 praeda
871 2850 1034 2892 Jndffica,
1066 2855 1144 2885 aute
1167 2851 1367 2886 Antiochiae
1388 2862 1528 2896 magnae
1549 2854 1692 2896 portam,
