1838 3230
282 173 377 219 104
672 165 958 211 IOANNIS
987 165 1322 210 MALALAE

278 282 466 343 ῗσχυρός,
513 283 688 343 εὕρινος,
735 281 1007 341 δασυπώγων,
1043 284 1283 343 εὗκέφαλος,
1321 281 1538 343 οὖλόθριξ,
1575 284 1720 336 ἀπονε-

278 354 473 410 νοημένος
495 350 749 408 πολεμιστής.
1669 384 1675 388 .

385 420 636 477 Φιλοκτήτης
653 419 841 476 εὐμήκης,
871 419 1050 473 εὔθετος,
1085 418 1346 477 μελάγχρους,
1382 417 1602 478 σύνοφρυς,
1633 437 1741 476 γεγε

279 497 417 542 ναΐος,
454 488 739 546 εὖόφθαλμος,
777 487 950 543 εὕρινος,
983 487 1221 546 μελάνθριξ,
1257 486 1472 545 πολύθριξ,
1508 486 1720 547 φρόνιμος,

281 556 449 612 τοξότης
469 557 679 612 εἷίστοχος,
716 556 1011 613 μεγαλόψυχος.
1217 604 1219 607 f
1731 567 1764 602 5:

382 626 494 675 Αἴας
530 623 550 666 ὃ
588 624 758 677 Λοκρὸς
791 623 947 680 μακρός
957 658 970 677 ,
1007 622 1222 679 εὖσθενής,
1258 625 1493 679 μελίχρους,
1529 619 1722 679 στραβός,

284 691 460 748 εὕρινος,
502 691 721 748 οὗλόθριξ,
766 690 1013 748 μελάνθριξ,
1051 690 1328 747 δασυπώγων,
1363 688 1592 748 μακρόψις,
1628 693 1726 733 voz-

281 759 413 817 μηρὸς
432 759 696 815 πολεμιστής,
732 758 1037 816 μεγαλόψυχος,
1074 758 1349 816 καταγύναιος.

138 837 172 872 Ο
196 839 262 875 131
386 825 554 885 Πύῤῥος
598 826 618 870 ὅ
658 830 725 870 καὶ
763 826 1048 883 Νεοπτόλεμος
1091 829 1243 883 εὗῆλιξ,
1298 824 1512 883 εὖθώραξ,
1566 819 1725 875 λεπτός,

229 899 260 934 Β
284 893 448 948 λευκός,
483 895 650 952 εὕρινος,
685 894 927 954 πυῤῥόθριξ,
965 891 1097 948 οὖλος,
1133 893 1399 951 ὗπόγλαυκος,
1433 889 1725 949 μεγαλόφθαλ-
1738 904 1785 939 10

282 981 383 1017 μος,
421 961 679 1021 ξάνθοφρυς,
718 964 1108 1019 ξανθοαρχιγένειος,
1155 960 1471 1018 στρογγυλόψις,
1509 956 1725 1016 προπετής,

283 1028 487 1086 τολμηρός
494 1064 507 1083 ,
554 1031 789 1084 εὕσκυλτος,
836 1032 976 1087 πικρὸς
1011 1029 1265 1085 πολεμιστής.
1336 1024 1454 1079 οὗτος
1481 1029 1524 1070 δὲ
1553 1025 1731 1082 ὑπῆρχεν.

283 1089 373 1148 ἰῙὶὸς
393 1103 466 1140 τοῦ
479 1098 688 1153 Ἀχιλλέως
708 1100 750 1141 ἐκ
767 1100 1032 1154 Δηιδαμειής,
1067 1098 1274 1154 θυγατρὸς
1291 1093 1583 1151 Λυκομήδους,
1621 1093 1733 1143 ὅστις

285 1166 388 1220 μετὰ
416 1165 489 1219 τὴν
518 1166 706 1220 τελευτὴν
728 1171 801 1208 τοῦ
823 1168 926 1208 ἰδίου
949 1166 1103 1223 πατρὸς
1125 1167 1356 1222 ἐξεπέμφθη
1375 1163 1453 1206 ὑπὸ
1478 1163 1645 1212 Θέτιδος
1663 1162 1732 1205 καὶ

285 1232 471 1287 Πηλέως,
498 1231 600 1287 [ὡς]
623 1232 788 1276 πάππου
813 1233 954 1286 αὐτοῦ,
979 1236 1161 1288 αἰτηθεὶς
1181 1232 1261 1276 ὑπὸ
1284 1238 1363 1276 τῶν
1379 1233 1562 1287 Ἀχαιῶν,
1584 1228 1640 1280 ὧς
1653 1232 1727 1272 τοῦ
1741 1239 1789 1275 15,

283 1300 492 1355 Ἀχιλλέως
516 1298 623 1358 δόλῳ
651 1301 942 1357 φονευθέντος,
980 1303 1183 1355 ἐκδικῆσαι
1203 1301 1249 1343 τὸ
1270 1304 1460 1357 πατρῷον
1479 1296 1594 1353 αἷμα.
1665 1298 1732 1338 καὶ

291 1366 558 1422 ὁπλισάμενος
587 1366 895 1424 ἐπεστράτευσεν
925 1371 979 1418 εἷς
1007 1369 1054 1411 τὸ
1077 1368 1199 1411 Ἴλιον
1230 1368 1304 1411 σὺν
1329 1369 1470 1410 ναυσὶν
1496 1363 1560 1420 »ιβ’
1590 1366 1633 1407 ἐκ
1657 1367 1730 1406 τοῦ

289 1436 463 1490 Πηλέως
489 1435 626 1488 λαβὼν
650 1436 750 1478 ἴδιον
777 1436 952 1491 στρατὸν
974 1435 1254 1491 ,Μυρμιδόνων
1263 1468 1276 1488 ,
1311 1435 1383 1477 τὸν
1407 1432 1585 1489 ἀριθμὸν
1615 1429 1729 1491 ,αχν’.

290 1505 357 1545 καὶ
385 1501 645 1552 ἀποπλεύσας
672 1504 866 1556 κατέλαβε
888 1504 960 1558 τὴν
982 1506 1135 1560 Τροίαν
1146 1536 1160 1556 ,
1196 1505 1262 1546 καὶ
1282 1497 1393 1559 εὗρεν
1414 1504 1469 1550 εἷς
1488 1500 1561 1550 τὰς
1581 1499 1731 1554 σκηνὰς

289 1575 363 1612 τοῦ
383 1571 487 1612 ῗδίου
508 1570 662 1626 πατρὸς
687 1570 895 1625 Ἀχιλλέως
918 1569 1201 1626 Ἱπποδάμειαν
1225 1571 1299 1625 τὴν
1319 1572 1386 1613 καὶ
1405 1569 1619 1624 Βρισηίδα,
1649 1564 1729 1623 φύ-
1740 1581 1787 1616 20

238 1649 268 1683 c
291 1643 396 1681 λακα
421 1641 504 1680 τῶν
529 1642 601 1680 τοῦ
623 1638 832 1694 Ἀχιλλέως
859 1637 1032 1682 πάντων.
1096 1638 1235 1693 ἥντινα
1256 1635 1550 1692 ἀποδεξάμενος
1570 1633 1668 1689 εἶχεν
1691 1635 1732 1677 ἓν

381 1755 415 1793 4.
445 1754 733 1801 μελάγθριξῡκ.
871 1758 925 1792 10.
961 1754 1067 1798 mildg-
1087 1758 1153 1792 Ox.
1175 1757 1232 1792 hic
1255 1760 1291 1792 et
1314 1757 1389 1793 105.
1415 1757 1469 1791 11.
1496 1754 1571 1791 106.
1595 1755 1651 1791 11.
1678 1754 1731 1790 16.

385 1803 439 1837 11.
480 1801 693 1847 ξανθόφρυς
726 1803 811 1845 Ch„
854 1802 1072 1848 ξανθόφρυξ
1104 1804 1172 1838 Ox.
1309 1804 1363 1838 13.
1406 1801 1632 1845 Δαιδαμείης
1665 1800 1732 1834 Ox.

385 1847 440 1882 15.
473 1845 522 1888 ὥς
545 1848 629 1881 dele.
723 1851 776 1885 16.
794 1847 994 1895 ἐκδικῆσαι
1017 1850 1101 1891 Ch„
1125 1848 1319 1895 ἐκδηκῆσαι
1342 1849 1409 1884 Ox.
1498 1849 1556 1883 20.
1586 1845 1734 1892 φύλακα

383 1892 471 1935 Ch„
497 1891 644 1938 φήλακα
665 1893 733 1928 Ox.
1648 1920 1650 1922 >

294 1993 463 2039 pulchris,
495 1995 649 2029 membris
669 1997 756 2030 bene
777 1997 989 2042 compositis,
1013 1996 1165 2038 validus,
1188 2008 1270 2031 naso
1294 1995 1459 2041 eleganti,
1491 1993 1601 2029 barba
1621 1991 1734 2027 hirsu-

294 2044 353 2080 ta,
377 2038 491 2083 capite
514 2041 658 2083 decoro,
694 2041 786 2075 crine
808 2043 938 2086 crispo,
962 2043 1072 2077 audax
1094 2042 1248 2076 bellator.

384 2084 606 2127 Philoctetes,
630 2097 807 2130 proceruS,
831 2088 984 2122 membris
1008 2090 1093 2123 bene
1115 2086 1322 2132 compositis,
1346 2086 1458 2121 colore
1479 2085 1593 2130 nigro,
1616 2093 1736 2130 super-

296 2127 382 2162 ciliis
400 2130 549 2173 junctis,
572 2134 741 2172 strenuus,
765 2132 870 2166 oculis
892 2133 1059 2174 venustis,
1082 2144 1161 2167 naso
1187 2131 1352 2177 eleganti,
1387 2131 1508 2177 capillo
1528 2129 1627 2174 nigro
1650 2127 1736 2164 mul-

298 2176 420 2218 toque,
445 2174 594 2220 sapiens,
626 2176 798 2218 jaculandi
821 2178 967 2221 peritus,
991 2178 1226 2223 magnanimus.

387 2220 476 2263 Ajax
499 2220 689 2262 Locrensis,
721 2232 900 2265 precam,
931 2224 1102 2266 robustus,
1133 2223 1262 2264 flavus,
1292 2222 1442 2263 strabus,
1471 2218 1619 2265 eleganti
1639 2230 1733 2260 naso,

298 2263 407 2309 crispo
443 2265 608 2309 nigroque
641 2265 779 2309 capillo,
813 2267 919 2302 barba
950 2268 1102 2314 hispida,
1134 2268 1223 2302 facie
1246 2268 1411 2312 oblonga,
1445 2266 1556 2301 audax
1578 2265 1735 2306 bellator,

298 2309 546 2353 magnanimus,
571 2310 774 2344 mulierosus.

390 2355 560 2400 Pyrrhus,
584 2354 640 2400 qui
658 2359 693 2389 et
716 2356 975 2400 Neoptolemus,
999 2369 1141 2403 corpore
1161 2369 1301 2402 magno,
1323 2360 1463 2403 pectore
1485 2356 1599 2395 firmo,
1621 2353 1736 2398 graci-

296 2398 350 2440 lis,
373 2400 543 2442 candidus,
567 2411 647 2434 naso
667 2400 831 2445 eleganti,
856 2402 978 2446 capillo
995 2404 1072 2437 rufo
1097 2407 1133 2436 et
1155 2403 1286 2447 crispo,
1311 2403 1414 2438 oculis
1432 2399 1610 2436 subcaesiis
1631 2410 1735 2443 gran-

301 2445 540 2490 diusculisque,
562 2444 661 2479 flavis
683 2445 880 2490 superciliis,
903 2447 1029 2480 barbae
1052 2449 1209 2491 lanugine
1232 2450 1321 2489 rufa,
1344 2448 1433 2481 facie
1455 2445 1612 2485 rotunda,
1636 2455 1737 2490 prae-

301 2501 400 2534 cepS,
425 2491 556 2531 audax,
589 2490 781 2535 impatiens,
804 2491 948 2525 bellator
971 2494 1163 2526 acerrimus.
1210 2493 1317 2527 Filius
1340 2497 1413 2526 erat
1434 2490 1489 2524 hic
1511 2489 1669 2531 Achillis,
1695 2499 1745 2522 ex.

300 2533 496 2577 Deidamia,
531 2536 729 2580 Lycomedis
750 2535 842 2577 filia,
877 2536 934 2580 qui
960 2537 1066 2580 patris
1089 2541 1165 2582 post
1187 2543 1343 2578 mortem,
1378 2535 1521 2569 Graecis
1541 2535 1577 2569 id
1600 2534 1737 2579 efflagi-

302 2581 473 2622 tantibus,
511 2581 555 2614 ob
578 2581 738 2614 Achillem
770 2580 890 2615 fraude
912 2582 1095 2623 sublatum,
1131 2581 1266 2626 paterni
1298 2580 1463 2625 sanguinis
1494 2580 1530 2614 in
1553 2579 1736 2615 vindictam

302 2625 475 2668 profectus
503 2630 573 2667 est,
602 2637 623 2659 a
648 2625 797 2660 Thetide
819 2631 921 2670 atque
947 2626 1049 2660 Peleo
1074 2638 1137 2661 avo
1161 2626 1284 2660 missus.
1328 2625 1481 2660 Navibus
1502 2625 1620 2669 itaque
1647 2634 1735 2666 xxm,

302 2669 520 2715 exercituque
543 2682 638 2704 nmen
662 2671 926 2715 Myrmidonum,
949 2682 969 2704 a
993 2672 1094 2705 Peleo
1115 2671 1313 2711 instructus,
1344 2671 1503 2705 adversus
1525 2671 1620 2704 Ilium
1643 2680 1736 2704 arma

303 2714 426 2747 movit:
459 2716 587 2749 solvens
611 2720 740 2757 autem,
779 2721 879 2761 atque
901 2715 979 2750 litus
1003 2717 1188 2760 Trojanum
1213 2716 1394 2761 appulsus,
1426 2716 1531 2760 patris
1553 2715 1734 2749 tentorium

304 2758 448 2803 petivit3
480 2760 538 2794 ubi
560 2758 833 2806 Hippodamiam,
858 2761 930 2796 sive
950 2761 1151 2802 Briseidem,
1173 2769 1282 2795 rerum
1307 2762 1468 2802 omnium,
1491 2771 1578 2805 quae
1601 2759 1735 2794 Achillis

303 2803 460 2846 fuerant,
482 2806 651 2841 custodem
672 2806 811 2841 invenit.
858 2807 954 2842 Hanc
974 2806 1093 2852 itaque
1115 2807 1303 2852 amplexus,
1333 2818 1456 2842 summo
1478 2805 1596 2841 habuit
1614 2804 1650 2839 in
1671 2805 1735 2838 ho-
