1838 3230
287 137 387 187 566
780 133 1251 177 ANNOTATIONES.

288 250 475 289 Balneum
496 249 714 300 publicum,
747 247 1042 297 Gladiatorium,
1071 247 1296 299 Theatrum,
1326 249 1480 300 aliaq‘ue
1499 248 1732 290 Antiochen-

289 306 397 345 sibus
419 305 511 343 olim
533 310 780 352 extruxerat3
820 304 870 342 de
890 304 1033 355 quibus
1052 304 1204 343 Auctor
1223 318 1343 357 supra
1357 306 1428 345 lib.
1453 308 1492 347 9.

400 359 497 413 Pag.
526 363 620 404 244.
651 363 690 402 9.
733 360 800 400 καὶ
825 361 1058 412 Τρίνυμφον
1087 357 1418 414 εὐπρεπέστατον]
1448 360 1735 415 Trinymphum

289 418 356 457 hic
375 425 516 464 vocat,
546 417 654 469 quod
675 422 813 468 postea
836 417 991 467 saepius
1009 418 1318 470 νυμφαγωγίαν,
1351 423 1390 455 et
1407 421 1632 470 νυμφαῖον,
1659 430 1735 456 nu-

291 474 385 527 ptiis
415 473 715 524 quibuscunque
743 472 987 511 celebrandis
1023 473 1259 511 destinatum
1288 473 1525 522 aedificium,
1578 479 1625 513 ut
1649 473 1737 526 ipse

291 530 399 570 vult:
429 528 627 568 Cedrenus
646 535 775 567 tamen
795 529 1035 580 pauperibus
1054 530 1181 567 solum
1202 529 1440 579 virginibus,
1470 542 1648 581 quaeque
1665 529 1737 568 do-

292 586 420 625 mibus
446 585 617 638 propiiis
645 585 849 634 carebant,
878 597 1013 622 eorum
1032 585 1174 623 hibuit
1202 598 1340 632 usum,
1367 585 1410 623 in
1426 586 1556 624 Leone
1577 585 1736 655 Magno.

293 642 362 684 καὶ
379 638 423 681 vd
442 646 656 692 νυμφαῖον,
685 638 729 682 τὸ
749 642 866 681 τοῦδε
883 643 955 680 τοῦ
973 640 1086 681 οἴκου
1110 643 1291 694 κείμενον
1310 637 1487 695 ἀντικρὺ,
1516 641 1559 684 ἐν
1577 636 1682 698 ᾧπερ
1699 639 1743 682 οἱ

293 696 413 753 γάμοι
432 695 610 749 ἐγένοντο
628 713 707 736 των
734 712 808 737 ουκ
828 693 996 749 ἐχόντων
1017 696 1167 744 οἴκους.

405 751 502 805 Ρα3
521 753 615 796 245
640 757 702 794 11
733 752 867 801 οἴκους
883 751 1108 804 ἐτίτλωσεν]
1140 753 1182 791 id
1206 759 1277 802 est,
1296 753 1417 803 Regio
1438 752 1552 791 Fisco
1572 751 1740 803 addixit,

295 809 517 847 Titulonum
547 809 723 859 tabellis,
763 822 859 860 quas
888 809 1051 857 σανίδας
1075 816 1192 848 vocat
1222 808 1406 859 Agathias
1433 809 1501 849 lib.
1524 808 1564 850 5.
1595 808 1741 847 eisdem

295 878 368 918 pro
387 878 497 904 more
518 865 655 905 afsx1s
713 865 800 903 Hoc
823 878 919 903 vero
938 865 1094 916 privato
1117 865 1260 904 nemini
1277 865 1452 915 licitum,
1480 865 1539 903 uti
1558 878 1607 903 ex
1624 865 1743 903 Justi-

298 920 404 959 niani
420 921 582 960 Novella
600 921 915 960 xxv111.videre
938 927 1014 959 est:
1061 919 1113 961 Τὸ
1135 919 1177 961 δὲ
1208 918 1373 973 μάλιστα
1400 920 1464 961 ἐπὶ
1485 923 1559 962 τοῦ
1580 919 1742 962 Πόντου

298 973 651 1030 πλημμελούμενον
681 974 866 1029 φυλαξει,
894 992 937 1017 το
959 976 1100 1045 μηδενι
1131 978 1271 1017 δοῦναι
1299 972 1575 1043 παρῤησίαν“
1545 993 1572 1028 η
1592 977 1745 1025 τίτλους

300 1032 520 1074 ἐπιτιθέναι
540 1034 710 1086 χωρίοις,
740 1030 769 1085 ἢ
794 1028 1006 1085 οἰκήμασιν
1028 1029 1266 1104 ἀλλοτρίοις·
1297 1028 1424 1084 μόνον
1439 1030 1514 1086 γοῖρ
1532 1031 1636 1074 ἴδιον
1656 1035 1747 1073 τοῦ-

301 1105 343 1129 το
362 1091 436 1129 τοῦ
452 1104 492 1129 τε
489 1090 717 1158 δημοσίου,
740 1092 818 1129 τῶν
831 1105 870 1129 τε
890 1090 1104 1156 βασιλικων
1124 1089 1244 1130 οἴκων
1267 1088 1358 1138 ἐστὶ,
1378 1103 1459 1128 των
1474 1103 1515 1129 τε
1533 1087 1747 1159 ἡμετέρων,

301 1148 379 1184 τῶν
396 1160 437 1184 τε
455 1148 527 1196 τῆς
555 1141 834 1213 ευσεβεστατης
859 1141 1103 1198 Αὕγούστης.
1145 1145 1201 1185 Εἰ
1220 1142 1262 1184 δὲ
1286 1145 1341 1192 εἷς
1361 1143 1493 1198 ἑτέρου
1513 1141 1621 1193 τινος
1639 1160 1750 1196 ευροι

301 1203 579 1267 προσηγορίας
596 1201 758 1249 σανίδας
779 1198 1056 1250 ἀνατεθείσας,
1087 1197 1210 1249 αυτάς
1229 1197 1356 1249 εὕθὺς
1374 1197 1624 1256 καθαιρήσει,
1653 1197 1750 1241 οἰνι-

302 1252 457 1310 χνεύσει
478 1255 520 1296 δὲ
536 1254 605 1297 τόν
629 1254 772 1304 ταύτας
790 1253 1077 1307 καταπήξαντα.

417 1315 512 1364 P0¹5
540 1312 633 1354 245
667 1311 730 1353 14.
761 1316 994 1366 πορθοῦντα
1011 1310 1086 1364 τήν
1104 1308 1251 1363 πόλιν]
1283 1313 1364 1350 Scr.
1393 1314 1627 1366 πορθοῦντι.
1661 1312 1750 1351 Un-

306 1367 355 1407 de
372 1381 467 1406 vero
489 1368 739 1406 Histmiolam
755 1367 856 1407 hanc
875 1369 1031 1420 petierit
1051 1369 1199 1406 Auctor
1220 1381 1299 1406 non
1325 1368 1450 1406 habeo
1470 1368 1612 1407 dicere.

420 1426 514 1476 Ρα3.
544 1424 640 1465 245-
674 1427 738 1466 19.
784 1420 1010 1464 ἐκόντευσεν
1041 1423 1111 1471 ε’ξω
1139 1427 1209 1476 τῆς
1229 1421 1398 1475 πόλεως]
1429 1420 1584 1472 Κόντος
1606 1430 1644 1463 et
1661 1438 1750 1465 κον-

307 1494 458 1532 ταριον,
490 1480 657 1517 Ceontus
699 1479 792 1518 inde
809 1477 1021 1530 κοντεύειν,
1053 1480 1177 1517 conto
1197 1479 1366 1529 affigere.

423 1537 516 1586 Pag-
548 1535 642 1577 246-
669 1529 708 1577 4.
756 1535 820 1576 ἐπὶ
838 1539 910 1589 τῆς
931 1535 1120 1584 ὑπατείας
1149 1537 1303 1577 Κασίου
1324 1533 1391 1576 καὶ
1405 1530 1614 1588 Σόλωνος]
1645 1535 1751 1574 Coss.

309 1589 355 1629 hi
372 1603 563 1642 nusquam
582 1597 785 1643 apparent.

427 1650 522 1698 Ρα3.
549 1649 642 1688 246
674 1648 713 1689 5.
756 1647 979 1698 ἐβασίλευσε
1009 1645 1052 1687 δὲ
1080 1663 1100 1687 ο
1131 1642 1245 1694 αυτὸς
1275 1642 1473 1693 Κλαύδιος
1502 1648 1656 1699 Καῖσαρ
1687 1646 1753 1699 ἔτη

315 1699 375 1751 ιδ’,
404 1718 473 1742 και
493 1718 621 1754 μηνας
637 1699 678 1742 θ’
685 1702 714 1754 .]
753 1703 959 1741 Claudium
981 1717 1102 1741 annos
1120 1716 1211 1741 xm.
1235 1708 1273 1741 et
1295 1715 1444 1741 menses
1463 1715 1519 1739 lx.
1541 1702 1754 1754 imperasse

316 1759 391 1807 ait,
421 1773 441 1795 a
471 1771 567 1796 vero
590 1772 667 1796 non
697 1759 857 1810 procul:
895 1760 1006 1799 Nono
1030 1759 1131 1797 enim
1159 1758 1355 1797 Kalendas
1374 1758 1596 1807 Februarii,
1620 1758 1663 1796 id
1682 1765 1755 1807 est,

315 1814 486 1851 Januarii
510 1827 621 1854 xxlv.
653 1815 826 1864 Caligula
843 1816 984 1862 occiso,
1017 1815 1204 1854 Claudius
1223 1815 1418 1867 imperare
1435 1814 1582 1866 coepit3
1612 1814 1680 1865 qui
1701 1821 1759 1852 et-

315 1871 389 1907 iam
412 1883 495 1908 xiv.
523 1871 678 1921 imperii
696 1885 819 1919 anno,
848 1885 908 1909 111.
929 1871 1018 1910 idus
1045 1871 1248 1920 Octobris,
1279 1871 1360 1909 sive
1386 1883 1517 1909 mense
1541 1883 1663 1922 supra
1684 1883 1759 1909 an-

316 1939 408 1963 num
426 1927 708 1976 x111.001avo‚
737 1927 840 1966 diem
861 1941 974 1965 suum
996 1928 1111 1965 obiit:
1141 1933 1239 1966 teste
1260 1926 1462 1967 Suetonio.

432 1984 525 2032 Ρα3
556 1984 648 2024 246.
681 1986 719 2025 8
749 1987 893 2023 Εκτισε
915 1981 958 2023 δὲ
977 1984 1044 2024 καὶ
1063 1984 1300 2037 Βρεττανίαν
1318 1978 1456 2029 πόλιν]
1485 1980 1651 2019 Ubinam
1670 1987 1758 2019 tan-

320 2036 408 2075 dem
423 2038 644 2075 terrarum?
687 2039 924 2077 Britanniam
949 2040 1104 2090 quidem
1122 2045 1234 2077 nosti
1237 2053 1316 2087 am,
1348 2037 1446 2075 nulli
1462 2043 1552 2089 post
1567 2037 1758 2076 Ju1.cae-

321 2106 386 2130 sal
389 2106 447 2130 em
466 2099 669 2142 tentatam,
701 2095 904 2132 Claudium
928 2096 1025 2159 Imp.
1045 2096 1162 2133 armis
1183 2096 1261 2132 suis
1279 2094 1449 2146 petiisse,
1480 2093 1606 2143 deque
1625 2107 1668 2131 ea
1689 2093 1756 2131 de-

321 2148 453 2199 inceps
478 2123 722 2200 triumphixm
752 2151 874 2199 egisse
900 2152 1111 2190 maximum
1143 2152 1327 2201 legimus:
1368 2150 1417 2188 de
1438 2149 1646 2187 Bretannia
1663 2162 1759 2188 vero

322 2204 418 2242 ulbe
435 2205 637 2251 maritima,
667 2206 713 2243 ab
739 2206 875 2244 eodem
898 2214 1090 2256 extincta,
1121 2207 1220 2245 nihil
1244 2207 1399 2244 omnino
1425 2206 1655 2255 accepimus.

433 2258 651 2326 Ρσ3·246.
686 2263 749 2302 18
805 2278 858 2312 ην
886 2269 1074 2315 παρεῖχον
1104 2262 1204 2316 υπὲρ
1235 2260 1413 2312 καπνου]
1446 2261 1650 2299 Tributum
1681 2259 1760 2297 hoc

324 2330 427 2354 καπν
433 2313 514 2355 cmiv
534 2316 619 2353 aliis
639 2316 795 2366 dicitur,
829 2319 936 2368 quod
952 2333 1023 2369 pro
1044 2332 1206 2357 nummo
1227 2319 1480 2356 ΐυηιοιὶοϊιιηι
1504 2315 1759 2366 pendebatur.

327 2374 415 2418 Quo
445 2378 622 2422 tempore
650 2386 741 2411 vero
761 2373 928 2424 primurn
953 2376 1098 2424 populo
1124 2375 1348 2425 impositum
1385 2373 1460 2410 fuit
1478 2371 1586 2409 haud
1615 2378 1762 2410 temere

326 2427 484 2466 dixero:
514 2428 628 2478 longe
659 2435 789 2466 tamen
813 2436 902 2480 post
929 2430 1132 2468 Claudium
1163 2430 1385 2467 institutum
1413 2427 1555 2476 fuisse,
1598 2441 1676 2465 non
1703 2434 1762 2466 est

328 2482 600 2523 dubitandum.
658 2484 810 2524 Tributi
840 2484 958 2539 hujus
986 2486 1187 2524 inventum
1207 2486 1417 2536 pessimum
1438 2483 1664 2535 Nicephoro
1683 2485 1758 2521 Lo-

329 2539 506 2587 gothetae
535 2540 674 2580 tribuit
700 2541 890 2589 Zonaras,
932 2542 1041 2579 Qum.
1065 2545 1101 2582 3.
1138 2539 1286 2581 Τούτου
1322 2539 1389 2579 καὶ
1415 2556 1441 2590 η
1470 2543 1542 2579 τοῦ
1567 2541 1763 2580 καπνικοῦ

329 2594 527 2643 ἐπίθεσις,
558 2592 733 2648 ἐννόημα
749 2594 956 2645 κάκιστον,
985 2597 1224 2648 ἐπαχθέντος
1240 2600 1320 2643 τοῖς
1339 2610 1422 2635 των
1441 2595 1666 2647 ἐκκλησιῶν,
1693 2594 1761 2635 καὶ

329 2651 528 2716 πτωχείων
545 2654 816 2705 γηροκομείων
831 2668 891 2703 τε,
921 2652 989 2694 καὶ
1006 2665 1200 2704 μοναστηρ
1182 2654 1276 2691 οίων
1297 2653 1524 2704 παροίκοις,
1555 2651 1623 2692 καὶ
1643 2651 1761 2691 παντὶ

331 2703 427 2757 μήτε
456 2709 532 2757 γῆν
561 2706 702 2758 ε’χοντι,
741 2707 837 2760 μήτε
859 2708 976 2756 τέλος.
1034 2709 1273 2761 imperatme
1302 2714 1431 2745 tamen
1461 2707 1540 2745 hoo
1564 2706 1758 2757 antiquius

331 2775 411 2803 esse
427 2762 518 2803 inde
536 2764 779 2804 manifestum
803 2772 869 2816 est,
899 2779 944 2805 eo
967 2764 1074 2818 quod
1096 2764 1143 2803 ab
1166 2764 1335 2803 Auctore
1354 2770 1488 2803 nostro
1509 2769 1758 2811 memoratur,
