1838 3230
618 135 916 183 EPISTOLA.
1435 129 1533 182 751

0 297 2 302 ζ
66 273 218 314 ‚norom
264 252 578 312 εὗηροτῶτερον,
621 249 931 309 ὲῦηροτοὶτατον.
1008 249 1126 300 Quod
1157 248 1191 288 si
1220 260 1410 301 reponere
1434 246 1537 287 velis

2 316 6 365 ζ
75 313 152 370 svin
244 311 374 356 ’τατον
397 313 502 368 apud
536 311 720 351 Suidam:
766 310 847 363 jam
885 324 931 349 ea
963 321 1046 348 vox
1081 307 1240 347 inverso
1274 305 1412 344 ordine
1442 310 1537 356 post

79 369 293 427 Εὖηροτον
321 369 555 410 collocanda
580 374 690 408 esset.
746 367 851 417 Ergo
888 378 1127 419 quocunque
1151 369 1192 403 te
1220 369 1372 409 vertas,
1408 360 1538 399 hallu-

74 428 220 468 cinatio
252 427 399 467 Suidae
431 434 514 476 est,
551 426 620 478 qui
646 425 731 463 sine
759 423 882 462 dubio
912 437 983 462 sua
1008 422 1109 460 male
1133 418 1321 458 confinxit
1345 432 1395 458 ex
1411 417 1537 470 Hesy-

75 484 247 534 chianis,
275 484 344 524 vel
364 483 511 524 axillis
529 482 637 521 unde
653 494 724 520 sua
743 480 948 519 transtulit
965 476 1200 530 Hesychius.

185 566 352 608 Ibidem.
409 569 574 616 Αντινι,
614 559 968 618 οἷντιδιενέγμεθα)
1006 560 1174 613 Liquido
1197 559 1325 612 possis
1345 558 1535 612 dejerare,

73 622 316 676 Hesychium
342 622 544 675 scripsisse
577 618 731 670 ἅντινι,
769 620 812 659 id
832 620 931 658 enim
958 618 1079 657 series
1100 618 1304 656 literarum
1326 617 1539 667 efflagitat3

75 687 117 720 et
136 680 239 720 iliud
259 675 388 720 ἅντιδι
408 692 459 718 ex
476 684 702 717 correctore
723 683 856 715 natum
886 688 988 722 esse,
1020 676 1089 726 qui
1110 677 1220 730 κακῷ
1238 671 1364 714 κακὸν
1386 670 1539 713 ἰάσατο.

74 737 281 790 Scriptura
314 750 338 774 a
371 736 502 789 prima
537 747 656 773 manu
690 734 765 772 fuit
793 735 834 771 in
866 732 974 771 hunc
1002 731 1184 770 modum:
1221 729 1539 782 Αντιηνὲγμεθα,

73 789 378 849 ἠναντιώμεθα.
443 790 668 844 Hesychius
697 796 848 838 autem,
880 789 969 842 qui,
1004 794 1048 826 ut
1080 787 1260 838 videtur,
1288 800 1370 825 non
1395 786 1540 825 leviter

74 855 160 889 tum
173 849 389 903 lippiebat‚
419 848 478 887 sic
497 848 591 899 legit
612 854 650 886 et
677 847 858 899 scripsit:
889 843 1218 897 Αντινινέγμεθα.
1274 859 1316 884 νι
1336 849 1374 882 et
1392 859 1418 895 η
1439 855 1540 897 pau-

74 907 159 945 lum
179 905 330 959 oppido
349 905 455 944 inter
473 918 515 943 se
537 903 749 952 differunt,
779 909 817 942 et
844 901 1032 941 facillima
1056 915 1150 940 sane
1173 900 1317 939 erratio
1340 905 1410 940 est.
1469 898 1538 937 Ni-
1563 897 1596 933 0
1620 895 1667 934 94

73 962 134 1004 hil
150 962 227 1002 hac
248 961 473 1015 conjectura
493 960 737 1014 probabilius
757 960 836 997 dici
863 965 1007 1012 potest.
1064 956 1369 1010 Αντιηνέγμεθα
1397 956 1446 994 ab
1471 951 1540 996 οἷν·

74 1018 309 1072 τιφὲρομαι,
347 1013 648 1071 ἦναντιῶμεθα.
703 1017 793 1068 Ipse
821 1014 991 1068 Hesych.
1020 1013 1303 1068 Αντιφέρεται,
1335 1013 1542 1054 ἐναντιοῦ-

74 1091 162 1126 ται,
205 1081 246 1114 et
279 1073 582 1127 Αντιφέρεσθαι
612 1072 916 1123 ἐναντιοῦσθαι,
962 1077 1002 1110 et
1029 1071 1193 1120 Suidas:
1233 1065 1539 1124 Λντιφὲρονται,’

75 1132 364 1174 ἐναντιοῦνται.
420 1130 498 1170 Sed
518 1128 859 1182 Αντιδιαφέρομαι
876 1141 1070 1180 nusquam
1089 1128 1188 1178 lego.

187 1216 263 1270 Ep.
295 1229 337 1268 p.
367 1213 436 1257 47.
467 1227 508 1254 v.
536 1214 575 1257 4.
635 1211 822 1261 Πέπλους
839 1227 880 1253 τε
899 1214 1021 1265 νῆσαι
1040 1213 1291 1259 λινοπλυνεΐς
1307 1206 1348 1250 τ’
1374 1204 1542 1251 ἐπενδύ-

73 1273 169 1324 τας)
206 1285 288 1312 vox
317 1285 361 1310 ea
390 1270 572 1310 bifariam
608 1270 736 1322 accipi
764 1275 910 1322 potest.
975 1269 1056 1307 Aut
1092 1270 1215 1320 νῆσαι
1251 1267 1325 1305 erit
1361 1263 1541 1318 ὗφάναι·

77 1327 409 1382 quemadmodum
434 1327 580 1369 πέπλοι
602 1322 763 1378 {dvm-01.
787 1325 836 1364 ab
868 1326 1040 1363 Homero
1073 1330 1289 1374 vocantur,
1328 1319 1444 1363 Eva’
1480 1321 1543 1364 ἐνὶ

74 1385 219 1428 πέπλοι
245 1383 400 1426 Λεπτοὶ
428 1379 588 1436 ἑΰνητοι
613 1378 837 1435 βεβλήατο,
862 1381 954 1434 ἔργα
981 1383 1193 1435 γυναικῶν.
1250 1379 1317 1432 qui
1339 1393 1360 1417 a
1381 1379 1541 1431 Sopho-

77 1443 138 1482 cle
159 1437 324 1494 εὕῦφεῖς
341 1446 535 1480 vocantur
555 1439 599 1477 in
612 1438 851 1478 Trachiniis:
883 1440 1002 1488 Οπως
1020 1436 1156 1491 φέρεις
1178 1452 1245 1489 μοι
1265 1433 1377 1478 τόνδε
1395 1432 1428 1488 γ’
1448 1432 1541 1476 ειῗῦ-

76 1501 139 1551 φῆ
164 1497 328 1540 πέπλον.
384 1497 463 1536 Aut
492 1496 568 1536 erit
593 1499 735 1547 νῆσαι,
766 1498 986 1549 σωρεῦσαι,
1020 1494 1271 1532 accumulare
1295 1499 1467 1542 vestem,
1496 1491 1541 1530 in

76 1555 180 1596 arcis
200 1566 414 1608 reponere,
447 1559 493 1593 ut
511 1566 596 1591 mos
625 1559 709 1591 erat
726 1553 989 1603 antiquorum.
1031 1551 1247 1590 Homerus:

266 1675 271 1679 ,
292 1639 357 1685 529
373 1630 493 1689 φάτ’·
519 1634 540 1678 ὅ
561 1632 603 1677 δ’
625 1632 848 1689 ὖψόροφον
866 1632 1055 1688 θάλαμον
1071 1631 1317 1688 κατεβήσατο
1335 1629 1481 1688 πατρὸς

296 1689 458 1748 Εὕρῦν,
488 1690 561 1734 ὅθι
581 1691 700 1744 νητὸς
718 1690 865 1746 χρυσὸς
882 1692 949 1732 καὶ
971 1689 1113 1744 χαλκός
1131 1691 1253 1732 ἔκειτο

292 1746 439 1803 Εσθής
457 1746 497 1789 τ’
515 1749 558 1790 ἐν
577 1752 776 1802 χηλοῖσιν,
806 1745 894 1797 ἅλις
909 1744 947 1788 τ’
967 1745 1111 1797 εὐῶδες
1129 1748 1271 1788 ἔλαιον.

76 1835 126 1875 Et
145 1834 253 1876 alibi.
294 1857 347 1863 —
377 1856 430 1862 —
463 1856 516 1862 —-
546 1831 678 1886 Ελὲνη
698 1831 742 1874 δὲ
758 1832 971 1887 παρίστατο
993 1835 1279 1886 φωριαμοῖσιν,

295 1886 409 1932 Ενθ’
430 1889 525 1932 ἕσαν
545 1890 587 1931 οἰ
602 1889 745 1931 πέπλοι
765 1891 1043 1943 παμποίκιλοι,
1072 1887 1143 1938 οὓς
1161 1886 1288 1942 κάμεν
1308 1882 1422 1940 αὐτή.

76 1975 208 2016 Possis
235 1975 370 2027 etiam,
405 1980 444 2014 et
470 1973 593 2025 magis
623 1974 784 2026 quidem
823 1973 1002 2027 apposite
1034 1974 1085 2013 ad
1125 1986 1270 2014 nomen
1294 1971 1536 2026 Tragoedias.
1559 1983 1593 2019 v
1615 1979 1662 2019 46

79 2033 327 2088 Πλυντρίας,
356 2032 478 2084 νίψαι
496 2045 711 2084 reponere,
738 2029 896 2071 Lavato
916 2038 989 2072 etc.

296 2102 483 2152 Πέπλους
498 2117 539 2143 τε
557 2102 676 2155 νίψαι
693 2105 942 2152 λινοπλυνεῖς
958 2098 996 2144 τ’
1019 2097 1248 2151 ἕπενδύτας.

189 2174 312 2228 Epist.
328 2189 369 2228 p.
389 2178 457 2219 60.
479 2177 597 2218 v.29.
622 2173 749 2213 adde:
778 2173 884 2214 Idem
896 2173 1138 2227 Hesychius:
1170 2171 1342 2227 Κυδρός,
1362 2171 1534 2222 ἔνδοξος,

77 2230 147 2273 καὶ
175 2230 224 2273 τοὶ
253 2229 393 2286 ὅμοια,
429 2233 625 2285 γαυριῶν,
663 2235 874 2272 πεποιθῶν
895 2234 914 2255 *
935 2228 1130 2286 εὐρύτιδις
1157 2227 1359 2285 συγκοπὸν
1394 2228 1437 2270 δὲ
1462 2231 1536 2270 τοῦ

77 2285 225 2343 κύδρος
246 2290 537 2343 Καλλίστρατος
561 2283 781 2336 πεποιθώς.
816 2289 1028 2341 Nunquam
1048 2288 1263 2340 quidquam
1288 2286 1374 2326 vidi
1402 2286 1538 2338 inqui-

78 2345 222 2411 natius.
252 2346 338 2397 lege
364 2347 564 2401 γαυριῶν,
602 2342 831 2396 πεποιθώς,
873 2349 951 2386 Ιων
978 2345 1220 2399 Ευριτίδαις.
1279 2345 1462 2398 συγκοπῇ
1493 2339 1536 2382 δὲ

76 2419 152 2458 τοῦ
179 2433 202 2470 ρ
229 2417 364 2465 κῦδος.
421 2417 723 2470 Καλλίστρατος.
778 2417 942 2457 verbum
976 2417 1077 2455 enim
1114 2415 1373 2454 novissimum
1400 2428 1537 2454 πεποι-

77 2472 167 2522 θώς
185 2479 244 2513 est
267 2473 486 2514 :mendatio
515 2476 589 2514 τοῦ
618 2477 844 2516 πεποιθαῖν.
902 2474 1002 2514 Vide
1029 2474 1102 2525 Ep.
1135 2485 1224 2524 pag.
1256 2474 1331 2521 33,
1362 2471 1437 2521 34,
1468 2472 1535 2533 39-

78 2545 130 2585 Et
159 2545 403 2584 Callistratus
435 2545 594 2598 quidem
626 2545 751 2594 κῦδος
777 2560 799 2584 a
825 2542 967 2597 κυδρός
998 2543 1161 2583 deducit
1193 2545 1373 2599 συγκοπῇ
1395 2543 1469 2582 τοῦ
1497 2556 1536 2606 ρ..

80 2617 146 2655 alii
199 2616 372 2656 vicissim
430 2614 577 2671 κυδρός
641 2631 664 2655 a
710 2618 833 2668 κῦδος
882 2615 1064 2656 derivant
1118 2612 1325 2656 ἕπενθέσει
1373 2615 1448 2655 τοῦ
1491 2628 1534 2678 ρ.

78 2689 206 2740 Etym.
233 2702 360 2740 magn.
393 2690 549 2738 Κῦδος,
576 2684 803 2744 κυδότερος,
830 2685 1059 2739 κυδότατος,
1088 2688 1325 2741 πλεονασμῷ
1344 2682 1387 2726 δὲ
1407 2687 1482 2726 τοῦ
1510 2701 1533 2738 ρ

77 2747 226 2799 γίνεται
242 2742 398 2801 κυδρός.
1570 2756 1575 2762 ·

189 2802 262 2855 Ep.
290 2817 331 2856 p.
364 2806 430 2847 78.
458 2817 496 2846 v,
527 2807 592 2847 30.
647 2803 771 2843 adde:
799 2802 1016 2843 Martianus
1034 2799 1192 2854 Capella
1213 2798 1282 2839 lib.
1302 2800 1343 2840 3.
1372 2811 1460 2850 cap.
1480 2795 1532 2837 de
