1838 3230
563 150 1034 197 ANNOTATIONES.
1434 153 1532 204 655

71 266 161 317 (uti
183 273 288 308 reete
305 274 444 308 ,monet
469 266 631 307 doctiss.
659 266 709 305 Is.
739 266 1023 318 casaubonus)
1054 273 1092 306 et
1112 266 1381 306 Balsamonem
1405 267 1536 309 etiam.

73 324 190 364 Certe
207 325 308 364 mira
328 333 388 366 est
403 324 631 364 Latinarum
650 337 783 363 rerum
808 324 1020 376 imperitia,
1042 338 1120 376 qua
1139 325 1362 376 Scriptores
1382 325 1535 375 Graeci,

71 381 304 433 praesertim
336 381 576 422 recentiores
603 380 853 429 laborarunt3
892 381 950 420 uti
989 381 1175 434 cuiquam
1217 381 1429 421 observare
1463 382 1536 420 ob-

72 438 183 478 vium
204 443 274 477 est.

164 507 282 570 -Pag.
313 504 411 548 474.
440 505 481 548 4.
528 502 578 544 τα
612 519 685 545 του
718 500 1038 558 πριμικηρᾶτου]
1079 499 1376 556 Πριμμικήριος
1407 503 1537 544 dictus

46 581 49 586 ·
72 567 152 612 est,
182 563 376 614 cujusque
406 561 557 600 ordinis
584 561 758 613 primus,
799 561 912 613 cujus
940 561 1094 600 scilicet
1119 574 1260 598 nomen
1290 562 1382 599 loco
1406 563 1537 613 primo

54 620 117 658 'in
145 617 292 657 tabulis
321 618 461 657 ceratis
491 618 690 670 scriptum
725 617 981 656 erat.1nde
1009 613 1298 671 πριμικήρατος
1324 619 1431 669 apud
1454 619 1538 657 No-

71 682 233 775 ἷίῐέιιιῖἐ
261 675 570 727 Primiceratus,
607 675 689 714 sive
716 676 924 716 Primatus.
990 674 1054 712 Uti
1085 687 1208 726 supra
1234 679 1459 749 notavinpis
1486 675 1538 714 ad

143 856 167 898 δ
187 801 284 868 Pag.
313 797 410 842 474·
439 799 479 842 5.
513 801 566 855 τῇ
579 794 899 855 τρεισκαιδεκάτῃ
922 799 997 838 τοῦ
1020 797 1300 851 Ιαννουαρίου]
1332 800 1416 838 Ser.
1432 813 1538 854 τρισ-

0 889 13 905 ,,
72 871 141 898 και
168 870 299 912 εκατῃ.

40 965 43 967 ,
183 922 409 977 Pag.474.
441 926 508 966 12.
546 922 590 964 ἐκ
616 925 689 964 τοῦ
716 921 865 976 λέγειν,
899 921 1046 974 Νίκα]
1077 923 1134 960 De
1155 921 1469 962 victoriatorum
1476 937 1538 962 se-

73 980 224 1021 ditione
250 980 348 1027 hac,
381 978 527 1032 quaeof
557 995 629 1020 του
663 983 805 1019 ΝΙΚΑ
836 975 971 1027 στάσις
1003 986 1146 1017 vocata
1178 986 1260 1028 est,
1290 994 1312 1017 a
1339 981 1537 1018 vocabulo

0 1051 12 1092 ᾖ
73 1039 226 1078 scilicet
252 1037 332 1076 hoc
359 1052 381 1076 a
401 1037 621 1085 seditiosis,
651 1050 724 1088 pro
748 1042 915 1085 tesseia,
945 1036 1051 1074 sibi
1039 1039 1211 1074 invicem
1236 1035 1352 1084 dato,
1383 1037 1539 1076 abunde

0 1108 4 1128 ³
72 1094 322 1149 Procopius,
358 1093 408 1133 de
449 1094 550 1134 Bell.
588 1094 695 1133 Pers.
736 1093 804 1133 lib.
835 1096 873 1135 1.
911 1099 951 1132 et
977 1106 1027 1131 ex
1062 1106 1109 1132 eo
1138 1092 1355 1145 magnus,
1401 1093 1469 1133 lib.
1498 1094 1537 1136 4.

72 1165 160 1205 cap.
182 1154 248 1194 13

0 768 21 863 ..21³
0 535 21 755 wvvw

22 504 34 528 ⁴1

185 1216 603 1275 Pag.474.18.ua2
630 1215 660 1270 ἦ
679 1214 803 1270 χαλκη
824 1217 899 1257 τοῦ
920 1215 1141 1269 παλατίου]
1173 1215 1317 1255 Chalca
1340 1214 1439 1255 haec
1461 1218 1537 1257 Re..

73 1278 157 1330 gine
174 1277 415 1317 vestibulum
436 1281 543 1324 erat3
572 1274 632 1313 sic
660 1274 832 1322 dictum,
865 1274 974 1325 quod
1004 1273 1145 1325 tegulis
1166 1274 1289 1312 aereis
1321 1281 1360 1313 et
1381 1275 1538 1312 inaura-

72 1335 124 1374 tis
154 1341 302 1374 tectum
335 1339 433 1373 erat.
503 1332 631 1384 Hujus
662 1330 968 1383 descriptionem
1002 1337 1228 1370 accuratam
1265 1330 1390 1370 habes
1429 1331 1538 1385 apud

71 1391 240 1444 Procop.
260 1391 311 1430 de
328 1390 469 1431 Justin.
490 1389 621 1431 Aedif.
644 1388 715 1428 lib.
740 1392 776 1431 1.

182 1460 285 1512 Pag.
313 1458 410 1502 475.
442 1462 506 1503 12.
536 1453 741 1510 βαστάζων
759 1453 804 1497 τό
821 1452 937 1509 α’γιον
955 1458 1182 1510 μεγαλεῖον]
1215 1455 1275 1494 Ita
1300 1455 1415 1493 etiam
1444 1469 1535 1507 pag.

71 1515 210 1555 ultima
223 1514 414 1554 habemus
436 1511 640 1567 Εὕτυχίου
667 1516 741 1554 τοῦ
757 1529 1001 1567 πατριαρχου
1022 1513 1252 1564 κατέχοντος
1275 1509 1317 1552 τὸ
1333 1509 1448 1565 ἅγιον
1472 1529 1538 1566 με·

36 1583 42 1587 ’
71 1576 241 1642 γαλεῖον.
312 1571 432 1621 Quod
458 1572 601 1610 Noster
633 1573 861 1623 μεγαλεῖον,
894 1569 985 1608 Chr.
1015 1570 1127 1608 Alex.
1157 1570 1311 1608 Auctor
1346 1576 1465 1609 vocat
1491 1585 1535 1611 το

59 1626 341 1683 ,Ευαγγέλιον,
373 1630 676 1667 sacrosanctum
694 1626 901 1677 Evangelii
924 1626 1121 1665 Codicem.

186 1694 407 1749 Pag.477.
439 1699 503 1739 17.
534 1693 578 1737 τὸ
597 1695 715 1748 μέρος
729 1698 808 1735 τῶν
827 1693 1084 1748 φαραγγίων]
1119 1689 1350 1757 Φαράγγιον
1372 1699 1457 1732 erat
1477 1693 1537 1733 lo-

73 1767 148 1793 cus
172 1759 433 1807 praeruptus,
466 1752 757 1791 Persarmeniae
787 1752 986 1790 Montibus
1010 1750 1300 1799 conterminus,
1329 1749 1398 1787 ubi
1429 1752 1535 1789 auri-

73 1811 235 1850 fodinae
255 1816 390 1860 erant,
419 1816 616 1848 caeterum
633 1808 761 1848 Persis
778 1808 982 1858 subditus,
1017 1806 1162 1859 quibus
1195 1806 1310 1845 etiam
1340 1820 1439 1858 pace
1458 1806 1536 1846 hac

73 1867 171 1906 inita
193 1881 216 1906 a
236 1867 419 1906 Romanis
437 1867 644 1907 restitutus
664 1872 735 1915 est,
765 1871 863 1904 teste
882 1866 1079 1917 Procopio
1098 1863 1147 1902 de
1164 1864 1261 1903 Reb.
1282 1863 1390 1904 Pers.
1410 1863 1477 1902 lib
1495 1868 1534 1907 1.

81 1920 176 1965 Τότε
196 1923 265 1965 καὶ
287 1926 459 1993 Περσων
475 1924 602 1977 χωρία
633 1923 676 1964 ἐν
696 1923 1010 1976 Περσαρμενίοις
1033 1925 1209 1973 Ρωμαῖοι
1239 1920 1374 1972 ἔσχον,
1404 1917 1533 1990 φρού-

75 1977 168 2035 ριόν
188 1996 230 2022 τε
253 1996 296 2022 το
325 1984 487 2031 Βωλον,
526 1996 594 2020 και
626 1996 670 2020 το
695 1977 917 2035 φαράγγιον
946 1975 1217 2032 καλουμενον,
1256 1975 1358 2019 ὄθεν
1388 1976 1439 2030 δη
1464 1975 1533 2019 τὸν

73 2035 223 2091 χρυσόν
244 2035 435 2105 Πέρσαι’
410 2035 650 2108 ὀρύσσοντες
667 2036 847 2089 βασιλεῖ’
833 2036 988 2093 ε’φερον.
1044 2037 1094 2075 Et
1121 2035 1241 2087 paulo
1270 2034 1394 2074 insta.
1424 2032 1530 2076 ου’τω

75 2095 212 2135 τοίνυν
231 2090 307 2147 τήν
332 2109 374 2135 τε
394 2091 616 2148 ἀπέραντον
644 2093 893 2146 καλουμένην
924 2089 1091 2148 εἰρήνην
1122 2092 1374 2140 ἐσπείσαντο,
1416 2091 1530 2132 ἕκτον

74 2148 156 2218 ’ἤδη
186 2150 271 2200 ἔτος
287 2148 374 2219 τὴν
402 2152 606 2205 βασιλείαν
634 2153 911 2191 Ιουστινιανοῦ
938 2151 1117 2204 ἔχοντος·
1156 2150 1229 2191 καὶ
1254 2152 1431 2201 Ρωμαῖοι
1458 2147 1532 2200 μὲν

75 2203 164 2248 τότε
188 2223 434 2262 φαραγγιον,
463 2225 532 2249 και
549 2211 688 2249 Βωλον
707 2205 751 2249 τὸ
771 2223 989 2261 φρουριον,
1024 2205 1100 2249 συν
1124 2211 1207 2255 τοῖς
1236 2203 1408 2259 χρήμασι
1428 2204 1532 2259 Πέρ-

76 2276 165 2312 σαις
184 2264 347 2306 ἔδοσαν·
362 2265 530 2321 Πέρσαι
549 2264 592 2306 δὲ
614 2266 810 2317 Ρωμαίοις
828 2271 877 2305 τοὶ
896 2267 1076 2318 Λαζικῆς
1094 2262 1292 2319 φρούρια,
1326 2268 1400 2302 etc.

190 2344 287 2398 Pag.
316 2345 414 2389 478.
443 2348 509 2390 22.
551 2343 647 2399 μετοὶ
673 2345 746 2396 τῆς
774 2339 900 2385 αὐτοῦ
923 2341 1135 2399 γυναικὸς]
1169 2343 1401 2382 Gelimerem
1434 2341 1532 2381 dicit

77 2399 347 2440 vandalorum
378 2404 540 2454 Regem:
580 2402 629 2440 de
660 2400 773 2453 cujus
801 2407 932 2440 tamen
962 2415 1109 2452 uxore,
1149 2399 1531 2452 Constantinopolim

79 2457 237 2509 captiva
259 2458 395 2510 missa,
430 2459 538 2513 apud
559 2459 656 2498 alios
676 2458 824 2498 mentio
842 2459 962 2499 nulla.

190 2536 415 2590 Pag·479·
451 2541 515 2582 18
553 2537 775 2594 περιῃρέθη
800 2536 844 2579 δὲ
875 2542 932 2594 τῷ
958 2532 1065 2592 αὐτῷ
1083 2531 1215 2591 χρόνῳ
1235 2534 1266 2590 ἦ
1282 2538 1356 2576 τοῦ
1376 2538 1530 2577 Νυκτε-
1565 2565 1589 2588 ,

78 2590 233 2647 πᾶρχου
251 2591 377 2648 ἄρχῃ]
406 2581 671 2649 Nycteparclii
687 2601 862 2648 potestas
882 2579 1068 2645 abrogata
1089 2600 1167 2643 est,
1197 2599 1236 2632 et
1252 2606 1326 2645 pro
1348 2606 1394 2632 eo
1412 2593 1529 2632 Prae-

78 2655 146 2687 tor
174 2657 353 2701 creatus,
391 2652 580 2692 Belisario
601 2653 729 2693 Cons.
770 2659 815 2692 ut
841 2657 1006 2705 appalet
1034 2664 1084 2689 ex
1110 2649 1430 2689 sustin.Nove11.
1463 2653 1527 2693 13.

79 2705 184 2757 Ergo
217 2707 366 2747 factum
391 2715 448 2747 est
474 2707 553 2748 hoc
580 2709 749 2749 triennio
784 2716 875 2749 ante
901 2708 1058 2747 Joannis
1081 2706 1323 2760 Cappadocis
1341 2707 1530 2746 Consula-

78 2767 180 2802 tum.
236 2765 461 2818 Κοιαίστωρ
482 2779 597 2815 vero,
628 2766 711 2806 sive
738 2767 1000 2817 Κοιαισίτωρ,
1031 2765 1090 2803 uti
1116 2778 1202 2803 eum
1233 2770 1353 2804 vocat
1377 2764 1528 2803 Proco-

79 2819 191 2871 pius,
217 2819 318 2862 Hist.
340 2821 431 2864 Arc.
450 2835 530 2861 non
549 2822 687 2863 eodem
707 2837 830 2873 anno,
860 2820 915 2861 ut'
925 2822 959 2861 N
963 2828 1068 2861 oster
1088 2822 1177 2862 vult
1199 2821 1239 2860 in
1259 2820 1528 2874 sequentibus,
