1838 3230
447 170 1074 218 CHRONOGRAPHIA.
1129 169 1176 213 L.
1207 169 1258 214 V.
1489 173 1583 220 111

126 290 373 349 οἲμῶζοντος
391 293 437 338 δὲ
453 293 583 338 αὐτοῦ
601 294 668 337 καὶ
687 291 1044 351 ἀποστραφέντος,
1082 291 1250 347 πέμψας
1280 287 1421 348 ἑτέραν
1445 291 1586 347 σαγίτ-

125 379 203 406 ταν
221 363 318 414 τοὺς
339 363 467 407 αὐτοῦ
488 361 618 413 πόδας
637 367 784 420 φιβλοΐ
797 363 859 404 ἐπὶ
879 362 932 405 τὰ
952 359 1110 418 σφυρά,
1149 362 1215 403 καὶ
1236 361 1368 403 πίπτει
1389 357 1410 403 ὅ
1431 358 1582 416 Πάρις.

127 433 195 475 καὶ
221 429 416 490 φεύγουσι
442 430 612 484 πάντες,
649 428 908 488 ἁρπάσαντες
925 430 971 473 τὸ
997 434 1116 485 σῶμα
1139 427 1351 486 Πάριδος·
1385 429 1452 471 καὶ
1473 429 1514 471 ἓν
1533 431 1585 485 τῇ

126 499 240 544 πόλει
261 500 458 545 εἰσελθών
481 499 641 544 ἐκάλεσε
661 500 759 550 τοὺς
779 506 886 556 τρεῖς
903 499 1018 549 υἱοὺς
1039 498 1166 541 αὐτοῦ
1178 531 1190 550 ,
1227 497 1299 548 οὓς
1325 494 1426 552 εἶχεν
1448 497 1491 540 ἔκ
1511 501 1586 552 τῆς

93 567 298 626 5Ἑλένης,
332 569 404 613 τὸν
427 567 633 624 Βούνιμον
653 570 719 612 καὶ
742 571 985 626 Κορυθαΐον
1007 569 1073 610 καὶ
1094 567 1262 610 Ἰδαῖον·
1299 564 1488 617 οὕστινας
1506 564 1582 609 ἕω·
1605 564 1636 597 Β
1687 607 1709 643 4

127 638 262 694 ρακὼς
287 637 458 695 μικροὺς
485 637 637 688 ἄπνοος
665 637 791 693 ἒζιιεινε
820 639 887 680 καὶ
921 636 988 680 διὰ
1020 636 1147 691 μέσης
1174 635 1318 686 νυκτὸς
1346 635 1420 690 τὴν
1445 634 1583 691 ψυχὴν
1607 611 1640 644 O
1666 611 1683 645 ¹
1716 610 1731 644 ι

125 706 262 752 ἔδωκε.
331 708 399 750 καὶ
419 704 657 765 ἕωρακοῦσα
680 704 846 761 αὗτόνῆ
871 705 1049 762 προτέρα
1067 704 1166 760 γυνὴ
1188 704 1314 747 αὐτοῦ
1339 701 1465 759 Οἰνόη
1487 702 1584 747 ἔαυ-

124 780 176 834 τῇ
207 773 465 832 ἀπεχρήσατο
491 774 652 833 ἀγχόνῃ.
725 777 790 817 καὶ
812 774 932 829 ἔλαβε
951 774 1024 829 τὴν
1047 772 1207 829 Ἑλένην
1229 779 1398 829 γυναῖκα
1418 774 1582 830 Δηίφο-

125 849 224 899 βος,
261 842 283 888 ὃ
306 843 430 894 ἄλλος
446 844 536 895 υἱὸς
555 849 629 888 τοῦ
650 842 871 901 Πριάμου,
910 842 954 893 ὃς
982 840 1303 900 ἠκρωτηριάσθη
1334 839 1414 884 ὑπὸ
1444 844 1583 885 Μενε-

70 911 228 957 maclou
257 913 482 968 βασιλέως,
522 911 577 963 ὥς
608 911 755 963 πάντες
788 914 1022 956 ἐπίστασθε.
1092 912 1160 953 καὶ
1188 910 1422 966 Πολυξένην
1441 911 1485 953 δὲ
1506 909 1583 966 ἐγὼ

123 979 436 1038 συμβουλεύσας
472 976 567 1037 ἧξαι
605 981 707 1039 πρὸς
737 980 895 1037 τύμβον
919 979 1130 1036 Ἀχιλλέως
1159 983 1469 1036 σφαγιασθῆναι
1502 976 1583 1021 ὗπό

123 1055 197 1094 τοῦ
217 1049 356 1108 ἥρωος
374 1049 561 1108 Πύρῥου.
631 1052 698 1093 καὶ
727 1048 960 1106 ἀνακράξας
981 1048 1201 1098 Ὀδυσσεὺς
1225 1047 1327 1105 ἔφη,
1367 1049 1490 1097 Τίνος
1510 1046 1583 1089 ἀν-

122 1117 262 1170 τάξιός
293 1121 370 1174 εἶμι
381 1152 394 1173 ,
432 1117 738 1169 κατασκευάσας
768 1119 938 1162 ὀλέσθαι
957 1116 1126 1175 Πάριδα
1146 1116 1248 1174 πρὸς
1267 1117 1468 1173 ἐκδίκησιν
1487 1118 1584 1160 Με-

124 1186 269 1232 νελάου
289 1189 356 1231 καὶ
371 1187 581 1243 Ἀχιλλέως
600 1190 667 1230 καὶ
688 1192 770 1231 τῶν
788 1185 990 1242 Ἑλλήνων
1010 1183 1174 1229 πάντων
1181 1204 1197 1241 ;

69 1260 114 1296 15
225 1259 311 1300 Καὶ
330 1254 559 1313 εὗφήμησεν
582 1256 707 1299 αὐτὸν
729 1255 750 1300 ὃ
766 1256 1023 1312 Ἀγαμέμνων
1041 1257 1108 1298 καὶ
1127 1255 1270 1298 πολλοὶ
1289 1258 1364 1298 τοῦ
1387 1258 1578 1312 στρατοῦ.
1606 1262 1637 1296 C

122 1326 191 1368 καὶ
225 1323 346 1368 πάλιν
373 1324 593 1376 Ὀδυσσεὺς
619 1323 748 1379 εἶπεν,
789 1325 850 1368 Οὐ
882 1323 1100 1382 σιγήσομαι
1120 1325 1187 1367 καὶ
1206 1323 1303 1375 τοὺς
1318 1322 1485 1374 λοιπούς
1501 1341 1583 1379 μου

121 1391 347 1447 κινδύνους,
385 1392 457 1444 οὓς
480 1393 566 1449 ἅμα
585 1392 777 1452 Διομήδῃ
794 1392 988 1449 ὖπέστην,
1026 1392 1092 1436 ὅτε
1111 1393 1157 1436 τὸ
1179 1397 1295 1436 θεῖον
1313 1393 1464 1450 βρέτας
1482 1393 1584 1450 ἄφε-

122 1462 271 1506 aivam
288 1460 595 1518 ἦβουλήθημεν,
634 1467 720 1513 πῶς
742 1464 784 1506 ἓν
799 1463 904 1522 Ἵλίῳ
924 1463 1200 1519 διατρίβοντες
1221 1462 1296 1505 σὺν
1314 1469 1400 1512 τοῖς
1418 1460 1584 1518 βαρβά-

123 1547 210 1588 ροις
231 1533 297 1574 καὶ
317 1531 370 1576 τὰ
390 1533 669 1587 συμβαίνοντα
695 1531 835 1582 αὐτοῖς
863 1531 1025 1575 ἅπαντα
1048 1531 1192 1581 νυκτὸς
1212 1533 1268 1581 εἷς
1286 1531 1332 1574 τὸ
1355 1529 1584 1588 στρατόπε-

66 1601 197 1643 Ξθδον
218 1597 466 1657 ἐξερχόμενοι
495 1600 787 1657 ἀπηγγείλαμεν
815 1598 912 1655 ὖμῖν
941 1607 1027 1650 τοῖς
1056 1604 1290 1654 βασιλεῦσι,
1329 1597 1584 1656 διηγούμενοι
1609 1612 1641 1646 0
1670 1610 1736 1648 142

123 1665 241 1712 ἅτινα
261 1670 329 1712 καὶ
347 1673 419 1712 νῦν
442 1669 553 1714 εἶ’πω.
622 1671 776 1713 θυσίαν
795 1669 872 1727 γὰρ
897 1667 987 1712 τότε
1010 1666 1300 1712 ἐπιτελούντων
1320 1673 1404 1711 τῶν
1425 1665 1582 1726 Τρώων

214 1779 248 1814 5.
268 1773 404 1814 Ἰδαῖον
427 1776 493 1813 Ch.
539 1777 714 1813 cedrenus
736 1789 772 1824 p.
799 1779 876 1814 130.
901 1777 942 1819 C,
965 1774 1076 1815 Ἰδέον
1099 1779 1168 1813 ΟΧ.
1237 1779 1272 1814 9.
1297 1774 1478 1823 ἢκρωτηρ.
1503 1777 1581 1819 Ch„

213 1821 336 1870 η’κροτ.
359 1824 426 1859 Ox.
536 1824 589 1860 15.
624 1823 856 1871 εὐφήμησεν]
891 1822 1092 1871 εὗφήμισεν
1117 1825 1183 1859 Ox.
1296 1826 1352 1862 17.
1385 1822 1579 1871 Διομήδῃ]

214 1871 256 1905 V.
281 1870 327 1906 ad
348 1871 414 1905 vol.
437 1869 482 1904 11.
507 1881 541 1916 p.
565 1871 623 1906 57.
645 1872 688 1906 Β.
812 1870 896 1905 ibid.
929 1869 1007 1918 ὅτε]
1045 1869 1104 1908 ὅτι
1137 1872 1207 1908 ΟΧ.
1329 1872 1387 1907 21.
1418 1871 1579 1915 θυσίαν]

213 1916 360 1953 θυσιῶν
382 1918 450 1952 ΟΧ.
463 1941 475 1959 ‚
494 1917 632 1959 θυσίας
654 1918 720 1953 Ch.

121 2019 220 2056 oculo
242 2020 448 2056 vulneravit.
494 2019 650 2065 Ejulavit
678 2021 811 2067 interim
834 2022 954 2065 Paris,
982 2023 1053 2067 jam
1074 2025 1175 2067 terga
1198 2021 1363 2063 daturus,
1397 2031 1471 2056 cum
1494 2020 1579 2055 Phi-

121 2065 283 2109 loctetes,
317 2067 423 2102 tertia
444 2066 573 2111 sagitta
596 2067 734 2110 emissa,
757 2068 863 2114 pedes
885 2069 958 2113 ejus
976 2069 1080 2113 juxta
1101 2068 1274 2104 malleolos
1293 2067 1483 2102 transfixit:
1518 2078 1578 2101 ce-

121 2113 275 2158 uiditque
296 2113 432 2148 tandem
451 2113 560 2148 Paris.
606 2113 722 2160 Rapto
743 2114 850 2159 igitur
872 2116 945 2160 ejus
969 2126 1121 2162 corpore,
1145 2115 1259 2160 fugam
1283 2117 1463 2160 capessunt
1484 2113 1578 2148 Tro-

116 2159 211 2239 {1311113
235 2159 272 2193 in
298 2160 414 2194 urbem
436 2171 520 2194 vero
544 2159 674 2195 delatus
705 2160 790 2195 filios
813 2172 888 2196 suos
910 2166 1002 2204 tres,
1045 2173 1128 2207 quos
1151 2172 1193 2196 ex
1215 2161 1348 2195 Helena
1370 2162 1578 2205 susceperat,

152 2204 316 2247 animum,
341 2205 590 2250 Caminacum,
627 2211 662 2240 et
685 2206 820 2248 Ideum‚
846 2207 889 2241 ad
913 2219 949 2242 se
973 2208 1130 2242 vocavit:
1168 2218 1251 2252 quos
1272 2206 1331 2240 ubi
1355 2206 1490 2240 adstare
1512 2204 1578 2238 sibi

120 2250 279 2296 parvulos
303 2251 502 2297 conspexit,
533 2252 692 2287 exanimis
717 2252 895 2295 remansit-3
934 2255 995 2289 sub
1018 2259 1152 2289 noctem
1175 2264 1259 2288 vero
1282 2251 1444 2292 mediam,
1475 2250 1579 2296 spiri-

119 2301 191 2331 tum
221 2296 365 2332 efflavit.
426 2298 536 2340 Quem
566 2298 684 2334 videns
715 2310 801 2333 uxor
833 2300 923 2343 ejus,
963 2311 1063 2346 quam
1086 2300 1230 2346 priorem
1264 2297 1405 2339 habuit,
1443 2297 1577 2337 oenoe,

119 2346 262 2378 mortem
284 2343 348 2378 sibi
370 2341 493 2390 laqueo
517 2345 691 2380 conscivit.
736 2345 900 2380 Helenam
922 2357 1004 2382 vero
1027 2347 1061 2380 in
1084 2357 1221 2381 uxorem
1246 2344 1309 2378 sibi
1332 2342 1469 2388 accepit
1493 2341 1578 2376 Dei-

119 2389 276 2469 ζὶιοδιιε,
301 2389 389 2424 alter
413 2389 539 2425 Priami
561 2391 672 2432 filius,
702 2391 760 2437 qui
784 2391 944 2427 extremis
966 2392 1122 2427 membris
1146 2404 1167 2426 a
1191 2390 1346 2426 Menelao
1371 2401 1454 2433 rege
1477 2387 1578 2422 muti-

155 2438 208 2468 ωε
231 2439 301 2470 est:
325 2435 376 2470 uti
399 2436 480 2471 satis
504 2437 570 2472 hoc
592 2437 688 2471 vobis
711 2437 860 2472 omnibus
882 2443 1008 2474 notum.
1057 2437 1240 2473 Consilium
1263 2440 1298 2470 et
1320 2435 1356 2469 id
1371 2446 1476 2469 meum
1496 2433 1576 2475 fuit,

121 2477 174 2514 uti
197 2480 351 2525 Pyrrhus
372 2482 484 2518 Herus
510 2483 717 2527 Polyxenam
742 2484 787 2518 ad
810 2484 946 2519 Achillis
969 2485 1128 2519 tumulum
1147 2483 1332 2528 jugularet.
1380 2481 1413 2515 Τ
1416 2492 1468 2514 um
1492 2490 1575 2514 vero

122 2523 272 2580 Uli-2³2³,
305 2527 396 2562 elata
428 2540 534 2571 voce,
571 2529 658 2570 Quis
680 2529 761 2563 mihi
783 2529 944 2584 (inquit)
969 2531 1238 2576 aequiparandus
1264 2533 1336 2570 est,
1374 2527 1432 2572 qui
1456 2524 1575 2560 Paridi

122 2574 262 2606 entium
283 2573 447 2617 adstruxi,
471 2575 507 2609 in
530 2575 696 2619 Menelai,
721 2575 868 2620 Achillis,
892 2582 929 2611 et
949 2578 1155 2612 Graecorum
1179 2575 1321 2610 omnium
1345 2573 1553 2608 vindictam?

211 2615 301 2652 Huic
321 2618 430 2663 igitur
453 2622 700 2666 Agamemnon,
723 2621 958 2667 exercitusque
982 2634 1060 2667 pars
1084 2634 1204 2666 magna
1227 2620 1436 2655 acclamavit.
1482 2619 1572 2655 Tum

122 2671 206 2715 vero
229 2661 374 2706 Ulisses3
412 2666 469 2701 sed
493 2679 603 2712 neque
635 2667 847 2702 reticendum
869 2669 1032 2714 (inquit)
1053 2668 1132 2702 mihi
1156 2666 1332 2707 existimo,
1370 2665 1461 2712 quod
1483 2665 1572 2700 ulte·

121 2718 191 2742 nus
214 2708 437 2753 periculorum
458 2713 659 2755 subivimus,
691 2725 756 2758 ego
781 2726 823 2748 ac
845 2714 1043 2755 Diomedes,
1073 2713 1258 2747 Palladium
1290 2711 1568 2758 surripientibus=

125 2752 291 2798 quomodo
314 2754 500 2802 (inquam)
523 2759 653 2804 Trojae
676 2771 749 2794 curn
772 2760 934 2795 Barbaris
958 2764 1096 2804 agentes
1120 2769 1339 2804 quaecunque
1361 2759 1410 2794 eis
1433 2758 1570 2794 accide-

123 2802 223 2841 rant,
257 2798 300 2833 de
323 2799 374 2834 his
397 2803 567 2847 omnibus,
601 2810 714 2839 castra
736 2816 799 2851 per
823 2810 954 2840 noctem
977 2807 1192 2849 repetentes,
1224 2816 1284 2839 vos
1307 2804 1420 2839 Duces
1443 2805 1570 2839 certio-

122 2855 179 2880 res
208 2844 406 2890 fecerimu33
442 2859 530 2894 quae
558 2861 645 2886 nunc
668 2850 769 2886 etiam
800 2856 958 2898 repetere
987 2850 1081 2886 libet.
1127 2850 1289 2896 'l'rojanis
1321 2863 1384 2898 pro
1416 2854 1569 2897 tempore
