1838 3230
461 176 1097 223 CHRONOGRAPHIA.
1155 175 1205 220 L.
1236 176 1289 220 11.
1544 181 1611 228 47

134 299 362 359 ἓῤῥίφησαν
389 298 636 357 γεννηθέντα
661 298 714 342 τὰ
736 297 872 355 βρέφη
894 297 1000 341 κατὰ
1020 298 1198 341 κε’λευσιν
1219 301 1294 341 τοῦ
1311 294 1464 341 Λύκου
1486 301 1611 353 βασι-
1677 280 1682 290 ⁵

135 370 238 420 λέως
265 370 309 413 ἓν
337 373 389 427 τῇ
407 366 524 427 κώμῃ
544 373 596 426 τῇ
616 368 808 424 λεγομένῃ
827 365 1007 427 Ῥασθέᾳ
1029 368 1201 423 πλησίον
1228 371 1303 410 τοῦ
1321 367 1608 424 Κιθαιρωνίου

135 437 271 496 ὄρους.
344 436 538 488 οὕστινας
565 439 718 487 παῖδας
748 437 885 479 οἴκτου
906 435 1028 493 χάριν
1048 436 1169 490 ἔλαβε
1191 437 1305 495 παρὰ
1325 441 1408 481 τῶν
1440 435 1609 494 ῥιπτόν-

131 520 216 551 των
237 507 290 551 τὰ
313 502 422 551 αὐτὰ
443 507 579 564 βρέφη
603 506 778 564 Ὀρδίων
802 523 862 556 τις
881 505 1100 562 γεηπόνος,
1138 505 1263 557 ἄπαις
1286 505 1367 560 ὤν,
1403 506 1525 562 γνοῦς
1545 504 1608 549 ὅτι

98 587 120 623 5
133 577 251 628 τέκνα
270 574 456 633 ὑπῆρχον
471 580 545 632 τῆς
558 576 703 632 ἱερείας
718 573 955 632 Ἀντιόπης·
983 575 1071 633 ᾔδει
1092 575 1172 632 γὰρ
1194 574 1339 632 αὐτήν,
1359 573 1415 626 ὡς
1436 575 1605 633 ἱέρειαν·

130 647 198 689 καὶ
231 645 494 703 ἀνεθρέψατο
526 643 646 688 αὐτά.
715 645 820 699 μετὰ
842 646 887 688 δὲ
909 643 1062 702 χρόνον
1086 646 1266 700 πολέμου
1293 645 1532 701 κινηθέντος
1553 649 1606 703 τῇ

122 713 314 772 Ἀργείων
337 713 479 775 χώρᾳ,
508 712 719 771 ἐξῆλθενὸ
742 713 890 765 Λύκος
909 714 1104 769 βασιλεὺς
1121 715 1184 756 ἐπὶ
1205 714 1278 758 τὸν
1300 713 1477 769 πόλεμον
1491 728 1500 738 ·
1537 717 1606 756 καὶ

0 829 14 866 ὅ
128 781 309 842 ἔχρόνισε
327 787 528 840 πολεμῶν.
584 781 610 840 ἦ
634 785 678 826 δὲ
699 786 860 840 Δίρκη,
890 788 964 826 τοῦ
986 781 1138 827 Λύκου
1158 784 1361 837 βασιλέως
1381 781 1506 841 γυνή,
1534 787 1608 826 λο-

0 870 10 921 ᾗ
127 853 325 910 γισαμένη
361 851 423 897 ὅτι
463 853 595 897 οὐκέτι
623 853 727 909 μετὰ
758 853 828 896 τὸν
857 852 1022 896 τοκετόν
1053 851 1336 910 ἐτιμωρήσατο
1368 853 1443 909 τὴν
1477 852 1607 908 αὐτὴν

0 932 9 984 ξ

0 1009 9 1054 i

0 919 4 929 ¹
72 920 358 979 ῙΟἈντιόπην,
398 922 484 965 ἀλλ’
511 923 643 966 εἴασεν
665 921 818 979 αὐτήν,
857 920 912 972 ὥς
933 924 1037 980 ἐρῶν
1057 922 1186 978 αὐτῆς
1210 924 1276 965 καὶ
1296 920 1441 982 λάθρα
1461 920 1603 978 μιγνῦ-
1628 931 1660 966 C

124 1009 247 1047 μενος
265 991 352 1047 μετ’
381 991 532 1047 αὐτῆς,
572 990 628 1042 ὡς
647 990 994 1048 εὐπρεπεστάτης,
1031 995 1221 1047 λαβοῦσα
1241 991 1373 1048 αὐτὴν
1392 991 1498 1046 μετὰ
1519 991 1605 1034 ὀλί-

126 1077 208 1118 γων
230 1065 493 1118 στρατιωτῶν
515 1059 570 1111 ὥς
592 1062 654 1103 ἐπὶ
669 1059 811 1118 χώραν
834 1061 1021 1116 ἀπῆλθεν
1040 1061 1103 1104 ἐπὶ
1126 1060 1173 1104 τὸ
1201 1058 1487 1118 Κιθαιρώνιον
1506 1059 1605 1118 ὅρος

125 1131 168 1173 ἓν
199 1133 250 1188 τῇ
282 1129 400 1188 κώμῃ
437 1128 542 1174 ὅπου
576 1131 614 1174 οἳ
637 1130 766 1186 αὐτῆς
782 1131 881 1180 υἱεῖς
901 1126 1008 1186 ἦσαν
1029 1130 1345 1187 ἀνατραφέντες,
1414 1134 1539 1173 τοῦτο
1558 1132 1603 1173 δὲ
1626 1135 1660 1171 O
1683 1137 1732 1173 56

125 1199 332 1255 ἀγνοοῦσα
349 1197 376 1255 ἡ
395 1200 557 1256 Δίρκη,
594 1201 660 1242 καὶ
683 1201 938 1256 ἕξαγαγοῢσα
959 1201 1004 1242 ἐκ
1024 1204 1099 1242 τοῦ
1121 1199 1251 1242 αὐτοῦ
1270 1201 1425 1257 χωρίου
1449 1203 1605 1256 ταῦρον

67 1273 113 1311 15
125 1267 267 1325 ἄγριον
275 1301 290 1322 ,
328 1269 397 1312 καὶ
423 1267 590 1324 πήξασα
618 1270 728 1328 δᾷδα
757 1270 799 1311 ἕν
825 1276 913 1319 τοῖς
940 1268 1069 1311 αὐτοῦ
1088 1269 1252 1326 κέρασι,
1291 1269 1366 1326 τὴν
1386 1267 1603 1326 Ἀντιόπην

122 1337 303 1382 ἐκέλευσε
334 1339 530 1393 δεθῆναι,
569 1340 636 1381 καὶ
665 1337 738 1381 τὸν
767 1345 931 1393 σχοῖνον
959 1338 1015 1389 εἷς
1034 1337 1106 1382 τὸν
1123 1336 1330 1394 τράχηλον
1347 1342 1424 1381 τοῦ
1443 1336 1601 1396 ταύρου

122 1406 313 1464 εἱλιγῆναι
326 1439 339 1459 ,
377 1408 445 1450 καὶ
472 1405 604 1457 οὕτως
622 1411 797 1463 συρῆναι
818 1407 893 1463 τὴν
917 1405 1134 1464 Ἀντιόπην
1155 1404 1235 1451 ὑπὸ
1253 1412 1329 1451 τοῦ
1350 1405 1508 1466 ταύρου
1532 1410 1601 1451 καὶ

121 1475 366 1519 ἀπολέσθαι.
437 1478 505 1519 καὶ
534 1474 783 1527 ἀκούσαντες
810 1475 960 1527 πάντες
982 1478 1021 1521 οἷ
1043 1482 1117 1520 τοῦ
1141 1475 1270 1520 αὐτοῦ
1293 1475 1504 1534 κτήματος
1527 1477 1599 1520 τόν

119 1544 320 1600 μέλλοντα
339 1546 526 1602 γίνεσθαι
555 1550 631 1601 τῆς
656 1544 871 1602 Ἀντιόπης
893 1545 1082 1590 θάνατον
1102 1548 1168 1589 καὶ
1185 1546 1282 1596 τούς
1303 1546 1434 1603 αὐτῆς
1451 1546 1601 1590 ὄλολυ-

63 1612 274 1671 Ξογμοῦς,
309 1615 488 1671 ἐξῆλθον
517 1616 561 1658 ἐκ
588 1620 663 1658 τοῦ
694 1616 835 1672 Δέρας
866 1616 974 1666 Θέας
1005 1617 1164 1672 χωρίου
1196 1616 1329 1665 οὕτως
1355 1615 1598 1672 λεγομένου·

119 1679 228 1740 ἦσαν
258 1685 302 1727 δὲ
333 1684 375 1726 ἐν
402 1682 554 1740 πλήθει
579 1687 723 1728 πολλοὶ
744 1686 786 1727 ἓν
807 1685 920 1744 αὐτῷ
942 1685 1123 1743 ἄγροικοι
1137 1699 1147 1709 ·
1186 1682 1385 1735 ὡσαύτως
1404 1686 1450 1729 δὲ
1468 1686 1536 1728 καὶ
1557 1685 1596 1728 οἱ
1617 1691 1652 1727 D

210 1817 245 1853 2.
266 1811 426 1852 Ῥασθέα
448 1815 515 1850 Ox·
609 1817 693 1851 ibid.
719 1816 957 1860 Κιθερωνίου
983 1819 1051 1853 Ox·
1087 1817 1149 1853 Sic
1173 1821 1210 1853 et
1234 1820 1289 1855 12.
1382 1820 1418 1856 3.
1444 1816 1594 1866 ῥιπτόν-

209 1876 284 1899 των
307 1863 395 1905 Ch.‚
427 1860 644 1908 ῥυπτόντων
669 1864 737 1897 Ox.
831 1864 865 1898 6.
897 1878 968 1901 κιν.
992 1866 1080 1908 Ch.‚
1114 1878 1193 1901 κυν.
1220 1865 1287 1900 ΟΧ.
1383 1868 1438 1901 10.
1472 1867 1595 1903 εἴασεν

211 1909 301 1953 Ch.‚
324 1908 431 1945 ἔασεν
454 1909 522 1944 Ox·
619 1909 672 1946 18.
698 1908 912 1946 ἅπωλέσθαι
937 1912 1006 1946 ΟΧ,
1099 1914 1156 1948 20.
1180 1910 1219 1947 ἐκ
1242 1912 1312 1948 τοῦ
1335 1911 1455 1957 Δέρας
1480 1913 1592 1960 Θέας]

209 1956 359 2002 „Supra
384 1953 547 1993 Ῥασθέα
579 1962 707 1991 vocata
738 1960 806 1991 est:
840 1959 932 1993 forte
954 1957 1158 2005 legendum,
1188 1958 1227 1996 ἐκ
1250 1960 1321 1996 τοῦ
1344 1959 1391 2007 δὴ
1413 1958 1593 2003 Ῥασθέας

207 2003 389 2050 χωρίου.“
412 2003 478 2038 ch.
524 2003 628 2038 Immo
652 2002 729 2038 dele
749 2002 801 2040 δέ.

114 2129 198 2165 then
219 2129 334 2173 dicto,
371 2141 441 2165 non
471 2130 594 2177 procul
618 2141 639 2165 a
660 2129 870 2165 Cithaerone
891 2134 1019 2166 monte.
1078 2131 1263 2168 Caeterum
1295 2131 1450 2169 misertus
1472 2144 1588 2168 eorum

115 2175 228 2212 Ordio
261 2176 399 2223 quidam
423 2177 598 2223 agricola,
635 2177 796 2223 puerulos
831 2177 968 2224 accepit
992 2179 1035 2213 ab
1060 2179 1127 2222 eis,
1168 2180 1290 2226 quibus
1313 2193 1371 2216 eos
1394 2180 1589 2224 exponendi

115 2233 199 2258 cura
221 2223 394 2258 commissa
417 2228 513 2258 erat:
552 2235 696 2269 cumque
719 2224 816 2269 prole
838 2229 974 2259 careret
996 2225 1090 2271 ipse,
1124 2230 1229 2271 atque
1253 2227 1356 2262 etiam
1380 2225 1506 2268 sciret,
1529 2238 1588 2260 eos

114 2272 256 2304 matrem
280 2270 408 2305 habere
431 2270 637 2316 Antiopam,
673 2281 772 2315 quam
790 2271 1000 2306 sacerdotem
1023 2284 1095 2307 esse
1117 2278 1350 2317 cognoverat,
1386 2272 1587 2317 suppedita-

113 2313 168 2350 vit
190 2315 264 2362 ipse
285 2315 471 2351 infantibus
495 2316 699 2351 alimoniam.
745 2316 872 2352 Postea
894 2318 1059 2364 temporis
1081 2324 1259 2363 grassante
1284 2319 1371 2354 bello
1395 2329 1459 2362 per
1480 2318 1587 2362 Argi-

113 2372 233 2397 vorum
254 2362 450 2407 regionem,
474 2374 536 2398 rex
558 2363 674 2408 Lycus
694 2362 729 2396 in
750 2363 903 2398 militiam
927 2365 1100 2409 profectus
1124 2369 1195 2399 est:
1228 2377 1374 2411 cumque
1396 2364 1486 2399 bello
1510 2364 1586 2398 lon-

113 2406 269 2453 giusoule
303 2409 461 2444 detentus
495 2409 636 2451 fuisset3
679 2420 768 2444 uxor
800 2410 872 2455 ejus
893 2410 999 2445 Dirce
1024 2411 1238 2453 existimans,
1271 2411 1477 2456 Antiopam,
1511 2421 1586 2445 cum

114 2454 290 2500 puerperii
313 2455 487 2490 doloribus
505 2456 576 2500 jam
600 2456 733 2497 soluta,
766 2467 892 2502 poenas
916 2457 1026 2492 adhuc
1050 2458 1158 2492 nullas
1181 2457 1317 2500 luisset,
1361 2456 1502 2502 conjugi
1525 2468 1586 2492 suo

115 2499 220 2543 (cui,
243 2501 288 2535 ob
310 2501 452 2536 formam
475 2502 698 2547 gratissimam
723 2514 795 2537 esse
819 2514 892 2537 eam
915 2503 1198 2549 suspicabatur,)
1223 2503 1258 2537 in
1278 2503 1505 2538 clandestinos
1528 2514 1586 2538 re-

115 2549 283 2582 servatam
314 2547 534 2583 concubitus:
579 2549 696 2594 paucis
719 2550 850 2594 stipata
882 2550 1062 2590 militibus,
1097 2562 1171 2584 eam
1195 2549 1262 2584 sibi
1293 2550 1393 2584 sumit
1416 2550 1584 2592 comitem,

114 2595 278 2636 tanquam
307 2593 343 2628 in
373 2605 431 2628 rus
454 2594 651 2638 secederet3
693 2599 730 2630 et
752 2606 871 2630 versus
897 2595 1137 2630 Cithaeronem
1174 2596 1315 2630 tendens
1338 2598 1504 2638 montem,
1547 2596 1583 2630 in

112 2636 246 2680 vicum,
287 2638 349 2674 ubi
370 2640 543 2700 Antiopae
565 2640 630 2676 filii
653 2641 794 2676 enutriti
818 2646 937 2684 erant,
979 2642 1130 2677 devenit.
1191 2642 1318 2676 Verum
1340 2641 1465 2684 Dirce,
1508 2653 1582 2676 cum

112 2683 178 2718 hoc
212 2683 408 2728 ignoraret,
449 2687 603 2722 'laurum
626 2687 825 2734 sylvestrem
855 2699 896 2722 ex
920 2688 1063 2734 regione
1085 2688 1143 2723 illa
1177 2687 1302 2722 adduci
1320 2686 1441 2733 jussit3
1485 2688 1582 2732 quus

114 2729 274 2765 cornibus
295 2731 405 2766 facem
428 2733 613 2777 adaptans,
649 2734 736 2768 collo
761 2735 833 2779 ejus
856 2735 938 2769 fune
962 2734 1217 2778 circumligato,
1240 2734 1423 2780 Antiopam
1447 2733 1479 2768 ei
1501 2733 1580 2769 alli-

111 2775 190 2822 gari
215 2776 336 2820 jussit,
378 2781 418 2812 ut
441 2789 462 2812 a
486 2780 604 2815 Tauro
636 2780 686 2815 sic
709 2780 876 2815 distracta
906 2780 1047 2825 periret.
1097 2779 1284 2814 Audientes
1313 2791 1419 2822 vero,
1462 2780 1521 2825 qui
1542 2780 1579 2814 in

109 2821 188 2857 vico
209 2822 271 2856 illo
295 2822 517 2866 habitabant,
562 2826 766 2860 destinatum
790 2826 960 2872 Antiopae
983 2824 1204 2871 supplicium,
1246 2826 1386 2871 ejusque
1409 2827 1579 2871 ejulatus3

111 2879 248 2914 egressa
270 2873 323 2903 est
343 2879 518 2905 numerosa
538 2871 738 2907 rusticorum
760 2872 884 2915 turba,
909 2871 1020 2917 (quos
1044 2871 1204 2918 plurimos
1222 2871 1375 2909 Rasthea
1401 2872 1497 2908 vicus
1513 2873 1578 2907 ha-
