1838 3230
456 159 1088 206 CHRONOGRAPHIA.
1146 160 1194 203 L.
1224 160 1295 205 IV.
1541 166 1608 231 79

139 276 334 328 ἃπελθῶν
359 281 677 342 ἀσφαλίσασθαι
703 280 804 325 αὐτὸ
831 283 1145 333 Κωνσταντΐνος
1177 279 1200 326 ὃ
1228 281 1355 338 μέγας
1384 277 1579 337 βασιλεύς
1593 294 1605 306 ·

139 352 187 404 ὃς
200 349 412 410 γενόμενος
425 349 674 409 χριστιανός,
696 352 832 409 καὶτῷ
846 350 1105 406 ἕκτυπώματι
1117 356 1191 407 τῆς
1208 350 1361 407 στήλης
1375 367 1605 408 προσεσχη-
1628 364 1660 399 Β

138 421 220 472 κὼς
242 425 301 481 τῷ
323 419 468 465 ἑστῶτι
493 422 593 474 ἐκεῖ,
630 418 736 463 εἶπεν
758 418 820 463 ὅτι
841 419 1009 477 ἀγγέλου
1032 428 1197 477 σημεῖον
1221 419 1398 476 σχήματι
1417 424 1603 476 μοναχοῦ

137 491 254 548 παρὰ
285 494 360 534 τοῦ
390 487 594 546 δόγματος
617 493 700 532 τῶν
718 494 977 545 χριστιανῶν.
1049 492 1117 533 καὶ
1145 491 1353 546 ἐκπλαγεὶς
1372 490 1435 532 ἐπὶ
1453 494 1512 548 τῷ
1530 487 1604 533 τό·

102 571 200 619 5πῳ
227 561 294 602 καὶ
318 564 378 617 τῷ
409 560 620 614 κτίσματι,
658 557 962 618 καὶζεῦξάμενος
976 563 1125 615 γνῶναι
1143 561 1264 610 ποίας
1284 560 1368 602 ἐστὶ
1392 556 1604 613 δυνάμεως

134 629 304 685 ἀγγέλου
333 628 380 672 τὸ
405 626 646 683 ἓκτύπωμα,
684 626 973 684 παρεκοιμήθη
993 632 1051 687 τῷ
1071 626 1198 687 τόπῳ.
1269 630 1337 671 καὶ
1361 626 1541 678 ἀκούσας
1560 629 1603 671 ἒν

134 695 313 755 ὁράματι
331 697 379 740 τὸ
400 695 532 752 ὄνομα
551 701 626 752 τῆς
643 695 875 751 δυνάμεως,
914 697 1069 748 εὐθέως
1100 698 1279 754 ἐγερθεὶς
1306 695 1505 753 ἐκόσμησε
1529 697 1602 741 τὸν

131 765 282 820 τόπον,
319 764 495 822 ποιήσας
526 765 632 808 κατὰ
667 765 872 816 ἀνατολὰς
901 764 1034 821 εὐχήν.
1105 764 1438 821 καὶέπωνόμασε
1458 766 1506 811 τὸ
1532 766 1601 810 εὗ-

131 834 318 892 κτήριον,
354 834 448 891 ἤτοι
466 834 537 878 τὸν
556 832 703 887 τόπον,
734 840 810 878 τοῦ
831 833 945 891 ἆγιόυ
967 835 1215 893 ἀρχαγγέλου
1236 834 1425 892 Μιχαήλ.
1621 839 1655 874 0
1678 840 1724 876 97

75 916 121 952 ιο
239 904 292 947 Οἱ
311 904 355 947 δὲ
377 904 646 961 Ἀργοναῦται
667 904 771 958 μετὰ
791 904 865 960 τὴν
885 906 997 960 νίκην
1014 909 1089 948 τοῦ
1110 903 1287 959 Ἀμύκου
1307 906 1461 948 ἐκεῖθεν
1482 905 1599 962 ἔξορ-

127 971 334 1030 μήσαντες
367 974 431 1016 ἐπὶ
458 973 535 1028 τὴν
562 973 771 1028 Ποντικὴν
803 973 1053 1017 ἀνέπλευσαν
1082 974 1151 1016 διὰ
1183 974 1231 1017 τὸ
1254 972 1430 1031 χρύσεον
1459 974 1594 1030 δέρας.
1621 988 1652 1023 c

129 1046 272 1093 οἵτινες
294 1042 444 1096 ἔλαβον
464 1042 566 1085 αὐτὸ
585 1043 652 1084 καὶ
673 1042 749 1097 τὴν
771 1041 985 1098 Μήδειαν,
1016 1043 1091 1098 τὴν
1111 1047 1186 1086 τοῦ
1208 1043 1349 1086 Ἀέτου
1369 1043 1596 1100 θυγατέρα,

125 1112 330 1168 βασιλέως
357 1116 432 1167 τῆς
458 1113 670 1164 Σκυθίας,
709 1111 791 1155 ἀπὸ
815 1112 1022 1167 Κολχίδος
1045 1110 1209 1168 χώρας·
1245 1110 1346 1155 ὅθεν
1376 1112 1597 1169 ἱστορεῖται

126 1182 180 1224 τὰ
201 1181 307 1224 κατὰ
320 1179 486 1224 Ἰάσονα
507 1182 574 1223 καὶ
593 1178 799 1236 Γλαύκην,
821 1185 896 1224 τοῦ
916 1181 1122 1237 Κρέοντος
1142 1181 1368 1238 θυγατέρα,
1391 1182 1596 1236 βασιλέως

72 1261 117 1297 15
127 1255 202 1306 τῆς
223 1251 456 1299 Θεσσαλίας
464 1283 478 1303 ,
514 1249 591 1305 τὴν
622 1251 688 1292 καὶ
710 1250 1018 1306 ἐμπρησθεῖσαν
1045 1251 1088 1292 ἐκ
1117 1248 1354 1305 συμβάντος
1371 1250 1480 1302 τινὸς
1505 1249 1594 1306 ἅμα

123 1324 184 1379 τῷ
205 1321 329 1374 πατρὶ
358 1319 405 1362 ἔν
421 1325 506 1369 τοῖς
525 1315 754 1373 ὑμεναίοις,
793 1320 860 1361 καὶ
878 1319 931 1362 τοὶ
953 1318 1059 1362 ἄλλα
1089 1324 1163 1375 τῆς
1185 1320 1369 1378 ἱστορίας
1377 1353 1392 1374 ,
1429 1319 1550 1364 ἅτινα
1571 1318 1593 1364 ὅ

122 1387 369 1447 σοφώτατος
389 1385 660 1437 Ἀπολλώνιος
678 1385 698 1430 ὅ
719 1388 921 1445 ἱστορικὸς
943 1386 1245 1446 συνεγράψατο.

224 1457 351 1502 Μετὰ
378 1458 423 1500 δὲ
447 1459 598 1501 Θῶλαν
625 1454 758 1512 ἡγεῖτο
779 1462 853 1500 τοῦ
883 1457 1048 1515 Ἰσραὴλ
1074 1456 1289 1514 Αἵγλώμὸ
1321 1459 1592 1513 Ζαβουλωνί-

120 1541 219 1583 της·
256 1528 299 1570 ἓν
324 1527 487 1577 ἐκείνοις
515 1527 560 1569 δὲ
583 1533 670 1576 τοῖς
700 1524 865 1584 χρόνοις
894 1522 946 1582 ἦν
976 1527 1073 1584 παρ’
1098 1526 1264 1583 Ἕλλησι
1297 1525 1445 1582 μάντις
1470 1527 1589 1583 ἄλλη,

63 1598 308 1650 ΞοΣίβυλλα
337 1593 363 1652 ἡ
389 1595 631 1653 Ἐρυθραία.
708 1597 749 1638 ἒν
782 1593 844 1646 οἷς
871 1593 1038 1653 χρόνοις
1055 1597 1289 1651 ἐβασίλευσε
1309 1600 1383 1652 τῆς
1408 1598 1592 1654 Φρυγίας

118 1663 141 1709 ὅ
169 1669 337 1722 Τρῶος,
374 1663 420 1714 ὃς
437 1665 589 1721 ἐγένετο
611 1663 747 1721 πατὴρ
770 1664 889 1708 Ἰλίου
909 1667 977 1707 καὶ
996 1663 1282 1720 Γανυμήδους.
1342 1659 1463 1715 οὗτος
1481 1665 1588 1708 ἴκτι-

119 1750 165 1778 σε
204 1732 340 1784 πόλεις
377 1731 475 1789 δύο,
522 1733 599 1788 τὴν
631 1735 788 1790 Τροίαν
817 1735 874 1784 εἷς
900 1732 1032 1788 ὄνομα
1059 1734 1164 1778 ἴδιον
1193 1736 1261 1777 καὶ
1289 1733 1336 1777 τὸ
1379 1733 1501 1777 Ἴλιον
1529 1736 1585 1785 εἷς
1606 1742 1639 1778 D

211 1845 244 1879 1.
269 1840 373 1891 αὐτῷ
395 1843 462 1878 Ox.
558 1842 612 1878 12.
637 1839 811 1887 Μήδειαν
835 1841 1029 1886 Cedrenus,
1058 1844 1216 1889 Μηδίαν
1239 1843 1306 1879 Ox.
1354 1843 1445 1879 Tum
1471 1844 1585 1880 scribe

207 1888 358 1936 Αἰήτου.
452 1887 508 1925 14.
535 1888 599 1925 καὶ.
621 1895 700 1936 post.
722 1887 897 1937 Γλαύκην
923 1890 1054 1926 delevit
1079 1891 1146 1926 Ch.
1237 1893 1297 1928 20.
1323 1889 1490 1939 Σιβύλλα
1513 1891 1582 1927 ΟΧ.

204 1938 261 1974 22.
291 1935 434 1983 Τροΐαν
457 1936 527 1972 ΟΧ.

113 2029 250 2077 coepit,
290 2029 496 2065 instauravit
529 2028 770 2064 Constantinus
794 2030 844 2066 M.
867 2030 1077 2076 Imperator,
1117 2029 1176 2076 qui
1210 2029 1422 2066 christianus
1456 2031 1581 2074 factus,

113 2083 247 2112 statuae
279 2077 425 2122 figuram
448 2075 497 2110 ibi
521 2075 674 2121 positae,
709 2077 788 2119 ubi,
821 2075 947 2112 itinere
969 2076 1049 2111 illac
1071 2077 1188 2120 facto,
1223 2078 1317 2112 forte
1341 2078 1581 2120 observasset3

111 2123 235 2168 Angeli
258 2123 426 2169 speciem,
460 2121 496 2156 in
519 2122 640 2156 habitu
665 2123 829 2158 Monachi
851 2123 1034 2158 Christiani
1057 2123 1171 2158 statim
1203 2123 1358 2168 agnovit.
1405 2123 1581 2159 Attonitus

111 2180 195 2204 vero
219 2169 263 2204 ad
285 2169 352 2204 loci
373 2174 633 2213 structuraeque
657 2169 906 2212 reverentiam3
941 2169 1100 2215 precibus
1124 2169 1212 2204 scire
1235 2170 1359 2215 petiit,
1393 2169 1579 2216 qualisnam

113 2219 202 2250 esset
223 2215 409 2261 Angelicae
432 2214 578 2249 Virtutis
610 2215 766 2260 Effigies.
812 2215 1032 2251 Discumbens
1054 2228 1138 2251 vero
1161 2216 1198 2250 in
1227 2228 1267 2251 eo
1291 2216 1387 2258 loco,
1434 2227 1498 2260 per
1520 2227 1579 2249 so-

111 2261 234 2297 mnium
257 2264 398 2297 edoctus
422 2265 474 2297 est
495 2260 619 2306 Angeli
641 2273 780 2297 nomen:
805 2266 1027 2308 experrectus
1050 2263 1179 2308 itaque,
1204 2262 1312 2296 locum
1334 2261 1449 2296 statim
1473 2262 1578 2295 ador-

110 2307 229 2351 navit3
260 2308 394 2354 fusique
428 2308 472 2341 ad
508 2307 686 2342 Orientem
719 2320 838 2343 versus
861 2308 1039 2355 precibus,
1070 2309 1182 2345 locum
1205 2308 1297 2343 illum
1318 2308 1354 2342 in
1378 2308 1576 2343 Oratorium

108 2354 213 2397 fecit,
245 2354 376 2389 Sancto
399 2353 562 2389 Michaeli
596 2355 811 2400 Archangelo
833 2366 976 2390 sacrum.

200 2402 423 2446 Argonautae
446 2411 548 2443 vero,
585 2404 664 2446 post
686 2402 847 2446 Amycum
867 2401 1015 2444 victum,
1050 2401 1143 2436 illinc
1167 2399 1398 2441 discedentes,
1420 2398 1457 2433 in
1479 2410 1574 2434 mare

108 2445 289 2482 Ponticum
313 2446 448 2481 advecti
470 2451 567 2489 sunt,
590 2447 739 2493 indeque
762 2447 806 2482 ad
825 2447 1042 2490 Colchidem‚
1067 2447 1162 2482 aurei
1184 2446 1318 2481 velleris
1338 2457 1457 2480 causa:
1480 2445 1573 2490 quod

111 2496 149 2526 et
162 2492 242 2528 inde
264 2504 374 2528 secum
394 2497 638 2538 reportarunt,
661 2505 729 2527 una
752 2505 826 2528 cum
849 2494 994 2536 Medea,
1016 2495 1126 2528 Aetae
1141 2493 1350 2538 Scytharum
1373 2491 1464 2536 regis
1488 2491 1571 2526 filia.

110 2537 200 2572 Hinc
222 2544 299 2574 orta
321 2543 420 2581 sunt,
445 2550 532 2584 quae
553 2539 596 2573 de
618 2540 763 2582 Jasone,
797 2545 833 2575 et
855 2540 1008 2582 Glauca,
1034 2539 1191 2575 Creontis
1215 2538 1455 2572 Thessalorum
1477 2537 1570 2583 regis

109 2583 204 2625 filia,
233 2585 433 2628 traduntur,
469 2596 558 2630 quae
582 2597 661 2620 casu
686 2586 847 2632 quodam,
881 2598 955 2622 cum
979 2591 1080 2632 patre
1103 2598 1183 2626 suo,
1206 2584 1296 2618 inter
1319 2585 1394 2629 ipsa
1416 2583 1569 2630 Nuptia-

109 2641 182 2664 rum
205 2630 373 2673 solennia,
402 2631 483 2676 igne
506 2636 703 2678 consumpta
750 2632 845 2668 eriit=
881 2644 1040 2678 quaeque
1063 2632 1129 2666 alia
1154 2632 1218 2665 huc
1241 2629 1374 2664 faciunt
1397 2630 1568 2673 nonnulla,

108 2686 196 2721 quae
218 2677 349 2722 scripta
370 2678 468 2712 nobis
491 2677 631 2722 reliquit
653 2679 727 2724 Apo
744 2679 849 2714 lonius
862 2705 872 2721 ‚
903 2677 1162 2724 sapientissimus
1185 2676 1498 2721 Historiographus.

198 2722 315 2756 Thola
337 2728 482 2764 mortuo,
508 2723 626 2758 israeli
648 2725 800 2769 praefuit
815 2725 956 2770 Aeglom
975 2723 1204 2758 Zabulonites.
1251 2721 1322 2756 Illis
1346 2729 1458 2756 autem
1478 2726 1566 2758 tem-

105 2767 245 2814 poribus
269 2769 359 2812 apud
383 2768 537 2804 Graecos
560 2769 680 2805 floruit
702 2770 835 2816 Sibylla
858 2772 946 2812 alia,
982 2769 1180 2813 Erythraea
1204 2768 1314 2802 dicta:
1340 2779 1407 2813 quo
1431 2772 1565 2815 tempo-

104 2825 145 2847 re
177 2813 279 2848 etiam
313 2813 484 2858 Phrygiae
514 2815 698 2860 imperavit
731 2817 840 2857 Tros,
877 2816 918 2850 Ili
942 2820 978 2849 et
1002 2814 1210 2859 Ganymedis
1233 2818 1344 2860 pater.
1389 2814 1458 2850 Hic
1481 2826 1564 2850 vero

103 2858 188 2894 duas
212 2858 363 2894 condidit
386 2860 508 2901 urbes3
533 2861 693 2903 Troiam,
718 2873 739 2896 a
763 2861 892 2898 nomine
915 2873 994 2903 suo,
1022 2866 1060 2896 et
1081 2861 1196 2903 ilium,
1221 2861 1266 2897 ab
1289 2860 1362 2902 llo,
1386 2860 1456 2896 filio
1480 2866 1563 2895 natu
