1838 3230
583 146 1054 192 ANNOTATIONES.
1444 157 1503 202 61
1515 155 1538 201 1

91 260 290 300 Cedrenus
309 267 523 314 utrumque
551 274 757 301 numerum
785 260 967 302 exhibet:
994 261 1204 307 κατέκτανε
1223 262 1402 317 χιλιάδας
1430 265 1539 318 ἕπτᾶ,

92 316 156 366 οὖς’
171 316 216 358 δέ
232 332 355 368 τινες,
387 319 680 360 πεντεκαίδεκα.
927 350 929 352 .

204 375 299 427 Peg.
330 377 424 417 347.
453 377 520 417 28.
562 374 713 427 ἔμεινεν
746 373 813 415 ἐπὶ
838 372 986 424 πολλάς
1018 373 1168 430 ἡμέρας
1191 375 1247 429 μή
1273 375 1541 432 εἰσερχόμενος

90 428 148 476 εἷς
169 426 244 482 τήν
264 430 512 482 &nul-uolam]
542 431 662 469 Totos
685 444 836 469 menses
857 444 936 470 vm.
959 446 981 469 a
1000 438 1116 470 coetu
1136 433 1448 475 Christianorum
1465 450 1539 488 pu-

87 484 193 524 blico
211 492 402 525 secretum
423 487 544 526 fuisse
565 493 761 525 testantur
783 487 953 538 Glycas,
984 493 1022 524 et
1039 489 1222 530 Zonaras,

203 543 301 595 Pag.
328 545 422 586 348.
455 546 495 585 8.
537 545 772 583 Πισινοῦντι
801 546 852 599 τῇ
872 540 1023 595 πόλει.]
1065 546 1311 598 Πεσσινοῦς,
1341 547 1539 599 Stephano

87 597 287 638 scribitur.
346 601 587 648 Πεσσινοῦς,
616 595 729 647 πόλις
754 600 956 647 Γαλατίας.
1420 597 1432 608 .

202 656 298 707 Peg.
328 655 421 697 348.
453 659 515 698 10.
547 655 589 695 ἐν
611 652 852 710 Μιζουλοῖνςο
867 652 1132 708 ἠρῤὥστησε.]
1167 653 1427 699 Μεδιόλανον
1445 659 1541 698 Pro-

89 709 232 762 copio,
263 709 484 763 Stephano,
515 711 676 763 aliisque
703 712 809 750 dicta
829 718 889 749 est
916 711 1013 751 haec
1041 712 1147 750 urbs.
1179 713 1389 765 Expeditio
1412 722 1541 754 autem

87 763 207 816 haec,
237 765 286 805 de
303 779 380 818 qua
400 768 550 806 Auctor
571 774 728 818 noster,
755 768 796 806 in
818 768 1036 819 Eugenium
1058 770 1284 820 Tyrannum
1313 785 1335 808 a
1356 770 1542 810 Theodo-

89 822 147 859 sio
169 829 352 874 suscepta
372 829 448 862 est:
478 830 568 875 post
598 837 713 875 quem
737 824 960 874 devictum,
988 825 1253 864 Mediolanum
1282 839 1323 864 se
1346 827 1542 879 recipiens

87 877 329 930 Imperator,
358 879 504 918 ibidem
522 879 633 918 haud
650 880 764 930 longe
785 887 877 932 post
903 881 1006 919 diem
1035 894 1148 919 suum
1179 882 1286 923 obiit.
1347 883 1446 921 Vide
1468 885 1541 922 So—

86 947 295 973 zomenum
318 935 347 976 l.
372 939 413 978 7.
432 950 516 987 cap.
539 940 606 980 28.
645 935 928 976 Theodoritum
956 937 1024 978 lib.
1053 938 1093 981 5.
1122 951 1211 990 cap.
1235 939 1304 982 25.
1336 945 1376 978 et
1395 941 1540 979 Socra-

84 995 164 1029 tem
185 991 252 1030 lib.
272 993 314 1034 5.
344 1005 430 1044 cap.
449 996 518 1034 24.
541 999 579 1030 et
596 993 664 1035 25.
1210 1043 1212 1045 Ι

198 1046 299 1100 Pag.
329 1048 423 1090 348.
454 1051 518 1090 11.
550 1045 606 1088 ‹Bv
623 1047 820 1090 ἐνιαυτοῖν
843 1046 931 1098 ξε’.]
960 1049 1017 1087 De
1037 1062 1204 1088 numero
1223 1063 1414 1089 annorum
1450 1052 1542 1103 qui-

85 1101 162 1141 bus
183 1103 286 1142 vixit
303 1103 567 1153 Theodosius,
599 1104 823 1158 discrepant
846 1107 1061 1145 Auctores:
1094 1105 1183 1147 Chr.
1206 1106 1321 1145 Alex.
1354 1121 1445 1146 cum
1469 1122 1542 1146 no-

85 1165 190 1208 stro,
221 1173 343 1199 annos
371 1173 452 1198 va
486 1161 519 1199 ei
540 1161 699 1201 tribuit:
739 1164 942 1212 Socrates,
981 1163 1221 1201 Sozomenus
1252 1168 1292 1202 et
1325 1163 1539 1215 Cedrenus,

84 1228 137 1253 Lx
146 1230 158 1266 3
189 1216 336 1255 Paulus
359 1217 554 1256 Diaconus
573 1231 598 1256 1.
619 1224 783 1259 tantum.

197 1274 302 1326 Pug.
335 1272 431 1315 348.
463 1277 526 1316 12.
557 1270 617 1314 ὅτι
634 1275 691 1323 εἰς
713 1270 859 1326 Ρώμην
875 1269 1005 1326 ἦλθεν
1028 1272 1055 1315 ὅ
1080 1269 1282 1323 Αρκοῖδιος
1305 1271 1407 1328 πρός
1427 1273 1539 1316 Ονω’-

86 1342 175 1381 ριον
195 1327 300 1380 eto.]
334 1329 407 1368 Alii
431 1327 532 1368 haec
553 1330 668 1369 aliter
690 1330 847 1369 omnino
874 1337 1037 1369 narrant
1046 1345 1057 1381 3
1090 1329 1357 1369 Theodosium
1381 1345 1536 1383 nempe,

84 1384 206 1422 morti
226 1385 449 1437 proximum
465 1385 546 1438 jam
565 1400 605 1424 se
634 1387 884 1436 sentientem,
913 1386 1135 1426 Honorium
1163 1386 1287 1425 filium
1315 1387 1539 1426 Constanti-

84 1440 224 1493 nopoli
241 1441 507 1492 accersivim,
539 1448 654 1493 atque
671 1443 828 1495 imperii
848 1443 1114 1482 Occidentalis
1135 1456 1270 1481 curam
1287 1443 1320 1481 ei
1340 1458 1538 1482 commen-

85 1496 211 1538 dasse.
239 1497 338 1537 Vide
356 1499 555 1537 Socratem
575 1498 643 1538 lib.
665 1501 702 1543 5.
724 1513 811 1551 cap.
836 1500 902 1543 25.
934 1507 973 1538 et
993 1503 1199 1538 Sozomen.
1218 1499 1285 1537 lib.
1303 1503 1340 1540 7,
1366 1514 1450 1551 cap.
1470 1504 1537 1543 28.

197 1551 294 1607 Pag.
324 1553 418 1597 348.
449 1558 517 1597 21.
541 1557 615 1596 τοῦ
631 1555 837 1608 Σπανοῦ]
867 1556 1111 1608 Legendum,
1146 1557 1347 1605 Ισπανοῦ,
1376 1557 1436 1595 uti
1463 1569 1538 1595 su-

85 1622 161 1662 pra
185 1610 421 1649 monuimus.

198 1664 296 1718 Pag.
326 1666 420 1708 349.
450 1669 487 1708 1.
523 1663 573 1706 τὰ
599 1662 731 1707 πάντα
757 1666 822 1719 ἔτη
857 1665 1107 1718 εἶκοσιτρία]
1146 1665 1277 1705 Annos
1308 1681 1447 1720 nempe
1475 1681 1538 1707 xn

87 1734 177 1759 cum
194 1721 418 1760 Theodosio
435 1728 569 1774 patre,
602 1736 801 1774 annosque
827 1736 905 1761 xm
925 1729 1017 1775 post
1049 1722 1132 1774 ejus
1161 1736 1378 1763 excessum.
1434 1724 1538 1764 Vide

85 1778 262 1830 Prosper
280 1778 461 1829 Aquitan.
479 1784 518 1816 et
536 1778 785 1816 Joruandem.

195 1832 292 1886 Pag.
322 1833 414 1876 349.
448 1834 486 1876 5.
517 1831 590 1881 οὓς
615 1831 798 1874 ἐκάλεσεν
815 1829 1126 1887 Αρκαδιακούς.]
1157 1834 1319 1874 Numeri
1335 1834 1454 1886 hujus
1471 1835 1537 1873 in-

85 1890 147 1928 sra
179 1890 295 1929 etiam
326 1890 496 1940 mentio,
535 1890 606 1929 lib.
643 1891 703 1932 15.
736 1890 842 1943 apud
881 1890 1097 1928 Cedrenum
1139 1891 1233 1929 item
1269 1891 1310 1929 in
1346 1891 1534 1931 Arcadio:

85 1951 196 1988 ποιεῖ
211 1944 254 1986 δὲ
273 1946 340 1987 καὶ
371 1947 478 1987 ἴδιον
510 1942 688 1999 ἀριθμόν
715 1946 758 2003 ἐν
784 1945 1223 2000 Κωνσταντινουπόλει,
1254 1945 1325 1996 οὓς
1350 1944 1535 1989 ἐκάλεσεν

85 2008 124 2044 A
150 1998 353 2051 καδικούς.

126 2018 148 2058 ρ
201 2061 295 2112 Peg.
323 2061 420 2102 349.
451 2061 490 2101 8.
519 2057 768 2111 ἐβασίλευσεν
786 2056 810 2099 o‘
831 2053 1003 2108 οἷδελφὸς
1028 2054 1156 2099 αὐτοῦ
1184 2054 1362 2112 Ονῶριος
1387 2058 1431 2100 ἒν
1451 2055 1533 2100 Ρω’-

87 2131 142 2171 μῃ
165 2114 229 2167 ἔτη
248 2111 344 2168 λα’.]
375 2117 468 2153 Post
491 2114 702 2153 Arcadium
723 2116 885 2154 fratrem
904 2121 1124 2165 mortuum,
1155 2129 1277 2153 annos
1294 2121 1445 2153 tantum
1465 2128 1533 2153 xv.

85 2171 296 2224 imperavit
324 2171 546 2210 Honorius:
586 2172 732 2210 Auctor
765 2172 897 2223 itaque
925 2170 1002 2209 hoc
1032 2172 1121 2209 loco
1152 2172 1201 2210 de
1227 2178 1310 2209 toto
1339 2184 1532 2210 annorum

86 2241 276 2272 numero,
309 2227 452 2280 quibus
486 2241 563 2265 una
589 2241 676 2266 cum
707 2234 819 2278 patre
851 2226 1095 2277 Theodosio,
1135 2234 1173 2267 et
1200 2227 1371 2266 Arcadio
1395 2227 1532 2277 fratre,

86 2283 294 2336 imperium
313 2284 462 2334 tenuit,
492 2283 768 2334 intelligendus
788 2290 857 2322 est.

201 2343 294 2392 Pag·
326 2343 418 2382 349.
450 2344 514 2384 10.
544 2340 688 2380 ἔκλεισε
706 2338 749 2381 τό
771 2337 875 2394 ἷερόν
888 2342 962 2380 τοῦ
980 2335 1200 2393 Σεροὲπιδος
1218 2335 1388 2390 Ηλίου.]
1418 2337 1531 2376 Tem-

86 2395 196 2447 plum
211 2395 288 2433 hoc
309 2410 329 2434 a
346 2395 568 2435 Theodosio
590 2396 641 2435 M.
666 2410 844 2435 eversum
865 2396 984 2435 fuisse
1009 2402 1202 2435 testantur
1228 2396 1427 2441 Socrates,
1458 2396 1531 2432 So-

87 2464 286 2501 zomeuus,
313 2453 401 2500 alii3
429 2453 527 2491 falso
546 2453 679 2505 itaque
696 2452 761 2491 hic
780 2452 828 2491 ab
847 2453 1026 2491 Honorio
1043 2452 1217 2490 clausum
1237 2456 1390 2488 tantum
1408 2449 1531 2488 fuisse

88 2507 246 2547 dIcitur.

202 2566 296 2614 Pag·
323 2563 419 2606 349.
453 2565 517 2607 14.
548 2563 616 2605 καὶ
638 2563 799 2617 πέμψας
824 2561 970 2618 ἤγαγεν
989 2560 1218 2617 Λλάριχον.]
1249 2560 1393 2599 Eadem
1414 2558 1531 2598 habet

91 2619 205 2658 etism
226 2620 417 2669 Zonaras3
449 2621 515 2672 qui
538 2627 668 2659 tamen
696 2621 982 2659 Historicorum
1008 2619 1085 2657 hac
1115 2620 1156 2656 in
1179 2632 1221 2657 re
1250 2616 1528 2657 dissensionem

89 2681 200 2714 recte
236 2681 354 2713 notat.
419 2676 518 2715 Vide
551 2677 716 2715 Paulum
755 2676 915 2715 Diacon.
954 2676 1023 2713 lib.
1056 2678 1118 2717 13.
1155 2676 1354 2712 Socratem
1390 2672 1457 2712 lib.
1488 2676 1527 2714 7.

91 2745 175 2783 cap.
197 2733 260 2772 10.
317 2732 572 2772 sozomenum
589 2733 658 2773 lib.
681 2736 719 2774 9.
742 2746 827 2786 cap.
843 2737 882 2782 6,
912 2736 951 2781 7,
979 2735 1017 2782 8,
1039 2737 1076 2769 et
1097 2735 1133 2775 9.
1173 2736 1210 2769 et
1225 2727 1459 2768 Jornandem
1479 2727 1528 2766 do

90 2788 210 2839 Regu.
230 2800 395 2826 success.
