1838 3230
435 133 1076 199 CHRONOGRAPHIA.
1134 133 1180 178 L.
1212 133 1325 178 XIII.
1518 137 1619 186 325

235 256 286 302 ‘O
316 257 362 303 δέ
389 254 515 307 αὖτδς
539 258 855 305 Κωνσταντῒνος
873 253 1069 309 βασιλεὺς
1087 252 1108 298 ὅ
1129 255 1275 312 μικρὸς
1296 254 1555 308 ἐβασίλευσεν
1573 254 1618 298 ἐν

137 332 190 386 τῇ
219 324 357 385 Ῥώμῃ
386 324 456 382 ἴτη
480 323 550 380 ιβ’.
621 323 734 374 ὅστις
755 323 860 378 μετὰ
883 323 1071 379 τελευτὴν
1092 327 1168 367 τοῦ
1187 323 1345 380 πατρὸς
1366 324 1538 379 ἐξῆλθεν
1561 326 1618 374 εἷς

135 393 364 454 πρόκεσσον
380 396 447 438 καὶ
465 391 624 452 ἐσφάγη
647 394 689 437 ἓν
714 390 911 451 Μοθώνῃ
929 390 1009 436 ὖπὸ
1031 396 1114 436 τῶν
1135 390 1372 451 ἀνθρώπων
1390 397 1466 436 τοῦ
1494 392 1617 436 ἀδελ-

137 469 220 523 φοῦ
243 464 396 518 αὐτοῦ,
435 462 492 508 ὢν
515 463 711 506 ἐνιαυτῶν
731 459 780 505 κ’.
1356 462 1358 464 ’

75 607 78 610 «
102 585 125 620 5
236 578 364 624 Μετὰ
389 579 435 622 δὲ
460 578 534 635 τὴν
561 578 774 632 βασιλείαν
797 576 1114 622 Κωνσταντίνου
1132 578 1206 619 τοῦ
1227 579 1375 634 μικροῦ
1397 575 1610 631 ἓβασίλευ-
1634 565 1668 645 (V)
1689 566 1739 646 {2

135 665 204 692 σεν
222 649 264 692 ἓν
280 651 332 707 τῇ
345 645 480 705 Ῥώμῃ
499 644 702 696 Κώνστας
722 643 743 688 ὁ
762 645 939 702 ἀδελφὸς
958 645 1086 688 αὐτοῦ
1108 643 1177 701 ἔτη
1201 642 1266 695 ις’.
1336 643 1449 695 ὅστις
1472 643 1609 702 ἇῤῥω-

133 714 292 774 στήσας
316 714 399 760 ἀπὸ
424 717 683 773 δυσεντερίας
709 712 919 768 ἐτελεύτα,
962 713 1018 757 ὢν
1042 715 1237 757 ἐνιαυτῶν
1260 710 1332 766 κζ.

238 830 365 875 Μετὰ
381 831 426 874 δὲ
441 829 517 886 τὴν
536 830 748 884 βασιλείαν
768 829 1085 872 Κωνσταντίνου
1108 831 1183 871 τοῦ
1198 824 1377 883 μεγάλου
1397 826 1610 880 ἓβασίλευ-
1632 840 1662 874 13

96 934 101 939 .
130 915 176 944 σε
203 897 678 948 Κωνσταντινουπόλεως
704 895 995 947 Κωνστάντιος
1026 895 1047 940 ὅ
1069 896 1158 947 υἱὸς
1178 896 1307 939 αὐτοῦ
1331 893 1609 951 ὃμικρότερος

74 980 120 1015 10
130 967 200 1024 ἔτη
221 967 271 1012 λ’.
341 964 391 1024 ἦν
412 969 457 1011 δὲ
477 965 781 1023 μεγαλόψυχος,
802 967 1064 1021 ἓξακιονίτης,
1088 964 1109 1008 ὅ
1131 961 1239 1008 ἔστιν
1252 962 1472 1021 Ἀρειανός.
1543 965 1608 1006 ἐπὶ

128 1039 174 1080 δέ
194 1042 268 1092 τῆς
290 1036 418 1079 αὐτοῦ
437 1037 649 1091 βασιλείας
667 1037 854 1091 ἐκίνησαν
876 1035 914 1077 οἱ
927 1035 1103 1091 Πέρσαι,
1123 1034 1215 1089 ’ἤτοι
1230 1030 1609 1089 Ἀββουραρσάκιος
1633 1046 1666 1080 0
1693 1047 1735 1081 13
1794 1053 1798 1058 -

127 1104 150 1149 ὁ
172 1103 367 1159 βασιλεύς
381 1119 390 1129 ·
427 1107 493 1148 καὶ
514 1103 806 1162 ἐπεστράτευσε
825 1103 912 1147 κατ’
937 1103 1073 1147 αὐτῶν
1093 1100 1268 1159 ποιήσας
1286 1103 1485 1159 Καίσαρα
1501 1100 1607 1145 Ἰου-

126 1175 268 1219 λιανόν
289 1175 479 1231 συγγενέα
502 1174 645 1219 αὐτοῦ.

228 1290 314 1332 Καὶ
333 1286 545 1347 γενόμενος
562 1289 604 1331 ἐν
616 1286 839 1347 Ἀντιοχείᾳ
859 1289 910 1345 τῇ
930 1282 1085 1343 μεγάλῃ
1105 1281 1314 1341 ἐπλήρωσε
1331 1284 1406 1340 τὴν
1425 1282 1606 1341 μεγάλην

61 1368 115 1409 ,15
126 1359 341 1415 ἐκκλησίαν
363 1355 596 1415 ἐπιγράψας
613 1361 748 1400 ταῦτα
760 1369 770 1378 ·

216 1511 251 1549 4.
285 1509 430 1558 αὐτοῦ]
455 1509 577 1549 αὑτοῦ
601 1513 670 1547 Ox.
809 1511 843 1546 7.
879 1510 1114 1554 δυσεντερίας
1136 1509 1222 1552 Ch.‚
1253 1508 1510 1555 δυσσεντερίας
1532 1508 1602 1543 Ox.

219 1560 275 1596 11.
307 1555 663 1607 Ἄββουραρσᾶκιος]
692 1554 1048 1605 Σαββουραρσάκιος
1072 1557 1137 1593 Ch.

215 1696 285 1732 Hic
307 1701 423 1733 autem
439 1696 686 1732 Constantinus
707 1694 831 1730 Junior
856 1706 920 1740 per
942 1705 1046 1729 annos
1070 1704 1131 1727 xn.
1169 1692 1300 1727 Romae
1323 1690 1495 1736 regnav3t,
1533 1691 1603 1724 Pa-

123 1742 187 1779 tris
209 1755 294 1779 vero
327 1748 406 1790 post
427 1743 575 1784 obitum,
619 1742 696 1776 dum
719 1741 753 1775 in
776 1741 972 1775 Processum
1004 1739 1135 1783 exiret,
1172 1751 1193 1774 a
1216 1738 1335 1773 fratris
1357 1738 1410 1772 sui
1440 1737 1601 1772 militibus

122 1789 289 1826 Mothone
313 1789 446 1825 occisus
469 1794 542 1832 est,
566 1799 688 1823 annum
711 1798 817 1832 agens
839 1798 896 1821 xx.

321 1884 363 1965 C
470 1914 518 1985 Q
622 1914 669 1961 N
772 1911 807 1959 s
913 1912 957 1958 T
1067 1911 1109 1958 A
1210 1910 1255 1957 N
1363 1910 1396 1956 s

510 2010 1205 2051 ROM.IMPERATOR.

211 2117 472 2161 Constantinum
501 2117 675 2153 JunJorem
704 2115 843 2160 excepit
876 2115 914 2150 in
945 2126 1052 2160 regno
1085 2114 1238 2149 Romano
1261 2112 1448 2154 Constans,
1484 2112 1594 2145 frater

121 2165 213 2212 ojus:
249 2165 331 2212 qui,
355 2177 430 2201 cum
453 2176 560 2201 annos
581 2163 630 2199 ibi
652 2173 723 2198 xvx.
757 2165 985 2209 regnaverat,
1018 2172 1062 2196 ex
1084 2159 1292 2206 Dysenteria
1313 2158 1464 2200 interiit,
1489 2169 1592 2192 annos

122 2217 221 2248 natus
243 2222 355 2247 xxvu.

276 2326 318 2376 C
389 2326 438 2376 Ο
508 2327 555 2376 N
627 2325 662 2373 S
733 2325 777 2372 T
849 2325 892 2372 A
956 2323 1005 2371 N
1073 2323 1117 2370 T
1187 2321 1212 2370 I
1281 2321 1328 2369 U
1400 2319 1434 2365 S

379 2427 495 2464 IMP.
519 2421 1325 2463 CONSTANTINoroerANus.

213 2528 436 2565 Constantino
459 2532 572 2565 autem
593 2529 724 2574 Magno
756 2526 960 2563 succedebat
993 2527 1030 2562 in
1063 2525 1211 2571 Imperio
1234 2517 1586 2565 Constantinopolita-

121 2586 166 2609 no
190 2573 428 2618 constantius,
458 2576 605 2610 filiorum
628 2581 712 2610 natu
735 2573 904 2609 minimust
944 2573 1002 2618 qui
1026 2571 1207 2618 imperavit
1229 2580 1332 2603 annos
1355 2577 1434 2600 xxx.
1497 2565 1586 2618 Erat

120 2623 234 2655 autem
257 2620 314 2655 hic
334 2621 388 2655 vir
411 2621 524 2666 magni
546 2621 671 2663 animi,
703 2625 807 2666 atque
830 2620 1057 2660 Exocionita,
1081 2618 1117 2651 id
1141 2622 1211 2657 est,
1241 2613 1415 2649 Arrianus.
1475 2611 1584 2654 Hujus

120 2666 182 2700 sub
213 2665 354 2711 imperio
383 2672 494 2702 motus
526 2667 662 2703 ciebant
691 2667 840 2708 Persae,
880 2666 923 2700 ab
946 2661 1198 2700 Abburarsacio
1221 2671 1306 2704 rege
1339 2669 1455 2693 eorum
1477 2656 1582 2709 ducti.

120 2712 312 2758 Imperator
333 2711 463 2758 itaque,
483 2713 618 2749 ,Iuliano
644 2718 792 2758 cognato
811 2724 870 2747 suo
889 2712 1039 2746 Caesare
1062 2712 1193 2749 creato,
1214 2706 1250 2740 in
1272 2717 1331 2741 eos
1353 2715 1447 2740 arma
1464 2707 1583 2737 movnt.

162 2825 172 2836 .
198 2781 508 2835 ‚Magnam-nvem
530 2780 743 2819 Antiochiam
767 2780 928 2823 veniens,
957 2776 1146 2814 Ecclesiam
1169 2774 1218 2810 ibi
1240 2784 1395 2820 magnam
1417 2770 1565 2808 absolvit

116 2838 175 2866 cm
197 2831 264 2862 nsta
285 2831 471 2872 msenpslt.
