1838 3230
0 0 71 133 Ξ

3 133 27 202 ᾗ
663 125 966 172 APPENDIX.
1448 128 1546 177 665

0 211 31 299 {¹}
115 213 118 216 >
189 247 295 298 Pag.
324 248 394 289 87.
424 247 464 288 8.
498 241 710 314 Γοργόνος.
741 243 784 282 G.
816 239 1032 298 Γοργὸνης.

193 305 291 354 Pag
322 305 390 345 37.
421 302 463 345 5-
494 297 638 354 α’δαην.
661 301 702 338 C.
733 296 854 352 ἆδαῆ.

189 357 290 411 Pag.
315 362 383 401 37.
410 361 450 401 8.
478 355 551 399 τόν
567 357 611 399 ἐκ
627 360 702 398 τοῦ
725 363 797 395 etc.
827 357 960 396 locum
976 356 1086 396 hunc
1106 356 1165 395 sic
1181 356 1362 396 scribunt
1376 357 1549 409 Symeon

0 409 17 425 '¹
79 413 295 466 Logotheta
315 415 396 454 MS.
427 420 466 454 et
488 414 689 454 Cedrenus
710 420 924 453 annotante
944 413 1174 454 Dufresnio:
1200 413 1269 455 καὶ
1293 412 1365 456 τὸν
1386 415 1549 469 Σαρδα-

75 467 286 522 νάπαλον,
316 471 386 512 καὶ
403 487 499 520 τους
518 474 592 512 τοῦ
612 469 754 523 γένους
773 466 898 511 αὐτοῦ
917 466 1168 519 α’πεκτονοός.
1198 477 1272 513 etc.

194 530 387 581 Peg-,sm
418 529 490 590 15.
522 522 700 580 Μηᾝδων
739 526 796 565 sic
829 527 871 566 C.
902 541 978 579 pro
1010 541 1090 580 quo
1117 541 1167 565 ex
1199 528 1378 567 Cedteno
1405 527 1549 566 Dusre-

0 603 5 613 ··
75 585 184 625 snius
202 585 386 637 reposuit
406 545 600 652 Μηδίανη
627 597 708 635 quo
731 583 850 622 modo
869 582 992 622 habet
1013 585 1131 622 etiam
1151 583 1418 623 Hamartolus.

189 641 294 694 Pag.
325 645 393 684 37.
423 645 492 684 21.
530 636 689 694 γνόντες
719 636 844 681 αὐτόν
876 646 949 680 etc.
979 640 1109 679 Minus
1132 647 1320 679 accurate
1340 640 1438 679 haec
1455 640 1547 679 red.-

77 698 250 737 duntur:
288 704 423 749 verte5
461 696 612 749 Argivi
648 698 790 751 quippe
821 695 1022 749 Jopolitae
1051 713 1135 736 eum
1164 713 1219 736 ex
1240 697 1336 750 Arg
1312 698 1411 736 aivis
1424 711 1550 750 genus

0 755 5 763 '
77 753 216 794 ducere
239 753 545 810 certioressacii
562 767 715 793 summa
735 768 822 793 cum
843 751 994 792 laetitia
1013 769 1098 793 eum
1122 752 1378 796 celebrarunt.

176 813 293 863 Pag-
322 813 390 854 38.
421 814 458 854 1.
487 811 530 853 C.
560 810 925 863 πλημμυρίσαντος.

186 866 292 919 Pag.
322 869 390 910 38.
422 867 462 910 4.
495 863 690 921 Ορόντου.
713 866 892 905 Cedreno
914 863 1135 919 Ορὁόντου,
1154 867 1397 918 Logothetae
1421 869 1549 916 Ορον·

14 943 16 945 -
74 939 165 992 τος,
195 923 395 963 chronico
424 927 584 978 Ορισεν.
623 923 695 962 ubi
718 923 950 962 Dufresnius
974 922 1092 975 Quod
1119 921 1235 962 addit
1261 923 1398 963 Autor
1427 922 1550 963 Chro-

74 981 158 1021 1ιίοἰ
188 979 374 1020 Orontem
398 995 504 1020 nuno
535 983 678 1033 Ορισεν
707 978 902 1032 appellari
930 989 1106 1032 spectare
1130 979 1284 1018 videtur
1302 995 1433 1019 eorum
1459 995 1549 1019 sen-

74 1038 258 1085 ienuam,
287 1039 358 1092 qui
378 1037 581 1076 Orientem
605 1037 722 1077 eiiam
746 1035 896 1076 dietum
915 1034 1074 1086 volunt,
1104 1037 1144 1075 in
1172 1036 1313 1092 quibus
1337 1047 1394 1075 est
1410 1036 1549 1088 Hege-

73 1092 259 1147 sippuel.
281 1099 322 1138 3.
339 1104 376 1133 et
401 1092 582 1133 Isidorus
615 1092 641 1134 Ζ.
671 1095 736 1136 13.
761 1108 795 1134 c.
833 1096 900 1135 21.
928 1090 1032 1131 unde
1045 1091 1197 1149 facilis
1225 1092 1291 1132 hio
1318 1092 1549 1143 emendatio,

73 1152 111 1189 si
129 1165 184 1190 ex
207 1152 352 1204 Ορισεν
377 1151 612 1204 conficiatur
644 1152 808 1204 Οριενς,
838 1146 1038 1204 quomodo
1069 1148 1293 1203 appellatur
1321 1164 1348 1187 a
1365 1149 1550 1189 Lactan-

73 1209 130 1245 tio
161 1204 231 1247 lib.
262 1205 312 1247 de
337 1216 452 1248 mort.
494 1205 648 1261 Per-seq.
683 1222 724 1260 p.
755 1207 824 1250 50.
860 1205 951 1245 Non
980 1204 1117 1246 audjo.
1155 1220 1206 1245 ex
1236 1213 1375 1246 nostro
1397 1221 1550 1260 repone

62 1265 112 1304 Ὀ
137 1259 284 1305 ‹imov-

112 1279 135 1318 ρ
190 1323 289 1373 Pag.
316 1322 384 1363 38.
413 1322 454 1362 7.
483 1314 640 1369 εὐθέως
660 1314 799 1372 ἀνῆψε
815 1321 911 1373 πῦρ.
947 1331 1133 1371 germana
1154 1318 1275 1359 habet
1298 1321 1347 1362 G.
1367 1320 1545 1362 Hamart.

184 1431 289 1486 Pag.
319 1435 386 1475 38.
416 1436 456 1476 9.
487 1431 545 1482 εἷς
571 1431 619 1474 τὰ
650 1431 737 1475 ἴδια
761 1432 952 1487 βασίλεια.
991 1431 1091 1472 haec
1119 1433 1223 1472 male
1253 1433 1375 1473 vertit
1400 1433 1546 1472 Dusre-

73 1491 202 1532 mim:
230 1492 274 1530 in
293 1487 509 1530 Palatium.

185 1549 293 1599 Peg.
323 1549 391 1588 38
424 1549 488 1588 12.
522 1546 717 1594 Ιωνίτοιις.
749 1547 793 1586 C.
827 1546 1078 1594 Ῑωπολίταις.

183 1602 286 1655 Pag.
318 1605 480 1645 38.18.
514 1598 866 1671 (1.Ανδρομήδας.

186 1661 293 1711 Pag.
323 1660 390 1700 39·
422 1661 460 1700 3.
491 1659 535 1699 C.
568 1656 773 1727 Γοργόνης
792 1664 896 1697 utet
914 1658 1032 1696 infra.

186 1713 387 1768 Pag.65.
420 1718 484 1757 17.
524 1718 652 1756 Eam
677 1711 768 1756 κατ’
798 1721 872 1755 etc.
940 1715 1158 1753 Oraculum
1190 1714 1270 1753 hoc
1297 1714 1547 1754 mendosissi-

73 1787 182 1814 mum
198 1773 256 1811 sic
275 1770 440 1822 corrigit
464 1769 636 1812 Galaeus
650 1778 786 1811 noster
804 1770 984 1811 eruditis.
1000 1772 1113 1811 Notis
1130 1771 1181 1810 ad
1198 1769 1341 1811 Iambl.
1360 1770 1407 1810 de
1423 1772 1546 1827 Mysi

73 1837 167 1871 sect.
188 1832 227 1874 8.
251 1843 284 1868 c.
306 1831 372 1870 12.

292 1883 396 1925 Emi
410 1880 502 1925 κατ’
524 1880 732 1937 ου’ρανίοιο
754 1886 860 1926 Θεοῦ
879 1880 1067 1955 μεγαλοιο
1087 1881 1260 1954 βεβηκὸς

295 1940 447 1995 Φὲγγος
454 1938 742 2012 υπερβοὶλλον,
774 1941 843 1983 καὶ
865 1938 1058 1992 οἷένναον,
1094 1937 1304 1982 ἀθάνατον
1324 1943 1429 1996 πῦρ·

295 2000 329 2038 Ο
345 1996 499 2066 τρομέει
522 2001 627 2048 πᾶν,
657 2003 752 2052 γαῖα
773 1998 842 2039 καὶ
863 1995 1037 2051 οὐρανὸς
1055 1994 1129 2051 ἠ’δὲ
1147 1994 1335 2039 θαλασσα

297 2052 515 2124 Ταρτάρεοί
532 2070 573 2096 τε
592 2054 740 2124 βυθοὶ,
771 2054 840 2096 καὶ
859 2057 1045 2108 δαίμονες
1063 2055 1277 2125 ἐῤῥίγησαν

290 2107 567 2181 Αὕτοπάτωρ,
585 2108 764 2180 οἷπάτωρ
785 2127 847 2161 τε,
847 2128 1030 2181 πατηρ,
1062 2110 1148 2160 υἱὸς
1172 2108 1295 2159 αὐτὸς
1313 2111 1472 2161 ἑαυτοῦ,

291 2164 539 2221 Αυτοφυης,
569 2165 801 2218 ἀδίδακτος,
832 2164 1018 2236 ἆμήτωρ,
1053 2165 1355 2221 οἷστυφυλακτος

292 2222 471 2277 Οὔνομα
481 2223 582 2278 μηδὲ
601 2222 709 2294 λογῳ
721 2221 977 2279 χωρούμενον
994 2225 1037 2267 ἐν
1054 2226 1152 2279 πυρὶ
1171 2226 1298 2266 ναίων

297 2281 417 2322 Τουτὶ
442 2280 560 2332 Θεὸς,
592 2297 737 2335 μικρον
756 2281 799 2323 δὲ
819 2284 925 2323 Θεοῦ
945 2281 1063 2336 μέρος
1082 2287 1251 2337 Αγγελοι
1272 2280 1399 2334 ἡμεῖς.

290 2335 453 2379 Λοιπον
473 2336 597 2379 α’πιθι
616 2351 761 2392 σιγων,
790 2338 835 2380 ἐκ
854 2341 1005 2401 βωμῶν
1025 2338 1276 2392 ἦμετερείων.

183 2395 484 2446 Pag.93.1o.
527 2394 624 2448 μηνὶ
661 2396 855 2451 ξανθικῷ.
895 2396 1096 2449 plaeeise!
1137 2396 1172 2433 si
1211 2394 1366 2446 superis
1395 2394 1539 2445 placet.

73 2451 130 2489 sic
153 2450 253 2488 alius
273 2451 450 2502 Nugator
470 2452 530 2491 .Ῐο.
554 2453 716 2490 Tzetzes
740 2453 782 2491 in
809 2453 1021 2504 allegorica
1048 2452 1279 2490 Homericm
1285 2465 1349 2488 um
1374 2451 1542 2489 Fabula-

71 2520 161 2546 rum
183 2507 330 2559 Expos.
351 2508 430 2549 MS.
463 2508 520 2547 ait
548 2508 727 2547 Paridem
758 2516 969 2562 postquam
998 2509 1037 2547 in
1057 2509 1174 2547 Pwuio
1198 2509 1292 2547 exul
1321 2514 1471 2558 egerat,
1500 2508 1540 2545 in

71 2563 232 2614 'frojam
253 2571 456 2617 receptum
481 2565 603 2603 fuisse
620 2565 698 2608 22⁰
716 2565 812 2618 Apr.
842 2572 880 2605 et
911 2566 955 2604 in
976 2566 1180 2606 Graeciam
1199 2565 1361 2604 missum
1381 2579 1403 2603 a
1424 2565 1540 2604 Patre

71 2620 175 2658 Junii
200 2619 284 2662 18⁰.
316 2621 427 2671 quod
443 2627 483 2660 et
499 2621 639 2660 scribit
658 2621 760 2661 infra
781 2623 938 2662 Noster.

184 2674 286 2727 Peg·
317 2679 386 2719 96.
413 2680 453 2720 6.
481 2675 548 2719 τόν
568 2681 742 2720 πλουτου
764 2676 882 2728 ὅλον]
915 2676 992 2720 σῦν
1010 2674 1182 2732 χρήμασι
1210 2674 1397 2732 ποσότητι
1417 2693 1540 2733 τριων

74 2733 368 2785 κεντηναρίων,
399 2734 455 2772 ait
472 2735 535 2774 Jo.
554 2735 747 2775 Tzetzes
735 2749 778 2774 m
793 2737 873 2775 MS.
898 2730 967 2775 cit'.

187 2791 295 2842 Pag·
326 2793 395 2834 97.
426 2794 490 2834 20.
523 2789 805 2848 Μυρμιδόνων
828 2788 937 2843 τότε,
968 2791 1061 2834 νυνὶ
1090 2789 1135 2834 δὲ
1163 2789 1385 2847 λεγομένων
1417 2793 1539 2833 Βουλ-
