1838 3230
324 183 424 233 734
912 170 1185 228 BENTLEII

323 295 493 349 Appello
523 295 574 336 ad
610 296 890 348 elegantiorum
920 295 1123 337 hominum
1151 298 1323 351 judicia,
1366 297 1508 341 annon
1532 299 1674 341 melior
1700 300 1770 340 ali·

324 360 473 405 quanto
493 354 543 393 sit
559 354 675 392 lectio
695 367 744 393 ex
768 354 994 407 conjectura
1011 361 1168 395 nostra:

542 430 698 481 Ainos,
726 430 750 473 6
765 428 927 485 γράψας
941 432 1079 482 Αἴτια,
1109 434 1369 487 Καλλίμαχος.

198 512 231 547 0
254 514 300 567 72
326 510 530 549 Caeterum
568 508 687 548 homo
722 509 884 548 Malelae
921 511 1231 561 germanissimus
1270 513 1497 564 Fulgentius
1529 511 1769 562 monendos,

325 565 589 615 Jeniaculum,
618 566 766 617 inquit,
791 568 965 618 gustatio
983 565 1139 607 dicitur.
1198 566 1467 608 Callimachus
1484 566 1650 608 Iniesia:
1677 566 1771 606 ,Τρη-

323 620 496 662 iaculum
512 620 685 675 proferre
702 619 804 663 Jovi.
863 623 1017 660 Diceres
1036 622 1142 662 hunc
1163 638 1185 662 a
1203 625 1350 662 Joanne
1369 621 1525 677 Ετήσια
1549 624 1617 662 ina
1634 629 1771 663 mutua

324 678 495 730 petiisse.
552 677 657 715 Illud
683 691 778 716 vero
807 678 1039 717 incredibile
1065 679 1270 730 videatur,
1301 681 1542 732 Cyrenaeum
1560 680 1673 718 illum
1699 679 1772 718 La-

324 736 405 772 tine
430 734 543 785 loqui
560 740 598 771 et
616 733 773 783 quidem
792 747 932 773 versu:
962 749 1051 773 nam
1084 734 1140 773 sic
1177 736 1277 787 lego.
1342 734 1561 776 Jenraclum
1596 733 1772 798 proferre

325 789 417 828 Jmi
442 811 499 818 —-
526 811 583 819 —
610 810 666 818 -—
695 790 770 828 Sed
801 790 941 829 minuit
974 791 1290 840 admirationem,
1337 792 1446 843 quod
1473 791 1700 842 Fulgentius
1730 796 1771 830 et

324 845 503 884 Mnaseae
532 841 778 898 Εὔρωπιακα
809 852 847 884 et
880 846 1148 885 Demosthenis
1194 847 1414 900 Philippica
1448 847 1595 886 viderit
1631 846 1770 885 Latino

324 915 504 940 sermone
522 903 755 952 conscripta.
813 903 923 941 Sicut
943 903 1160 942 ovidianae
1182 904 1303 942 Ibidis
1331 910 1446 942 vetus
1463 905 1678 942 Euat-rator
1691 915 1771 954 pu-

324 958 537 996 tidissimos
558 971 695 996 versus
714 971 858 1010 eosque
881 961 1038 997 latinos
1059 960 1244 1012 Eupolidi
1271 966 1310 999 et
1339 959 1574 1013 (jocularem
1599 958 1770 998 hominis

326 1013 601 1052 confidentiam
614 1012 646 1065 !)
677 1014 898 1054 Democrito
917 1015 1078 1066 assno1t

439 1081 543 1119 Illud
556 1087 757 1133 praeterea
774 1095 859 1134 pag.
878 1082 943 1124 52.
970 1079 1122 1130 Καθώς
1140 1078 1353 1135 Δήμαρχος
1375 1080 1397 1123 6
1424 1076 1654 1133 σοφώτατος
1678 1092 1771 1121 σνν-

328 1133 528 1191 εγράψατο
559 1137 649 1189 περὶ
683 1141 756 1178 τοῦ
791 1135 916 1178 αὐτοῦ
944 1135 1165 1189 Διονύσου,
1215 1144 1402 1190 corrupte
1440 1137 1646 1176 exhibetur
1679 1136 1769 1175 loco

328 1195 558 1257 Δείναρχος.
613 1193 711 1231 Nam
741 1195 930 1244 Georgius
960 1195 1122 1233 eandem
1154 1171 1357 1233 historiam
1396 1206 1638 1242 memorans,
1677 1193 1772 1232 Δεί-

327 1264 490 1301 ναρχος,
522 1249 596 1297 ait,
639 1248 660 1289 6
693 1265 879 1301 ποιητης,
916 1266 989 1302 ουχ
1019 1250 1043 1291 6
1070 1246 1213 1304 ῥήτωρ
1245 1257 1284 1289 et
1317 1249 1595 1301 Hieionymus:
1624 1248 1771 1286 Dinar-

328 1304 422 1344 chus
447 1315 583 1355 poeta,
622 1319 698 1342 non
721 1304 881 1346 Rhetor.
939 1307 996 1344 De
1028 1319 1106 1357 quo
1137 1307 1178 1344 in
1208 1306 1381 1345 diversas
1409 1305 1617 1344 sententias
1638 1304 1771 1343 ierunt

324 1360 404 1399 viri
422 1360 543 1399 docti.
601 1359 729 1398 Ve1ba
751 1361 933 1399 Demetrii
959 1362 1176 1411 Magnetis'
1165 1376 1205 1399 m
1236 1375 1355 1413 opere
1376 1361 1476 1427 Περὶ
1504 1363 1584 1401 τῶν
1607 1356 1771 1412 Ομωνύ-

327 1431 413 1487 μων
435 1415 541 1467 apud
562 1416 792 1467 Dionysium
818 1417 940 1455 Halic.
975 1414 1207 1470 Δεινάρχοις
1236 1416 1279 1457 δὲ
1305 1413 1535 1468 ἐνετύχομεν
1556 1415 1769 1483 τέτταρσιν,

328 1467 388 1512 ων
407 1471 510 1513 ἐστιν
531 1470 557 1512 ο
556 1470 648 1537 μὲν
671 1472 714 1512 ἐκ
732 1488 813 1512 των
833 1469 1013 1526 ρητόρων
1031 1477 1112 1513 τῶν
1128 1476 1326 1513 Αττικῶν·
1357 1471 1380 1513 6
1399 1473 1442 1512 δὲ
1463 1470 1535 1520 τοὶς
1549 1471 1640 1525 περὶ
1656 1468 1771 1538 Κρή-

325 1543 398 1580 την
415 1524 634 1597 συναγήοχε
656 1530 917 1581 μυθολογίας·
947 1528 968 1569 6
992 1527 1035 1568 δὲ
1051 1526 1312 1581 πρεσβύτερος
1334 1527 1404 1580 μὲν
1426 1524 1578 1579 αμφοῖν
1595 1542 1767 1576 τουτοιν,

326 1581 475 1636 Δήλιος
494 1581 537 1623 δὲ
560 1582 604 1624 τό
630 1583 765 1636 γένος,
794 1584 1188 1650 πεπραγματευμένος
1205 1588 1320 1624 τοῦτο
1351 1582 1423 1636 μὲν
1452 1583 1565 1633 ἔπος,
1593 1587 1708 1623 τοῦτο
1725 1581 1769 1623 δὲ

326 1643 507 1692 πρᾶγμα·
539 1638 717 1692 τέταρτος
738 1638 779 1680 δὲ
799 1639 821 1680 o‘
839 1640 930 1693 περὶ
956 1638 1120 1692 Ομήρου
1146 1636 1261 1692 λόγον
1288 1635 1563 1687 συντεθεικώς.
1621 1640 1670 1677 Et
1693 1639 1769 1678 Ge-

326 1696 468 1736 rardus
485 1695 641 1746 quidem
663 1696 854 1734 Vossius
843 1710 882 1734 m
907 1697 1111 1748 praeclaro
1142 1710 1259 1748 opere
1295 1696 1342 1734 de
1364 1695 1592 1745 Historicis‚
1619 1694 1770 1733 Dinar-

328 1752 445 1800 chus,
475 1752 550 1800 ait,
579 1749 715 1790 Delius
746 1751 939 1792 Cretenses
955 1750 1141 1817 fabulas
1152 1750 1327 1803 collegit,
1357 1761 1399 1790 ut
1427 1751 1691 1802 cognoscimus
1715 1762 1769 1788 ex

327 1807 515 1858 Dionysio
536 1805 636 1846 Hal.
678 1807 843 1846 Videtur
866 1806 966 1846 idem
994 1808 1141 1860 signari
1163 1807 1213 1845 ab
1245 1806 1430 1856 Eusebio,
1459 1805 1526 1845 ubi
1551 1805 1597 1844 de
1616 1805 1770 1845 Bacchi

327 1864 444 1915 gestis
463 1861 645 1916 loquens,
675 1865 754 1915 ait,
783 1866 846 1911 ,Ως
869 1875 968 1930 φησι
993 1865 1208 1917 Δειναρχος
1246 1862 1272 1904 6
1301 1861 1466 1929 ποιητής
1482 1859 1552 1915 οὔχ
1577 1861 1599 1903 6
1615 1858 1768 1925 ῥήτωρ.

333 1919 606 1956 Condonamus
626 1919 782 1970 quidem
814 1920 850 1958 ei
881 1915 1091 1973 αμᾶρτημα
1115 1915 1380 1971 μνημονικόν·
1409 1931 1535 1970 neque
1562 1917 1665 1956 enim
1691 1917 1770 1956 De-

331 1975 408 2012 lius
438 1975 512 2012 suit
530 1975 771 2014 Cretensium
793 1976 821 2014 F
824 1976 1023 2014 abularum
1053 1976 1265 2021 collector,
1295 1975 1363 2013 sed
1388 1974 1582 2013 secundus
1602 1973 1678 2012 iste
1699 1986 1768 2012 ne-

334 2030 416 2067 scio
437 2030 543 2080 quis3
575 2044 688 2080 quem
714 2032 783 2070 vix
804 2038 862 2070 est
879 2038 924 2070 ut
949 2032 1164 2070 existimem
1189 2045 1251 2069 eas
1277 2031 1458 2069 versibus
1480 2029 1664 2078 edidisse,
1693 2029 1769 2066 sal-

333 2092 410 2124 tem
430 2085 505 2123 hoc
528 2099 605 2123 non
626 2088 873 2138 exploratum
900 2094 970 2128 est.
1027 2088 1199 2136 Scaliger
1226 2088 1264 2125 in
1289 2087 1435 2125 Graeca
1455 2085 1612 2124 Eusebii
1640 2098 1681 2136 p.
1701 2086 1768 2126 31.

339 2139 541 2190 Viderint,
570 2142 646 2189 ait,
674 2142 836 2188 eruditi,
866 2158 917 2181 an
943 2144 1075 2182 tertius
1100 2117 1385 2182 Dinarchorum
1407 2139 1554 2194 Δήλιος
1577 2156 1619 2181 το
1643 2138 1767 2192 γένος,

334 2197 729 2250 πεπραγματευμένος
751 2202 866 2238 τοῦτο
884 2197 954 2251 μὲν
972 2199 1084 2249 ε’πος,
1112 2202 1227 2240 τοῦτο
1257 2197 1299 2238 δὲ
1315 2200 1495 2251 πρᾶγμα,
1523 2197 1573 2235 sit
1592 2197 1662 2234 iste
1674 2209 1770 2247 poe-

334 2262 401 2302 ia,
431 2268 540 2306 quem
558 2254 682 2292 innuit
701 2253 896 2293 Eusebius.
952 2254 1057 2292 Nam
1085 2270 1178 2293 sane
1201 2253 1297 2292 mihi
1326 2255 1478 2306 ignotus
1504 2261 1571 2291 est.
1629 2251 1768 2290 Hacte-

334 2322 407 2346 nus
429 2309 584 2359 quidem
603 2309 770 2358 accedo,
803 2316 848 2347 ut
868 2316 934 2347 aut
951 2310 1025 2348 iste
1050 2310 1100 2348 sit
1128 2316 1264 2362 poeta,
1294 2310 1342 2348 de
1363 2321 1440 2359 quo
1465 2307 1676 2356 Eusebius,
1701 2312 1769 2346 aut

333 2364 467 2402 nullus
491 2378 540 2403 ex
555 2371 736 2416 quatuor.
766 2366 841 2403 Sed
863 2366 1011 2414 amabo,
1036 2366 1130 2417 quid
1148 2366 1223 2403 sibi
1242 2366 1328 2403 vult
1346 2363 1444 2402 illud
1458 2361 1648 2415 πρᾶγμαὶ)
1665 2376 1766 2411 nam,

333 2427 520 2471 quantum
533 2434 602 2471 ego
614 2421 742 2469 video,
759 2422 867 2459 nulla
887 2421 920 2459 ei
941 2421 1073 2459 subest
1089 2422 1278 2460 sententia
1291 2433 1415 2470 neque
1430 2419 1602 2458 scientia.
1632 2419 1768 2456 Latine

332 2476 390 2513 sic
405 2482 551 2514 vertas:
555 2450 802 2517 ‘'Dinon-hus
815 2492 948 2529 genere
968 2475 1124 2525 Delius,
1154 2478 1221 2531 qui
1240 2475 1321 2528 αἶιᾳ
1323 2474 1391 2513 uid
1410 2473 1537 2540 dixit,
1566 2483 1601 2513 et
1617 2471 1769 2526 aliquid

207 2541 308 2577 073
321 2530 453 2587 fecit:
485 2532 587 2580 sive,
616 2533 683 2586 qui
716 2530 868 2586 aliquid
902 2546 1007 2570 versu
1038 2507 1164 2581 discit,
1194 2529 1345 2585 aliquid
1369 2546 1408 2568 re
1434 2531 1530 2583 ipsa.
1584 2530 1767 2568 Profecto

334 2601 414 2625 non
445 2588 649 2625 multum
639 2602 678 2625 m
704 2588 899 2627 Demetrio
925 2587 1188 2652 perdidimus,
1229 2587 1262 2624 si
1285 2586 1409 2624 omnia
1442 2586 1499 2624 sic
1524 2586 1636 2625 dixit.
1690 2583 1769 2622 Sed

337 2643 480 2694 opinor
498 2644 690 2682 neminem
708 2644 856 2682 inficias
875 2644 1043 2691 iturum,
1074 2644 1166 2694 quin
1185 2643 1398 2680 mutatione
1425 2641 1627 2680 commoda
1653 2645 1690 2679 et
1709 2639 1768 2679 illi

336 2712 430 2736 suus
450 2698 595 2749 honos,
628 2706 667 2737 et
688 2700 857 2738 orationi
885 2712 954 2738 sua
974 2699 1163 2737 sententia
1186 2697 1338 2736 ιοεῑίωἰ
1355 2698 1496 2764 possit,
1525 2697 1557 2736 si
1571 2698 1765 2747 legamus.

337 2754 727 2806 πεπραγματευμένος
743 2771 859 2796 τουτο
879 2753 950 2808 μὲν
969 2754 1081 2803 ἔπος,
1109 2756 1223 2794 τοῦτο
1250 2751 1293 2793 δὲ
1313 2769 1494 2819 γραμμα,
1521 2752 1564 2791 id
1594 2758 1671 2803 est,
1700 2751 1769 2804 qui

341 2808 531 2862 quaedam
549 2809 721 2852 Hernico
747 2812 918 2852 carmine
941 2810 1187 2864 conscripsit,
1215 2807 1299 2849 alia
1327 2810 1498 2849 oratione
1519 2821 1661 2862 prosa:
1689 2805 1767 2854 vel,
