1838 3230
218 745 249 780 B

127 792 160 826 Ο
185 792 250 828 108

281 164 383 213 394
640 125 642 132 '
685 161 974 208 IOANNIS
1001 164 1336 212 MALALAE

278 296 410 338 τησαν
428 277 619 337 ἀλλήλοις
634 280 686 324 τὰ
705 279 888 339 ἓξὲρκετα
908 283 964 333 εἷς
986 283 1034 327 τὸ
1054 282 1296 338 Κοτυᾶειον,
1319 281 1437 330 πόλιν
1453 291 1527 344 τῆς
1539 289 1736 347 Φρυγίας,

278 351 362 394 ἓκεῖ
375 348 553 409 ἐσφάγη·
592 351 657 393 καὶ
674 350 770 405 μετ’
791 350 917 394 αὐτὸν
936 349 1082 396 Κόνων
1101 352 1122 396 ὃ
1147 357 1408 398 Φουσκιανοῦ
1428 354 1551 414 λόγχῃ
1568 361 1742 414 βληθεὶς

278 417 404 462 ἔπεσε.
474 420 540 461 καὶ
558 418 776 475 τραπέντες
801 420 839 462 οἱ
858 419 1041 478 ’Ἰσαυροι
1066 423 1122 472 εἷς
1152 422 1284 479 φυγὴν
1305 422 1628 482 συνελήφθησαν
1647 424 1741 471 τότε

278 489 345 531 καὶ
376 487 415 530 οἳ
443 488 574 529 λοιποὶ
607 486 767 543 ἔξαρχοι
799 490 964 540 ζῶντες·
1001 491 1066 532 καὶ
1097 490 1486 548 ἇπεκεφαλίσθησαν
1504 495 1572 537 καὶ
1597 493 1741 551 ἀνηνέ-

273 560 444 611 χθησαν
463 555 505 597 αἱ
524 557 696 612 κεφαλαὶ
718 555 854 600 αὐτῶν
874 561 932 615 τῷ
954 557 1066 616 αὐτῷ
1083 558 1338 620 Ἀναστασίῳ
1359 566 1530 615 βασιλεῖ’.
1576 564 1642 606 καὶ
1662 571 1773 619 pce-5

276 624 328 667 τὰ
349 623 422 679 τὴν
436 623 563 679 αὐτὴν
572 625 684 680 νίκην
695 622 816 668 ἔδωκε
834 625 990 684 δωρεὰς
1007 633 1092 677 τοῖς
1108 625 1320 672 ὖποτελέσι
1342 634 1441 673 πᾶσι
1461 637 1547 681 τοΐς
1563 629 1642 675 ὕπὸ
1664 631 1739 688 τὴν

277 692 405 736 αὐτοῦ
428 693 650 744 βασιλείαν.

371 759 419 803 Ὁ
446 762 490 803 δὲ
514 759 730 811 θειότατος
757 761 949 816 βασιλεὺς
975 761 1239 814 Ἀναστάσιος
1270 765 1430 821 ἐποίησε
1453 765 1739 822 χρυσοτὲλειαν
1768 770 1773 774 ’

275 833 359 873 τῶν
379 827 526 886 ιὀύγων
543 837 630 880 τοῖς
648 834 928 880 συντελεσταΐς
948 834 1047 874 πᾶσι
1068 832 1134 874 διὰ
1155 832 1202 875 τὸ
1220 833 1277 888 μὴ
1295 833 1558 878 ἀπαιτεῖσθαι
1578 835 1631 878 τὰ
1651 836 1739 892 εἶ’δη

276 900 341 941 καὶ
354 898 648 956 διατρέφεσθαι
665 897 745 941 ὖπό
766 903 849 942 τῶν
873 904 1147 956 στρατιωτῶν.

372 967 462 1009 Ἐπὶ
494 968 538 1010 δὲ
563 971 637 1022 τῆς
672 967 798 1010 αὐτοῦ
827 969 1037 1021 βασιλείας
1067 969 1106 1011 οἳ
1125 970 1246 1024 δῆμοι
1270 967 1740 1022 Κωνσταντινουπὸλεως

274 1040 358 1079 τῶν
380 1036 604 1092 Πρασίνων
635 1036 797 1079 ἱππικοῦ
831 1035 1029 1092 ἀγομένου
1061 1035 1316 1093 παρεκάλουν
1340 1037 1411 1080 τὸν
1432 1038 1605 1091 βασιλέα
1631 1038 1738 1083 ἀπο-

274 1105 460 1159 λυθῆναί
484 1121 598 1154 τινας
627 1104 902 1159 συσχεθέντας
930 1105 1043 1162 παρὰ
1071 1110 1143 1149 τοῦ
1179 1103 1358 1162 ἐπάρχου
1391 1110 1466 1160 τῆς
1492 1104 1648 1157 πόλεως
1684 1105 1740 1158 ὥς

272 1170 651 1227 λιθοβολήσαντας·
689 1175 756 1215 καὶ
779 1173 826 1216 οὗ
848 1171 1088 1230 παρεκλήθη
1107 1172 1187 1217 ὑπὸ
1207 1179 1280 1217 τοῦ
1311 1171 1444 1230 δήμου
1472 1172 1492 1217 ὅ
1514 1166 1738 1230 αὖτόςβα-

272 1239 419 1293 σιλεύς,
440 1240 544 1283 ἀλλὰ
559 1239 843 1297 ἀγανακτήσας
856 1242 1057 1286 ἐκέλευσεν
1080 1242 1192 1299 ἅρμα
1204 1241 1291 1285 κατ’
1315 1243 1450 1286 αὐτῶν
1463 1244 1654 1297 ἐξελθεῖν)
1670 1245 1736 1287 καὶ

220 1321 250 1355 C
274 1309 423 1365 ἐγένετο
444 1307 597 1365 μεγάλη
619 1310 777 1360 ἀταξία.
849 1311 914 1352 καὶ
935 1315 1146 1366 κατῆλθον
1172 1311 1211 1354 οἶ
1230 1313 1352 1365 δῆμοι
1376 1311 1480 1354 κατὰ
1498 1316 1580 1354 τῶν
1598 1313 1739 1362 ἐξκου-

121 1733 153 1768 Ο
180 1734 245 1770 109

351 1376 362 1393 Ι
523 1379 533 1395 x
561 1380 574 1395 3
646 1376 657 1393 Ι
773 1379 784 1394 ἱ
818 1379 828 1396 x
881 1378 892 1393 ἱ
956 1377 967 1394 Ι
1126 1378 1165 1397 ἠ
1182 1378 1194 1392 t
1391 1381 1400 1397 Ι
1621 1380 1631 1397 ἱ
1716 1385 1737 1395 ιν

270 1383 447 1435 βιτορων
467 1396 533 1421 και
556 1383 747 1428 ελθοντες
767 1396 830 1420 επι
851 1396 896 1421 το
918 1383 1105 1433 καθισμα
1124 1391 1298 1437 ερριψαν
1333 1382 1503 1434 [λιθους
1531 1397 1635 1422 κατα
1663 1398 1738 1424 του

268 1446 468 1501 βασιλέως
482 1446 763 1499 Ἀναστασίου,
789 1447 830 1490 ἓν
851 1445 912 1496 οἷς
934 1445 988 1497 εἷς
1007 1450 1188 1504 Μαῦρος
1207 1446 1373 1505 ἴρῥιψε]
1397 1448 1518 1490 λίθον
1541 1448 1646 1491 κατὰ
1663 1452 1738 1491 τοῦ

268 1515 470 1569 βασιλέως
485 1529 495 1539 ·
533 1516 600 1558 καὶ
624 1515 805 1566 ἀναστὰς
829 1514 850 1558 ὁ
871 1516 1063 1570 βασιλεὺς
1083 1516 1246 1572 ἐξέφυγε
1264 1515 1337 1558 τὸν
1355 1517 1489 1559 λίθον.
1545 1518 1612 1558 καὶ
1631 1521 1737 1560 θεα-

1748 903 1792 939 10

1750 1257 1792 1292 15

270 1581 437 1638 σάμενοι
462 1583 500 1626 οἳ
524 1585 801 1640 ἓξκουβίτορες
829 1584 901 1638 τὴν
923 1589 997 1627 τοῦ
1028 1584 1176 1641 ἀνδρὸς
1201 1582 1378 1638 τόλμαν,
1415 1582 1613 1640 ὥρμησαν
1634 1584 1730 1628 κατ’
1743 1596 1792 1632 20

270 1652 398 1695 αὐτοῦ
428 1653 494 1695 καὶ
525 1651 680 1706 ἔκοψαν
709 1651 832 1695 αὐτὸν
859 1652 964 1695 κατὰ
999 1652 1142 1707 μέλος·
1178 1654 1245 1695 καὶ
1280 1650 1410 1702 οὕτως
1448 1652 1627 1696 ἀπέδωκε
1662 1653 1736 1709 τὴν

269 1719 421 1776 ψυχήν.
468 1718 489 1764 ὅ
511 1722 555 1763 δὲ
578 1723 709 1776 δῆμος
730 1723 947 1771 στενωθεὶς
974 1720 1092 1775 ἔβαλε
1114 1725 1194 1778 πῦρ
1215 1722 1270 1770 εἲς
1289 1719 1362 1776 τὴν
1386 1721 1599 1777 λεγομένην
1613 1724 1736 1764 Χαλ-

270 1794 345 1832 κῦν
365 1793 437 1832 τοῦ
463 1789 627 1832 ἱππικοῦ
638 1822 652 1842 ,
690 1791 755 1832 καὶ
776 1787 797 1832 ὃ
818 1788 991 1844 ἕμβολος
1011 1787 1168 1845 ἐκαύθη
1188 1789 1262 1839 ἕως
1282 1793 1355 1831 τοῦ
1375 1793 1589 1842 βασιλικοῦ
1610 1791 1736 1833 καθί-

363 1861 417 1899 14.
442 1863 850 1909 λιθοβολῆσαντεςΟΙιη
874 1865 1171 1911 λιθοβολίσαντες
1188 1865 1257 1899 Ox.
1327 1865 1382 1899 17.
1407 1864 1592 1905 λίθους-
1608 1863 1737 1911 ἔρῤιψε

360 1909 605 2000 {1323th
698 1912 755 1946 22.
786 1910 980 1952 στενωθεὶς
1003 1911 1081 1953 Ch„
1106 1910 1255 1952 chron„
1280 1909 1474 1951 σθενοθεὶς
1495 1911 1562 1945 Ox.
1651 1911 1736 1945 ibid.

270 2010 370 2057 giae‚
394 2011 453 2045 ubi
469 2011 640 2047 exercitus
664 2013 755 2048 inter
772 2024 810 2047 se
829 2011 997 2048 commissi
1013 2012 1155 2059 primum
1184 2013 1368 2048 conflictati
1385 2015 1485 2055 sunt,
1507 2012 1582 2058 ipso
1598 2012 1634 2046 in
1653 2024 1735 2048 con-

269 2067 391 2102 gressu
408 2057 538 2090 occisus
551 2058 664 2102 periit.
689 2061 775 2093 Post
783 2071 884 2104 quem
894 2059 1024 2100 Conon,
1038 2058 1199 2093 Fusciani
1214 2060 1255 2093 F.
1275 2059 1411 2100 cecidit,
1422 2059 1522 2092 hasta
1537 2058 1734 2093 transfixus.

271 2102 413 2137 Caeteri
428 2109 541 2137 autem
555 2103 681 2146 Duces,
705 2104 834 2139 Isauris
853 2104 889 2138 in
906 2105 1022 2149 fugam
1039 2104 1161 2147 versis,
1183 2105 1254 2139 vivi
1271 2103 1506 2149 comprehensi
1522 2107 1614 2145 sunt,
1638 2104 1735 2150 capi-

269 2152 373 2193 teque
389 2148 539 2189 multati3
564 2150 732 2194 capitibus
749 2162 864 2185 eorum
881 2151 924 2184 ad
945 2150 1160 2184 Anastasium
1178 2151 1418 2196 Imperatorem
1438 2149 1648 2194 deportatis:
1675 2149 1734 2194 qui

270 2194 334 2229 hac
354 2193 498 2229 victoria
518 2194 664 2239 potitus,
701 2197 853 2230 omnibus
871 2208 936 2242 per
954 2196 1136 2242 Imperium
1153 2195 1362 2230 Tributariis
1381 2205 1518 2229 munera
1533 2195 1732 2233 transmisit.

361 2239 598 2275 Divinissimus
622 2244 736 2275 autem
758 2242 947 2287 Imperator
971 2242 1171 2276 Anastasius
1192 2241 1355 2275 tributum
1379 2251 1538 2281 aureum,
1575 2251 1638 2285 pro
1661 2240 1734 2275 sin-

268 2285 358 2330 gulis
386 2285 477 2330 jugis
499 2297 563 2331 per
585 2285 781 2331 imperium,
819 2288 1031 2332 pendendum
1053 2287 1219 2322 instituit:
1257 2298 1300 2321 ne
1331 2285 1465 2321 scilicet
1485 2287 1530 2320 ab
1553 2286 1734 2321 Exactori-

269 2332 355 2375 bus,
380 2331 416 2364 in
440 2331 587 2377 specie‚·
607 2330 771 2366 militibus
794 2332 829 2365 in
853 2333 979 2367 victum
1004 2334 1208 2378 erogandum
1230 2332 1457 2377 colligeretur.

360 2377 492 2411 Eodem
513 2377 725 2423 Impenmte,
765 2377 823 2422 qui
846 2390 890 2412 ex
913 2379 1068 2413 Prasinis
1094 2382 1192 2414 erant
1212 2378 1249 2412 in
1271 2377 1398 2422 populo
1422 2376 1733 2422 Constantinopoli-

267 2425 370 2465 tano,
404 2422 514 2467 ipsum
533 2423 623 2457 inter
638 2422 816 2458 Circensia
836 2428 1016 2468 rogarunt,
1051 2424 1103 2458 uti
1122 2425 1180 2469 qui
1199 2425 1241 2458 ob
1257 2423 1388 2468 lapides
1408 2422 1443 2456 in
1462 2421 1563 2456 Circo
1579 2423 1695 2466 jactos
1711 2434 1732 2458 a

266 2469 449 2503 Praefecto
467 2469 564 2503 urbis
583 2467 814 2514 comprehensi
832 2470 986 2511 fuerant,
1021 2470 1164 2504 vinculis
1181 2469 1417 2504 liberarentur.
1462 2467 1655 2512 Imperator
1669 2479 1733 2502 vo-

267 2513 312 2547 tis
336 2525 451 2548 eorum
483 2514 574 2549 haud
599 2525 767 2557 annuens,
807 2515 912 2549 etiam
936 2515 985 2549 eis
1007 2515 1241 2556 irascebatur;
1275 2514 1447 2559 jussitque
1469 2514 1521 2547 uti
1552 2512 1647 2548 miles
1672 2524 1731 2548 eos

267 2559 473 2594 adoriretur.
521 2560 667 2595 Coortus
689 2560 768 2595 inde
789 2559 909 2605 ingens
935 2560 971 2594 in
994 2561 1120 2606 populo
1152 2561 1336 2601 tumultus3
1373 2561 1544 2605 turbaque
1567 2559 1731 2594 adversus

267 2605 496 2640 Excubitores
521 2606 768 2648 descendente,
810 2606 868 2640 ubi
893 2606 938 2640 ad
961 2606 1075 2640 sedem
1096 2605 1351 2651 Imperator-iam
1374 2608 1573 2651 perventum
1595 2604 1730 2645 fuisset,

268 2650 304 2684 in
324 2651 566 2696 imperatorem
583 2652 692 2697 ipsum
710 2652 797 2698 lapis
818 2652 956 2686 emissus
979 2656 1043 2686 est.
1090 2652 1243 2696 Surgens
1266 2656 1377 2686 autem
1400 2652 1605 2697 Imperator,
1626 2650 1731 2686 ictum

270 2696 465 2733 declinavit.
512 2697 676 2732 Videntes
701 2698 820 2744 itaque
842 2696 1067 2732 Excubitores
1090 2697 1233 2732 hominis
1255 2697 1447 2739 audaciam,
1479 2697 1607 2741 impetu
1629 2695 1666 2729 in
1687 2693 1732 2728 il-

269 2742 337 2775 lum
362 2743 475 2785 facto,
509 2743 716 2778 membratim
738 2743 974 2784 conciderunt3
1006 2743 1065 2787 qui
1087 2742 1137 2777 sic
1160 2743 1300 2777 animam
1323 2743 1442 2777 edidit.
1489 2742 1646 2788 Popellus
1669 2751 1731 2774 au—

272 2791 341 2821 tem
357 2787 391 2821 in
415 2789 589 2833 angustias
610 2789 790 2832 redactus,
822 2789 918 2834 ignes
941 2789 977 2822 in
1000 2788 1093 2822 Circi
1117 2789 1300 2830 Chalcam,
1324 2800 1423 2834 quam
1446 2791 1572 2823 vocant
1591 2784 1730 2830 injecit3

271 2833 361 2868 unde
386 2833 547 2870 Porticus
569 2846 675 2881 usque
697 2835 741 2871 ad
762 2835 876 2871 sedem
910 2833 1167 2882 Imperatoriam
1189 2834 1425 2880 conflagravit.
1470 2832 1627 2869 Porticus
1648 2831 1729 2866 item
