1838 3230
444 165 1065 212 CHRONOGRAPHIA.
1089 211 1097 216 ,
1121 167 1171 212 L.
1201 168 1312 213 vm.
1477 194 1480 197 ·
1518 177 1616 224 211

139 291 304 345 πρῶτον
335 283 490 340 τόπον,
523 282 701 343 τιμήσας
723 283 876 340 αὐτόν,
915 285 971 338 ὥς
1002 287 1190 343 βασιλέα.
1261 289 1328 331 καὶ
1357 290 1463 344 μετὰ
1496 290 1620 348 δόξης

139 355 322 412 ἀνῆλθεν
352 353 374 400 ὃ
399 356 593 411 Σκηπίων
622 355 664 398 ἓν
691 360 744 414 τῇ
767 353 929 414 Ῥώμῃ,
966 356 1112 407 καθώς
1131 355 1153 400 ὃ
1175 355 1421 415 σοφώτατος
1444 363 1620 419 Φλῶρος

137 422 466 480 ὗπεμνημάτισεν
484 425 528 468 ἐκ
546 427 630 468 τῶν
648 425 808 478 Λιβίου
831 423 1174 483 συγγραμμάτων.

245 519 320 576 Τῷ
350 516 396 559 δὲ
422 513 765 575 πεντεκαιδεκάτῳ
798 515 875 560 ἴτει
904 522 978 560 τοῦ
1005 517 1298 575 προειρημένου
1312 516 1522 575 Ἀντιόχου
1541 525 1615 564 τοῦ

106 585 374 643 5Διονίκους,
399 585 602 640 βασιλέως
621 589 696 641 τῆς
713 587 885 642 Συρίας,
904 590 979 630 τοῦ
997 591 1165 644 λεπροῦ,
1192 585 1398 645 Τιγράνης
1414 606 1476 639 τις
1491 594 1617 644 βασι-

138 653 233 704 λεὺς
252 653 472 711 Ἀρμενίων
494 653 631 698 ἐλθών
659 654 884 710 ἐπολέμησε
910 660 969 714 τῷ
990 655 1103 714 αὐτῷ
1119 654 1312 716 Ἀντιόχῳ
1341 655 1520 712 πόλεμον
1540 660 1615 713 με’-

136 735 227 779 γαν.
298 724 366 765 καὶ
388 720 557 778 νικήσας
575 723 650 766 τὸν
672 723 797 766 αὐτὸν
817 723 1021 779 Ἀντίοχον
1042 723 1063 768 ὃ
1086 722 1290 782 Τιγράνης
1308 726 1502 780 βασιλεὺς
1519 726 1616 784 Ἀρ-

135 791 285 846 μενίων
317 791 526 849 παρέλαβε
557 792 632 847 τὴν
654 790 902 847 Ἀντιόχειαν
920 793 994 848 τὴν
1017 791 1198 850 μεγάλην
1219 796 1287 837 καὶ
1308 794 1383 850 τὴν
1401 797 1616 850 βασιλείαν

138 858 280 914 αὐτοῦ,
318 858 591 917 ἃφειλάμενος
609 858 743 903 πάντα
764 861 860 918 παρ’
888 862 1016 905 αὐτοῦ
1039 861 1067 905 ἃ
1089 861 1180 918 εἶχε,
1219 861 1422 920 φυγόντος
1440 869 1515 907 τοῦ
1537 866 1614 908 αὖ·
1636 873 1668 908 D

82 937 128 974 10
139 932 214 972 τοῦ
227 926 435 984 Ἀντιόχου
455 929 657 984 βασιλέως
678 931 742 972 ἐπὶ
760 930 812 973 τὰ
832 931 1018 986 Περσικὰ
1031 930 1137 988 μέρη
1153 931 1226 974 τὸν
1246 931 1372 975 αὐτὸν
1393 931 1613 991 Τιγράνην.

137 994 412 1048 κατελθόντος
435 999 480 1041 δὲ
499 997 579 1041 ἀπὸ
609 1002 684 1053 τῆς
700 996 860 1054 Ῥώμης
889 1001 1117 1055 Πομπηίου
1152 1004 1228 1043 τοῦ
1255 1002 1322 1043 καὶ
1341 999 1523 1058 Μάγνου
1548 1004 1618 1046 διὰ

135 1065 209 1110 τὸν
235 1067 458 1123 Καίσαρα,
496 1068 564 1110 καὶ
591 1064 790 1118 ἐλθόντος
818 1068 925 1111 κατὰ
956 1070 1138 1112 Κιλίκων
1164 1068 1511 1125 τυραννησάντων
1545 1072 1617 1115 τὸν

137 1133 265 1178 αὐτὸν
281 1132 518 1191 Πομπήιον,
551 1137 620 1178 καὶ
641 1134 882 1192 νικήσαντος
898 1136 1026 1180 αὐτοῦ
1046 1137 1146 1187 τοὺς
1168 1138 1355 1191 Κίλικας,
1395 1139 1618 1196 ἐπολέμησε

137 1204 205 1246 καὶ
223 1207 282 1262 τῷ
306 1201 502 1261 Τιγράνῃ,
522 1208 689 1259 βασιλεῖ
703 1209 788 1248 τῶν
800 1204 1034 1262 Ἀρμενίων,
1067 1207 1135 1248 καὶ
1151 1204 1323 1262 νικήσας
1342 1207 1469 1251 αὐτὸν
1490 1210 1619 1265 παρέ-

83 1280 128 1317 15
141 1276 242 1326 λαβὲ
261 1273 328 1315 καὶ
349 1272 424 1328 τὴν
440 1272 656 1330 Ἀρμενίαν
676 1275 744 1316 καὶ
774 1273 850 1330 τὴν
869 1275 1060 1317 Κιλικίαν
1082 1276 1150 1317 καὶ
1174 1275 1249 1331 τὴν
1269 1276 1449 1331 Συρίαν,
1487 1269 1619 1329 λῦσας

135 1342 204 1384 καὶ
221 1340 299 1391 τὰς
316 1342 543 1399 τοπαρχίας
565 1339 706 1392 αὐτάς.
770 1344 837 1384 καὶ
859 1343 1058 1399 ἐξεδίκησε
1080 1343 1179 1394 τούς
1190 1343 1420 1400 Ἀντιοχεῖς,
1445 1347 1512 1388 καὶ
1532 1349 1618 1390 εἷσ-

134 1408 266 1465 &weh
285 1409 328 1453 ἓν
346 1414 398 1467 τῇ
419 1409 526 1468 αὐτῇ
539 1409 774 1466 Ἀντιοχέων
795 1409 922 1465 πόλει,
944 1410 1119 1468 ποιήσας
1133 1411 1263 1468 αὐτὴν
1274 1411 1356 1456 ὑπὸ
1372 1411 1614 1469 Ῥωμαίους,
1643 1424 1675 1459 Ο
1699 1427 1766 1462 271

130 1475 410 1535 χαρισάμενος
437 1477 578 1529 αὐτοῖς
604 1479 736 1522 πολλὰ
770 1482 837 1523 καὶ
859 1482 1001 1531 κτίσας
1018 1481 1066 1524 τὸ
1086 1480 1378 1538 βουλευτήριον
1393 1496 1402 1507 ·
1439 1482 1617 1528 πεσόντα

132 1546 212 1605 γὰρ
230 1542 282 1603 ἦν
296 1561 306 1571 ·
343 1548 508 1604 ἐτίμησε
532 1548 578 1591 δὲ
597 1545 749 1599 αὐτούς
757 1581 771 1602 ,
811 1547 866 1600 ὥς
887 1550 931 1592 ἐκ
952 1550 1092 1607 γένους
1111 1549 1361 1606 Ἀθηναίους
1384 1550 1520 1602 ὄντας.

1651 1608 1756 1618 ——a-

79 1647 127 1683 ΞΟ
238 1635 406 1693 Βύβλος
434 1639 483 1682 δέ
506 1656 568 1690 τις
597 1639 827 1696 στρατηγὸς
855 1639 1056 1694 δυνατός,
1095 1639 1140 1691 ὃς
1171 1643 1238 1684 καὶ
1270 1642 1312 1684 ἐν
1343 1646 1395 1699 τῇ
1429 1644 1613 1704 παραλίᾳ
1636 1652 1669 1687 Ε

140 1707 311 1766 Φοινίκῃ
326 1701 426 1765 ηὗρε
443 1705 585 1764 κώμην
603 1710 671 1751 καὶ
693 1708 854 1765 ἐποίησε
874 1707 991 1753 πόλιν
1015 1710 1194 1765 τειχίσας
1214 1707 1364 1766 αὖτήν,
1402 1710 1453 1766 ἢν
1475 1710 1617 1755 ἐκάλε-

228 1851 265 1887 9.
298 1849 484 1896 φυγόντος
517 1850 604 1894 Ch„
640 1835 802 1897 ᾦυγότος
834 1852 928 1895 Ox.‚
963 1854 998 1887 et
1020 1864 1056 1887 v·
1082 1853 1138 1888 18.
1161 1850 1312 1890 πεσότα.
1359 1853 1616 1891 Eiusdemmodi

229 1897 340 1933 forma
360 1897 453 1933 redit
475 1909 510 1944 p.
535 1899 614 1935 132.
637 1898 683 1933 D.
784 1900 841 1936 19.
864 1899 964 1933 Fort.
984 1896 1204 1945 Ἀθηναίων.

136 2021 228 2064 iam,
263 2023 429 2067 tanquam
459 2022 550 2068 Regi
573 2022 785 2069 superiorem
816 2023 928 2058 locum
960 2023 1138 2059 concessit.
1186 2023 1247 2059 Sic
1281 2023 1464 2059 honoribus
1496 2027 1615 2060 auctus

137 2067 278 2113 Scipio,
301 2067 443 2104 Romam
460 2081 615 2105 reversus
634 2074 705 2104 est:
730 2069 782 2104 uti
804 2069 891 2105 haec
912 2069 1171 2116 sapientissimus
1194 2070 1338 2113 Florus,
1364 2082 1406 2106 ex
1429 2070 1521 2106 Livii
1543 2084 1616 2107 mo-

137 2113 326 2157 numentis,
350 2115 531 2150 memoriae
553 2115 718 2162 prodidit.

228 2181 370 2218 Decimo
394 2183 512 2229 quinto
536 2187 650 2218 autem
674 2195 762 2218 anno
786 2182 942 2218 Antiochi
964 2183 1122 2229 Dionici,
1157 2185 1321 2232 Leprosi,
1357 2185 1482 2231 Syriae
1506 2186 1610 2231 regis,

138 2226 212 2274 (de
234 2239 304 2274 quo
327 2229 481 2275 superius
504 2229 697 2274 diximus3)
736 2229 908 2274 Tigranes
930 2230 1090 2276 quidam,
1124 2231 1305 2266 Armeniae
1328 2243 1409 2274 rex,
1443 2232 1611 2266 Antiocho

139 2273 249 2309 'eidem
272 2285 380 2320 grave
402 2275 527 2310 bellum
549 2276 686 2311 intulit:
729 2281 766 2310 et.
789 2276 879 2311 bello
902 2277 1060 2323 superior
1082 2279 1194 2312 sactus
1217 2277 1407 2322 Tigranes,
1434 2277 1613 2312 Armeniae

137 2330 224 2362 rex,
247 2320 462 2355 Antiochiam
480 2333 633 2367 magnam
658 2321 771 2367 cepit,
794 2333 1001 2368 regnumque
1025 2325 1117 2368 ejus,
1142 2325 1231 2359 bona
1255 2323 1355 2358 etiam
1381 2335 1469 2368 quae
1494 2323 1615 2357 habuit

139 2364 252 2400 omnia
275 2366 309 2401 ei
332 2366 478 2409 ademit3
510 2368 678 2402 Antiocho
703 2368 777 2418 ipso
800 2367 836 2402 in
859 2368 1014 2413 regiones
1038 2369 1195 2404 Persicas
1219 2370 1384 2414 fugiente.
1434 2369 1614 2413 Pompeius

139 2415 254 2446 autem
277 2412 444 2457 Magnus,
476 2413 584 2448 Roma
608 2417 750 2468 propter
774 2413 955 2449 Caesarem
978 2414 1121 2458 relicta,
1155 2420 1274 2450 contra
1299 2415 1445 2456 Cilices,
1470 2414 1614 2449 Romani

138 2454 272 2502 imperii
294 2458 428 2501 hostes,
466 2470 539 2494 cum
563 2465 716 2495 exercitu
740 2459 900 2503 veniens,
924 2461 1118 2507 profligatis
1142 2461 1228 2503 illis,
1253 2461 1289 2494 in
1313 2461 1522 2504 Tigranem,
1547 2462 1615 2494 Ar-

139 2501 323 2538 meniorum
344 2515 479 2550 regem,
515 2516 609 2540 arma
632 2506 756 2540 movit:
802 2517 870 2551 quo
893 2505 1051 2550 devicto,
1089 2508 1281 2542 Armeniam
1307 2506 1422 2551 cepit3
1459 2504 1613 2540 Ciliciam

140 2557 299 2594 quoque,
330 2550 556 2606 Syriamque,
588 2554 623 2585 et
647 2551 815 2587 dissolutis
848 2563 963 2588 eorum
986 2552 1122 2599 regnis,
1158 2552 1389 2587 Antiochenos
1412 2551 1613 2586 vindicavit.

139 2592 355 2630 Antiochiam
378 2607 460 2631 vero
482 2608 670 2642 ingressus,
703 2597 794 2632 illam
817 2597 971 2635 Romano
995 2599 1139 2644 subjecit
1160 2597 1316 2644 imperio.
1374 2596 1486 2631 Multa
1510 2597 1613 2631 etiam

141 2638 190 2673 eis
215 2638 373 2682 indubia
399 2653 437 2676 re
463 2648 562 2678 arato
587 2642 709 2686 etiam,
737 2643 831 2689 quod
854 2645 1038 2692 collapsum
1061 2646 1200 2686 fuerat,
1224 2644 1300 2678 soro
1320 2641 1443 2687 judicii
1466 2642 1611 2689 publico.

141 2684 271 2728 Magno
294 2689 406 2721 autem
460 2700 564 2724 onore
587 2701 644 2725 eos
666 2693 865 2737 prosecutus
888 2694 960 2734 est,
993 2703 1035 2727 eo
1059 2689 1150 2737 quod
1174 2693 1286 2724 ortum
1317 2700 1410 2723 suum
1434 2689 1478 2723 ab
1502 2689 1611 2723 Athe-

142 2729 311 2765 niensibus
335 2731 516 2769 ducebant.

232 2798 362 2844 Byblus
391 2802 504 2836 eutem
537 2802 696 2848 quidam,
735 2803 804 2839 dux
836 2803 873 2839 in
904 2804 993 2839 bello
1017 2806 1191 2844 strenuus,
1231 2801 1316 2847 (qui
1339 2801 1375 2836 in
1408 2801 1611 2837 maritimum

141 2843 352 2882 Phoenicia
373 2845 486 2883 vicum
505 2845 679 2893 incidens,
701 2849 874 2887 moenibus
898 2861 974 2886 eum
992 2849 1158 2891 cinctum,
1181 2847 1298 2883 urbem
1315 2847 1421 2890 fecit,
1446 2854 1484 2883 et
1506 2859 1528 2883 a
1548 2860 1610 2883 no-
