1838 3230
406 241 411 246 ·
454 228 1094 278 cnaoNocaAPmA.
1154 233 1285 277 L.11.
1541 243 1607 290 33

132 347 212 407 γὰρ
242 347 318 394 οὔκ
347 348 564 408 ἐγίνὼσκον
598 351 638 394 οἷ
667 349 886 409 ἅνθρωποι
916 349 1088 407 βάπτειν
1106 350 1239 412 χρόας
1263 354 1460 408 ἱματίων,
1500 354 1606 399 ἀλλὰ

131 417 210 469 τὰς
228 422 313 462 τῶν
331 417 553 478 προβάτων
574 420 712 478 ἐρέας,
742 418 825 464 οἷαι
844 419 921 464 κᾶν
941 417 1072 478 ἦσαν,
1104 420 1261 474 ταύτας
1279 423 1441 466 ἐποίουν
1463 422 1605 479 ἱμάτια

133 487 200 530 καὶ
225 483 416 545 ἐφόρουν.
487 490 556 533 καὶ
587 489 625 532 οἱ
643 493 824 543 βασιλεῖς
842 490 888 532 δὲ
910 491 984 540 τὰς
1005 491 1135 542 αὐτὰς
1153 490 1286 550 χρόας
1307 496 1382 548 τῆς
1400 491 1604 549 τυχούσης
1627 505 1658 539 C

133 555 247 612 ἐρέας
279 554 424 612 ἱμάτια
451 555 652 615 ἐφόρουν,
688 559 756 600 καὶ
783 558 858 601 οὐκ
888 559 1061 617 εὐχερῶς
1077 561 1334 618 ἐγνωρίζοντο
1357 565 1416 620 τῷ
1436 559 1605 621 ὑπηκόῳ

98 621 285 680 ὃπλήθει
315 625 354 669 οἱ
380 629 575 681 βασιλεῖς.
644 626 785 670 λοιπὸν
820 622 893 671 οὖν
926 629 966 672 οἱ
994 628 1100 673 κατὰ
1127 627 1254 673 τόπον
1271 634 1477 685 βασιλεῖς,
1511 630 1605 688 ἤτοι

131 693 253 751 ρῆγες
270 695 337 737 καὶ
354 692 582 752 τοπάρχαι,
619 693 840 751 ἀκηκοότες
861 701 1008 751 τοῦτο,
1047 698 1088 742 οἱ
1103 699 1178 753 μὲν
1197 697 1460 755 περιβόλαια,
1498 700 1538 743 οἶ
1560 701 1606 743 δὲ

131 763 286 820 φίβλας
300 767 461 821 χρυσᾶς
481 766 549 807 καὶ
566 762 757 819 μανὸύας
777 763 1000 821 ἐπενόησαν
1022 765 1197 820 ἑαυτοῖς,
1221 765 1438 826 πορφύρεα
1455 767 1481 825 ἢ
1503 767 1601 827 (3015-
1626 778 1660 813 O
1683 779 1729 814 38

131 846 207 874 σεα
239 829 470 886 βάπτοντες
498 832 605 876 αὐτὰ
636 833 718 877 ἀπὸ
752 839 943 889 βοτανῶν
969 853 1114 889 τινων,
1152 838 1221 879 καὶ
1249 834 1428 894 ἐφόρουν
1458 838 1525 880 διὰ
1556 838 1604 881 τὸ

130 897 404 957 γινώσκεσθαι
430 906 490 962 τῷ
511 903 603 961 ἰδίῳ
630 900 782 958 πλήθει
792 936 806 956 ,
845 904 989 955 καθώς
1017 906 1295 962 Παλαίφατος
1316 904 1338 949 ὁ
1358 903 1605 964 σοφώτατος

76 977 123 1014 10
133 966 434 1027 συνεγράψατο.
503 970 608 1026 μετὰ
639 967 711 1014 οὖν
739 969 916 1029 χρόνους
935 962 1112 1024 πολλοὺς
1133 974 1172 1017 οἳ
1187 972 1379 1029 Ῥωμαῖοι
1399 974 1475 1030 τὴν
1499 979 1603 1018 Φοι-

131 1038 246 1094 νίκην
271 1036 550 1091 ὖποτάξαντες
577 1038 722 1098 χώραν
743 1040 792 1084 τὸ
817 1042 859 1092 ἐξ
881 1041 1010 1099 ἀρχῆς
1033 1042 1277 1098 ἂναδειχθὲν
1296 1043 1340 1086 ἐκ
1361 1048 1434 1099 τῆς
1458 1043 1603 1100 κογχύ-

131 1109 207 1163 λης
226 1106 428 1164 ἀληθινὸν
448 1112 587 1164 σχῆμα
604 1109 816 1163 βασιλικὸν
833 1109 1035 1166 ε’ᾳόρεσαν
1044 1144 1059 1164 ,
1098 1109 1196 1168 ὅπερ
1224 1109 1420 1155 ἐκάλεσαν
1442 1113 1602 1170 ῥωμαϊ-

130 1177 198 1219 στὶ
222 1174 372 1233 τόγαν·
415 1175 560 1233 ἥντινα
587 1179 655 1221 καὶ
679 1176 830 1222 ὕπατοι
855 1176 1065 1234 Ῥωμαίων
1095 1180 1172 1230 ἕως
1203 1185 1278 1236 τῆς
1308 1185 1383 1224 νῦν
1409 1185 1598 1238 φοροῦσι.

130 1247 340 1300 Νουμμᾶς
367 1246 413 1289 δὲ
443 1243 464 1289 ὃ
499 1247 565 1289 καὶ
595 1245 864 1303 Πομπήλιος,
899 1246 1150 1302 βασιλεύσας
1170 1246 1382 1305 Ῥωμαίων
1407 1250 1512 1304 μετὰ
1529 1250 1603 1294 τὸν
1626 1263 1658 1298 1)

75 1311 286 1369 15Ῥῶμον
303 1315 371 1358 καὶ
390 1313 463 1358 τὸν
478 1312 629 1370 Ῥῆμον
639 1348 653 1369 ,
692 1314 910 1372 δεξάμενος
930 1317 1185 1374 πρεσβευτὰς
1206 1319 1250 1361 ἐκ
1269 1322 1343 1375 τῆς
1355 1316 1498 1376 χώρας
1518 1324 1600 1362 τῶν

129 1382 354 1440 λεγομένων
372 1386 622 1441 Πελασγῶν,
653 1390 887 1442 φοροῦντας
903 1385 1121 1442 χλαμύδας
1138 1385 1312 1442 ἐχούσας
1331 1389 1484 1441 ταβλία
1503 1387 1602 1446 ῥού-

128 1469 228 1506 σεα,
273 1450 464 1510 καθάπερ
495 1453 534 1496 οἶ
561 1452 640 1497 ἀπὸ
667 1458 743 1510 τῆς
769 1459 850 1498 τῶν
872 1453 1071 1513 ’Ῑσαύρων
1097 1454 1265 1513 χώρας,
1312 1458 1379 1499 καὶ
1409 1459 1603 1514 τερφθεὶς

126 1525 202 1564 τοῦ
215 1519 439 1577 σχήματος,
462 1525 625 1578 πρῶτος
644 1523 685 1566 ἐν
705 1527 757 1581 τῇ
768 1521 905 1582 Ῥώμῃ
927 1522 1115 1581 ἐπενόησε
1127 1522 1348 1580 χλαμύδας
1359 1529 1598 1582 φορεῖσθαι,

127 1589 204 1640 τὰς
221 1591 296 1644 μὲν
312 1590 530 1646 βασιλικὰς
545 1596 776 1650 πορφυρᾶς,
813 1591 986 1649 ἐχούσας
1004 1595 1155 1647 ταβλία
1169 1598 1322 1651 χρυσᾶ,
1358 1593 1432 1644 τὰς
1456 1594 1501 1637 δὲ
1519 1598 1603 1637 τῶν

71 1662 408 1716 ἓοσυγκλητικῶν
437 1659 566 1703 αὐτοῦ
595 1662 662 1704 καὶ
691 1666 774 1705 τῶν
806 1663 849 1705 ἐν
875 1662 1006 1714 ἀξίαις
1033 1664 1101 1705 καὶ
1131 1664 1363 1719 στρατείαις
1382 1660 1603 1717 χλαμύδας

128 1725 303 1783 ἐχούσας
320 1725 556 1785 σήμαντρον
575 1733 650 1784 τῆς
667 1734 883 1786 βασιλικῆς
903 1732 1099 1788 φορεσίας
1117 1731 1265 1785 ταβλία
1287 1735 1498 1788 πορφυρᾶ,
1523 1732 1598 1787 δη-

128 1800 282 1840 λοῦντα
302 1796 421 1848 ἀξίαν
435 1795 663 1854 Ῥωμαϊκῆς
679 1799 885 1850 πολιτείας
905 1801 973 1842 καὶ
992 1797 1201 1856 ὗποταγήν
1211 1832 1224 1852 ,
1259 1798 1452 1850 κελεύσας
1469 1799 1599 1856 μηδέ-

219 1908 257 1944 2.
294 1904 389 1952 κᾶν]
419 1906 482 1943 καὶ
506 1906 634 1942 chron.
727 1905 784 1944 14.
821 1906 1088 1954 Πομπηϊανὸς]
1125 1907 1344 1955 Πομπήλιος
1368 1921 1444 1944 cum
1468 1908 1597 1943 Chron.

250 1978 258 1988 .
280 1955 359 1990 117.
375 1955 405 1989 Α
430 1953 496 1988 ch.
564 1955 620 1989 18.
644 1952 834 1999 χλαμύδας
857 1956 984 1990 Chron.
1009 1959 1046 1989 et
1068 1956 1244 1992 Cedrenus
1268 1967 1303 2001 p.
1323 1958 1376 1992 19.
1396 1956 1438 1996 B,
1462 1953 1601 2000 χλαμύ-

248 2012 273 2035 α
296 2001 365 2035 Ox.
436 2001 492 2037 19.
514 1999 716 2046 πορφύρας
739 2001 808 2037 Ox.
833 2006 869 2037 et
891 2013 967 2038 mox
986 1998 1175 2050 πορφύρα.
1244 2002 1303 2039 22.
1324 1999 1496 2045 κελεύσας
1519 2002 1600 2043 Ch.‚

220 2046 375 2090 chron„
399 2045 621 2089 κελευούσας
643 2047 714 2083 Ox.

129 2135 191 2174 sed
213 2149 258 2174 ex
281 2137 395 2174 ovium
417 2139 565 2183 vellere,
597 2141 698 2186 quale
722 2151 744 2176 a
766 2143 891 2176 natura
913 2139 1003 2184 fuit,
1038 2141 1181 2189 simplici
1214 2144 1325 2177 vestes
1356 2141 1598 2177 conficiebant.

130 2184 203 2220 Sed
226 2188 264 2221 et
285 2184 418 2232 Regiae
441 2186 544 2221 etiam
567 2192 680 2222 vestes
703 2186 838 2222 velleris
861 2187 1008 2223 colorem
1031 2188 1214 2234 simplicem
1238 2189 1461 2229 referebant3
1487 2197 1598 2232 neque

129 2230 234 2266 facile
264 2236 340 2266 erat
373 2233 500 2278 populo
533 2233 729 2279 Principem
753 2245 845 2268 suum
868 2233 1078 2279 dignoscere.
1137 2235 1193 2271 Ex
1217 2247 1258 2269 eo
1290 2235 1410 2279 itaque
1443 2241 1600 2278 tempore

131 2277 360 2323 Imperatores
393 2278 452 2313 alii
485 2279 668 2325 Regesque
701 2285 737 2314 et
763 2279 957 2324 Dynastae,
991 2281 1049 2326 qui
1073 2281 1117 2315 de
1140 2282 1191 2315 his
1215 2280 1345 2326 aliquid
1369 2279 1598 2319 inaudierant,

131 2325 379 2369 comparabant
400 2325 483 2367 sibi,
519 2326 554 2360 hi
578 2326 715 2371 quidem
737 2325 951 2369 indumenta,
985 2327 1043 2361 alii
1064 2328 1184 2362 fibulas
1209 2338 1350 2368 aureas,
1385 2330 1420 2360 et
1445 2323 1599 2359 Mantala

130 2381 318 2416 purpurea,
342 2370 397 2405 vel
414 2382 520 2414 mssa,
543 2372 650 2407 succis
675 2373 857 2407 herbarum
880 2373 1031 2415 infecta3
1056 2385 1144 2419 quae
1167 2378 1304 2418 gestare
1326 2373 1495 2411 solebant,
1521 2375 1559 2404 ut
1577 2380 1598 2402 a

129 2415 259 2496 Kopulo
283 2415 581 2462 dignoscerentur:
617 2418 895 2464 quemadmodum
916 2419 1054 2465 scriptis
1077 2419 1223 2454 tradidit
1244 2417 1506 2464 sapientissimus
1529 2417 1598 2449 Pa-

165 2462 321 2508 ephatus.
368 2462 490 2508 Longo
523 2468 635 2499 autem
659 2470 734 2511 post
758 2471 930 2511 tempore,
962 2465 1125 2507 Romani,
1160 2465 1345 2500 Phoenicia
1377 2463 1414 2498 in
1445 2466 1599 2508 potesta-

129 2510 199 2542 tem
222 2519 314 2543 suam
337 2509 499 2552 redacta,
536 2522 578 2545 ex
610 2522 697 2545 vera
729 2510 787 2546 illa
818 2511 1074 2557 antiquitusque
1097 2511 1239 2546 inventa
1262 2520 1435 2556 purpura,
1467 2508 1599 2552 regium

131 2552 198 2587 sibi
219 2554 376 2589 amictum
406 2557 594 2602 parabant3
631 2568 731 2602 quem
763 2557 880 2602 lingua
912 2569 973 2591 sua
1011 2559 1146 2604 Togam
1178 2557 1315 2591 dixere:
1352 2566 1452 2601 quam
1476 2559 1511 2588 et
1535 2552 1597 2587 ad-

132 2599 199 2652 huc
227 2610 335 2646 usque
359 2600 520 2637 Consules
543 2603 686 2638 Romani
707 2608 843 2648 gestare
876 2603 997 2638 solent.
1043 2604 1157 2639 Numa
1181 2609 1316 2644 autem,
1353 2601 1412 2646 qui
1435 2605 1471 2635 et
1494 2600 1599 2635 Pom-

131 2655 291 2724 peianus,
326 2647 386 2692 qui
410 2653 487 2693 post
510 2649 688 2684 Romulum
712 2654 748 2684 et
769 2649 907 2684 Remum
932 2649 1090 2685 Romanis
1112 2647 1319 2694 imper-avim
1357 2659 1430 2681 cum
1455 2646 1498 2680 ad
1523 2656 1598 2680 eum

163 2690 352 2736 elasgorum
386 2694 513 2739 Legati
536 2695 726 2738 venissent,
768 2695 975 2741 chlamydas
1007 2702 1181 2741 gestantes
1215 2693 1320 2728 clavis
1352 2691 1452 2727 russis
1476 2691 1597 2726 distin—-

132 2740 225 2778 ctas,
257 2737 400 2783 (quales
423 2741 527 2775 etiam
550 2741 660 2776 Isauri
691 2743 785 2776 ferre
817 2743 1111 2786 consueverunt3)
1137 2746 1260 2775 ornatu
1284 2739 1493 2780 delectatus,
1527 2737 1598 2783 pri-

129 2793 203 2817 mus
226 2789 348 2818 auctor
371 2784 440 2820 fuit
461 2786 641 2829 Romanis,
677 2788 726 2822 uti
751 2787 957 2832 chlamydas
979 2792 1180 2832 gestarent,
1219 2786 1332 2830 Reges
1356 2784 1490 2830 quidem
1515 2795 1598 2829 pur-

131 2839 275 2874 pureas,
312 2829 418 2865 clavis
442 2832 553 2867 aureis
577 2833 770 2875 distinctas;
803 2834 949 2869 Senatus
973 2845 1076 2875 vero,
1109 2837 1145 2867 et
1168 2831 1414 2877 Magistratus,
1439 2829 1597 2864 militiae-

131 2886 199 2955 Rue
222 2875 420 2918 Praefecti,
466 2885 671 2923 purpuratos
697 2880 830 2921 clavos3
871 2879 1017 2923 insignia
1039 2890 1161 2932 nempe
1183 2877 1287 2923 Regii
1310 2881 1468 2917 ornatus,
1508 2887 1598 2921 quae

165 2920 274 2956 omani
297 2921 436 2968 Imperii
458 2923 658 2968 dignitatem
682 2930 718 2960 et
740 2925 994 2971 Subjectionem
1023 2923 1267 2971 indigitaruntx
1308 2923 1502 2969 edixitque,
1536 2933 1597 2956 ne·-

189 2974 334 3010 1oannes
371 2975 538 3010 Malalas.
1295 2975 1321 3013 3
