1838 3230
310 195 411 244 640
794 189 1259 236 ANNOTATIONES.

308 307 407 345 ratis
437 305 835 345 circumtexebantur.
894 305 993 344 Vide
1021 305 1231 344 Clarissimi
1256 304 1340 345 Viri
1358 305 1415 345 Cl.
1435 304 1614 345 salmasii
1633 311 1747 346 notas

308 363 352 400 in
368 362 538 404 Trebell.
560 364 657 402 Poll.
681 370 720 401 et
737 362 906 407 inflav.
927 362 1085 412 Vopisc.
1642 363 1652 376 “

421 421 521 471 Pag.
555 419 648 461 413.
681 421 745 460 16.
777 417 863 468 ἕχον
881 421 1004 470 χρυσᾶ
1029 416 1201 468 πλουμία
1221 413 1437 468 βασιλικὰ]
1467 416 1681 467 πλουμίον,
1709 422 1749 456 et

307 477 529 527 πλοῦμμιν,
558 473 720 513 Pluma:
753 472 898 515 Clavus
923 472 990 510 hic
1014 479 1083 512 est.
1138 472 1356 524 Procopius
1380 472 1429 510 de
1461 471 1617 512 Aedific.
1634 471 1749 510 Justi-

309 531 416 569 niani
431 531 497 569 lib.
518 533 557 572 3.
613 526 728 581 χιτών
755 529 797 570 ἐκ
821 525 986 581 μετάξης
1013 529 1342 582 ἕγχαλλωπίσματι
1379 527 1486 579 [Ser.
1517 527 1754 581 ἐγκαλλωπίσ

312 586 455 638 σμασι]
486 590 645 639 χρυσοῖς
664 581 911 636 πανταχόθεν
932 583 1192 638 ὥραϊσμένος,
1223 582 1250 624 ὁὶ
1278 581 1328 635 δή
1353 583 1583 636 νενομίκασι
1601 586 1750 636 πλουμ-

310 644 382 695 μία
402 646 546 682 καλεῖν.
602 641 678 680 Sed
697 640 789 679 vide
809 641 924 679 etiam
945 642 1103 679 Salmas.
1121 641 1197 682 loc.
1217 641 1355 680 citatis.

424 701 517 749 Pag.
548 695 639 738 413.
676 701 738 739 17.
763 694 810 736 τοὶ
830 694 903 749 γοῖρ
924 698 1114 750 ζταγγία.]
1145 697 1229 735 Scr.
1246 696 1414 748 τζαγγία,
1442 694 1501 732 uti
1516 693 1636 734 habet
1655 692 1747 736 Chr.

310 754 423 792 Alex.
455 753 588 791 addito
619 752 731 790 litera
759 753 803 801 T,
832 751 965 790 verbis
991 753 1185 804 plerisque
1214 767 1236 790 a
1268 754 1289 799 ζ
1312 750 1609 802 incipientibus,
1638 763 1750 790 more

309 810 570 849 recentiorum
588 808 815 856 barbariem
845 814 891 846 ut
904 805 1145 862 τζικούριον,
1176 806 1351 854 Securis,·
1378 807 1610 855 τζακκιζειν,
1641 805 1750 857 quod

308 867 400 905 Itali
423 864 676 917 Sacchegiare
703 865 852 903 dieunt.
920 861 1085 917 Τζοὶγκαι,
1109 877 1227 911 ver0‚
1266 863 1348 900 sive
1379 863 1556 916 τζαγγία,
1591 859 1750 901 Calcea-

310 931 438 960 menta
462 926 573 959 erant
592 920 733 970 Regia:
762 921 907 959 Latinis
925 920 1110 959 Zanchae
1134 919 1260 957 dictae
1275 924 1384 956 sunt:
1414 917 1630 956 Trebellius
1649 917 1750 955 Poll.

311 979 352 1015 in
374 979 417 1016 D.
443 976 625 1015 Claudio:
656 975 840 1015 Zanclzas
865 975 912 1015 cle
939 977 1080 1014 nostris
1110 974 1306 1015 Parthicis
1331 974 1448 1026 paria
1477 971 1581 1012 cluo.-
1614 972 1658 1012 id
1679 979 1751 1022 est,

314 1034 474 1072 Calceos
497 1047 546 1071 ex
570 1032 751 1071 Parthica
769 1032 871 1084 pelle
891 1033 1100 1070 confectos.

424 1087 526 1128 Ibid.
592 1086 618 1128 ἃ
645 1085 781 1141 ἐφόρει
793 1119 804 1138 ,
842 1083 896 1141 ἦν
932 1084 1123 1142 ἀγαγών]
1159 1087 1276 1136 Lego,
1313 1081 1339 1124 ἃ
1366 1079 1419 1136 ἦν
1459 1079 1638 1139 ἀγαγών,
1675 1089 1748 1123 etc.

313 1146 455 1184 Sensus
477 1145 591 1183 aliter
611 1145 771 1183 mutilus
792 1151 861 1184 est.

428 1205 520 1252 Pag.
552 1201 645 1243 414.
684 1204 722 1242 8.
762 1200 818 1247 εἰς
848 1197 896 1240 τοὶ
923 1197 1090 1251 ἡμέτερα
1114 1195 1326 1251 βασίλεια.]
1359 1195 1565 1237 Βασίλειον
1590 1195 1751 1248 proprie

316 1263 375 1296 est
395 1255 547 1308 Regia.-
577 1255 683 1307 apud
700 1262 889 1305 nostrum,
911 1255 1103 1306 Regnum,
1135 1254 1277 1304 ubique
1294 1251 1495 1302 significat.
1553 1251 1614 1290 Uti
1632 1252 1749 1294 lib.2.

317 1313 367 1351 de
384 1312 604 1363 Oedipode:
638 1312 705 1352 καὶ
729 1308 903 1359 οἰκούσας
928 1311 950 1352 ό
971 1312 1178 1357 Οιδίπους,
1208 1309 1344 1360 ἔλαβεν
1365 1304 1508 1359 ἥλους,
1538 1306 1606 1347 καὶ
1623 1303 1751 1357 πήξας

315 1373 397 1416 τοῖς
417 1368 532 1415 ἰδίοις
550 1363 674 1407 αὐτοῦ
692 1363 918 1420 ὀφθαλμοῖς
937 1369 1113 1420 τελευτᾷ,
1142 1361 1259 1411 ἐάσας
1282 1361 1325 1404 τό
1359 1364 1556 1415 βασίλειον
1584 1367 1666 1411 τοῖς
1684 1364 1751 1402 δυ-

316 1423 380 1464 σὶν
407 1420 530 1463 αὐτοῦ
556 1423 682 1471 υἱοῖς,
720 1429 794 1461 etc.
849 1424 898 1460 Et
926 1422 996 1460 lib.
1029 1425 1092 1463 18.
1123 1420 1170 1457 de
1189 1419 1486 1457 Auxumitarum
1511 1420 1636 1468 Rege,
1666 1418 1752 1457 Ho-

315 1479 563 1518 meritensem
587 1479 636 1517 de
663 1478 817 1531 injuriis
844 1492 963 1529 regno
993 1490 1064 1516 suo
1093 1476 1140 1514 ab
1170 1489 1213 1513 eo
1239 1475 1355 1512 illatis
1382 1475 1624 1526 postulante,
1653 1473 1752 1512 haec

315 1535 529 1575 habemus:
579 1534 604 1575 ὁ
632 1532 674 1575 δὲ
704 1538 784 1574 τῶν
812 1531 1072 1586 Αὕξουμιτῶν
1108 1528 1288 1584 βασιλεύς
1319 1527 1489 1580 ἐδήλωσε
1517 1533 1573 1585 τῷ
1601 1531 1758 1582 βασιλεῖ

316 1594 544 1644 Αμεριτῶν,
573 1587 634 1631 ὅτι
657 1593 789 1636 κακῶς
811 1590 1017 1642 ἐποίησας,
1046 1584 1243 1639 φονεύσας
1266 1587 1471 1637 Ρωμαίους
1491 1583 1754 1639 Χριστιανοὺς

317 1644 633 1702 πραγματευτοῖς,
663 1645 730 1686 καὶ
756 1646 932 1698 ἔβλαψας
948 1643 996 1685 τοὶ
1019 1642 1091 1695 ἐμοὶ
1112 1644 1297 1695 βασίλεια.
1450 1670 1454 1674 .

430 1706 526 1755 Pag.
555 1701 651 1744 414.
684 1706 746 1744 12.
775 1702 844 1742 καὶ
860 1704 1032 1742 κωλῦσαι
1053 1696 1120 1739 τὸν
1148 1694 1390 1751 βουλόμενον
1413 1695 1468 1743 εἰς
1491 1696 1670 1748 βελτίονα
1686 1691 1753 1736 τοί-

316 1761 378 1808 ξιν
397 1759 551 1808 ἐλθεῖν,
582 1757 649 1798 καὶ
677 1761 827 1811 γνῶναι
854 1755 991 1808 θεόν.]
1022 1757 1167 1793 Locum
1187 1754 1368 1792 mutilum
1388 1766 1437 1790 ex
1457 1752 1549 1790 Chr.
1571 1752 1679 1791 Alex.
1697 1752 1754 1790 ita

315 1815 581 1854 restituimus:
611 1813 678 1854 καὶ
697 1817 871 1854 κωλῦσαι
885 1811 954 1854 τὸν
971 1808 1209 1864 βουλόμενον
1225 1810 1281 1857 εἰς
1297 1809 1476 1861 βελτίονα
1491 1805 1603 1857 τάξιν
1621 1808 1754 1849 ἐλθεῖν

319 1868 392 1912 οὐκ
414 1870 625 1922 ἐνεδέχετο·
654 1869 720 1910 καὶ
739 1873 888 1922 γνῶναι
906 1866 1004 1909 θεόν
1025 1873 1097 1907 etc.

431 1929 534 1978 Pag.
565 1925 658 1967 415.
703 1929 765 1968 10.
805 1921 1028 1976 ἐπηρώτησε
1052 1921 1118 1964 τὸν
1144 1920 1326 1975 Ζιλγιβὶμ
1340 1919 1375 1974 *)
1418 1919 1646 1973 εἰρηνικῶς,
1681 1913 1753 1966 ὅτι,

320 1983 428 2034 δῶρα
449 1983 547 2032 etc.]
581 1981 673 2021 Chr.
699 1982 811 2022 Alex.
843 1981 982 2030 habet,
1014 1975 1264 2032 ἐπηρώτησεν
1292 1974 1358 2018 τὸν
1380 1973 1563 2028 Ζιλγιβὶμ
1588 1971 1755 2026 εἰρηκώς

322 2034 451 2092 αὐτῷ,
481 2034 540 2077 ’ὅτι
559 2039 667 2090 δῶρα
687 2043 759 2077 etc.
817 2037 960 2076 Verum
981 2049 1071 2073 cum
1089 2036 1277 2073 alterutro
1293 2032 1409 2071 modo
1425 2032 1556 2069 locum
1575 2027 1680 2066 hunc
1696 2028 1754 2066 le-

322 2106 412 2144 gere
431 2092 647 2144 possimus‚
676 2092 774 2130 nihil
792 2093 946 2131 omnino
964 2097 1114 2130 mutare
1136 2090 1267 2129 statui.
1323 2088 1438 2126 Hunc
1466 2099 1561 2124 vero
1589 2083 1756 2122 Anasta-

323 2149 403 2187 sius
422 2147 653 2186 Bibliothec.
674 2149 854 2186 Zelicben
870 2154 996 2186 vocat.

435 2203 531 2256 Pag·
561 2204 656 2247 415.
695 2207 763 2244 20.
804 2200 982 2254 δηλώσας
1012 2199 1079 2243 διὰ
1103 2201 1310 2253 Λαβροΐου
1338 2192 1620 2250 πρεσβευτοῦ.]
1659 2193 1753 2236 chr.

323 2260 437 2299 Alex.
457 2259 715 2298 Raderianum
736 2258 864 2307 habet,
898 2256 962 2299 διὰ
977 2258 1121 2311 Βρίου,·
1150 2256 1249 2294 Scal.
1270 2252 1336 2295 διοὶ
1354 2253 1524 2306 Βροίουε
1552 2250 1620 2289 ubi
1638 2250 1754 2288 etiam

323 2314 586 2368 πρεσβυτέρου
604 2321 787 2366 corrupte
805 2314 965 2364 legitur,
994 2327 1068 2365 pro
1088 2313 1318 2366 πρεσβυτοῦ.
1622 2356 1634 2371 ,

435 2370 531 2423 Pag.
557 2372 652 2414 416.
681 2374 718 2413 8.
750 2366 940 2410 Θεοδότου
957 2365 1137 2420 ὑπάρχου
1163 2364 1346 2412 πόλεως]
1376 2362 1530 2401 Mallem
1558 2359 1753 2413 ἐπαρχουε

323 2428 380 2465 De
400 2427 603 2466 Theodoto
622 2440 716 2466 vero
734 2425 821 2474 hoc,
851 2425 963 2463 Urbis
986 2424 1202 2473 Praefecto,
1231 2421 1323 2462 vide
1344 2416 1590 2469 Procopium,
1613 2418 1752 2457 Arcen.

323 2483 474 2522 Hister.
496 2496 582 2534 pag.
599 2482 666 2524 43.

436 2541 529 2590 Pag-
558 2539 654 2580 416.
686 2539 749 2579 16.
779 2534 1004 2583 κελευσθεὶς
1021 2534 1194 2583 ἐξελθεῖν
1220 2532 1284 2573 ἐπὶ
1301 2528 1375 2582 τὴν
1395 2526 1627 2581 ἆνατολήν.]
1657 2530 1753 2569 Pro-

324 2594 461 2646 copius
483 2607 569 2632 eum
585 2593 893 2644 Hierosolymam
913 2591 1124 2641 relegatum
1143 2588 1295 2634 scribit3
1320 2587 1409 2624 loco
1431 2586 1563 2627 citato.

435 2652 530 2703 Pag·
557 2648 650 2693 417.
678 2654 718 2693 7.
746 2645 1016 2703 ἄλυτάρχησαν
1035 2644 1110 2696 δὲ]
1144 2646 1226 2684 Scr.
1245 2639 1529 2695 η’λυτάρχησαν.

374 2827 406 2870 ’)
437 2825 496 2860 Sic
518 2826 571 2863 ed.
594 2826 661 2862 Ox.
