1838 3230
279 171 343 217 88
673 159 964 206 IOANNIS
992 159 1332 206 MALALAE

285 284 425 340 Λῖγεΐ,
460 285 520 342 τῷ
537 283 661 339 πατρὶ
681 285 753 324 τοῦ
777 280 966 336 Θησέως,
1001 279 1063 324 ὅτι
1081 280 1266 338 ἐξέφυγεν
1284 280 1326 322 ἐκ
1341 283 1415 335 τῆς
1430 276 1583 330 πόλεως
1601 277 1623 324 ὃ
1641 281 1730 325 Ma-

284 350 514 408 νῶταυρος·
550 352 617 393 καὶ
651 348 852 401 ὑπέλαβεν
887 347 948 392 ὅτι
980 349 1083 404 ἄλην
1115 349 1225 408 αὐτῷ
1256 348 1450 403 ἐποίησαν
1483 348 1521 391 οἱ
1549 350 1730 404 Κρῆτες·

287 419 471 470 ἐξέθεντο
504 418 581 474 γὰρ
608 420 699 472 περὶ
731 417 866 459 αὐτῶν
877 449 890 470 ,
940 419 1102 474 Κρῆτες
1135 417 1195 460 ἀεὶ
1223 421 1423 472 ψεῦσται·
1471 417 1539 459 καὶ
1569 415 1734 474 ἕρῥιψεν

288 486 434 530 ἑαυτὸν
453 488 509 536 εἷς
526 486 601 541 τὴν
616 483 836 528 θάλασσαν
857 486 921 527 καὶ
941 483 1137 529 ἀπώλετο.
1191 484 1326 528 ἐλθὼν
1350 480 1422 528 οὖν
1444 482 1465 527 ὅ
1488 483 1648 540 Θησεῦς
1667 478 1734 527 εὗ·-

237 568 267 603 Β
293 573 360 613 ρεν
389 554 513 597 αὐτὸν
540 552 858 609 τελευτήσαντα·
892 555 958 595 καὶ
989 556 1167 603 πεισθεὶς
1191 558 1242 610 τῇ
1273 553 1356 612 ἰδίᾳ
1377 550 1586 611 συγκλήτῳ
1605 563 1768 608 περῶ-5

288 621 467 681 φρόνησε
487 626 560 677 τῆς
577 623 788 675 βασιλείας
809 625 882 676 τῆς
904 619 1074 678 Κρήτης
1095 624 1160 664 καὶ
1181 627 1256 677 τῆς
1275 620 1511 676 Ἀριάδνης,
1547 618 1739 673 βασιλεύ-

290 707 439 749 σαντος
468 694 542 733 τοῦ
574 692 678 732 ἰδίου
714 689 870 746 πατρὸς
890 694 965 744 τῆς
986 691 1235 742 Θεσσαλίας,
1274 691 1340 731 καὶ
1370 687 1539 745 ἠγάγετο
1568 694 1738 745 γυναῖκα

289 759 364 814 τὴν
391 758 512 801 Ἰλίαν
535 758 610 811 τὴν
643 757 858 814 λεγομένην
883 759 1083 814 Φαίδραν.
1154 755 1185 813 ἦ
1210 758 1253 800 δὲ
1275 755 1465 814 Ἀριάδνη
1495 759 1740 801 εἰσελθοῦσα

142 836 174 870 O
199 839 264 877 109
290 828 332 870 ἔν
356 830 412 885 τῷ
440 826 533 885 ἱερῷ
565 830 639 869 τοῦ
665 826 768 877 Διὸς
793 825 927 882 Ξξιιενεν
955 826 1076 883 ἱέρεια
1110 826 1339 884 παρθένος,
1375 825 1450 876 ἕως
1479 819 1527 868 οὗ
1554 826 1636 869 ἐκεῖ·
1655 825 1741 869 ἐτε-

289 893 468 950 λεύτησε.
1285 905 1289 907 “
1750 904 1796 939 10

389 963 457 1005 Ἔν
477 961 616 1012 αὖτοῒς
637 963 681 1005 δὲ
703 969 789 1013 τοΐς
806 960 967 1020 χρόνοις
985 963 1218 1019 ἐθρυλλεῒτο
1240 962 1281 1005 ἓν
1301 965 1352 1018 τῇ
1374 961 1582 1021 Θεσσαλίᾳ
1601 958 1742 1016 ‹inp-5⁴15-

294 1047 395 1086 στης
414 1028 549 1080 πόθος
567 1035 639 1085 τῆς
659 1033 845 1088 Φαίδρας
869 1029 890 1074 ὁ
909 1029 1270 1087 πρὸςἾππόλυτον,
1291 1030 1363 1073 τὸν
1383 1027 1579 1087 πρόγονον
1599 1028 1740 1084 αὐτῆς,

294 1100 383 1142 υἱὸν
409 1100 453 1141 δὲ
483 1099 651 1153 Θησέως
678 1100 720 1142 ἐκ
742 1103 973 1153 παλλακῆς·
1009 1101 1097 1155 περὶ
1127 1094 1176 1153 ἧς
1207 1096 1227 1141 ὅ
1258 1095 1499 1156 σοφώτατος
1522 1097 1744 1153 Εὐριπίδης

294 1167 399 1223 μετὰ
423 1170 555 1209 ταῦτα
581 1166 865 1223 συνεγράψατο
886 1169 1025 1222 δρᾶμα
1047 1171 1274 1222 ποιητικῶς.
1341 1166 1443 1220 μετὰ
1474 1161 1546 1209 οὖν
1575 1163 1638 1219 νβ’
1673 1164 1742 1220 ἴτη

295 1240 371 1279 τοῦ
398 1239 632 1290 τελευτῆσαι
662 1236 736 1290 τὴν
755 1233 982 1292 Πασιφάην
1003 1236 1086 1277 ἐστὶ
1112 1235 1165 1277 τὰ
1193 1234 1296 1277 κατὰ
1322 1235 1396 1290 τὴν
1421 1235 1630 1291 Φαίδραν,
1665 1251 1740 1276 κα-
1755 1243 1800 1280 15

249 1313 278 1346 C
301 1303 393 1353 θεὸς
416 1301 437 1345 ὃ
467 1301 707 1359 σοφώτατος
729 1305 934 1357 Δομνῖνος
956 1300 976 1345 ὃ
1002 1301 1284 1360 χρονογράφος
1311 1300 1623 1357 ὗπεμνημάτισε.
1692 1305 1745 1358 τῇ

302 1372 346 1413 δὲ
366 1370 447 1430 θέᾳ
471 1366 522 1426 ’ἦν
544 1369 570 1425 ἢ
596 1372 759 1426 Φαίδρα
783 1372 936 1423 τελεία,
966 1370 1176 1423 εὕστολος,
1210 1368 1441 1426 μακρόψις,
1484 1368 1674 1427 σώφρων.
1722 1367 1745 1412 ὃ

302 1440 346 1482 δὲ
362 1436 599 1488 Ἱππόλυτος
616 1443 667 1495 τῇ
685 1439 766 1498 θέᾳ
782 1434 832 1494 ἦν
861 1439 1021 1490 τέλειος,
1059 1436 1267 1494 εὖσθενής,
1302 1436 1564 1494 μελάγχρους,
1602 1434 1748 1480 κονδό-

300 1510 424 1562 θριξ,
468 1504 690 1561 ὖπόσιμος,
736 1505 961 1560 πλατόψις,
1010 1504 1181 1556 ὀδόντας
1211 1506 1312 1561 ἔχων
1338 1504 1557 1562 μεγάλους,
1592 1505 1748 1555 σπανός

303 1575 351 1617 τὸ
369 1574 539 1630 γένειον,
574 1575 816 1630 κυνηγέτης,
853 1573 1031 1630 σώφρων
1049 1576 1093 1617 δὲ
1114 1577 1180 1617 καὶ
1201 1573 1364 1629 ἥσυχος,
1433 1572 1454 1616 ὅ
1477 1574 1522 1616 δὲ
1544 1573 1702 1628 Θησεῦς
1722 1571 1801 1618 (520

302 1642 494 1697 βασιλεὺς
519 1640 698 1692 ἀκούσας
725 1642 779 1686 τὰ
797 1640 1083 1700 θρυλλούμενα
1112 1643 1154 1685 ἓν
1179 1647 1231 1699 τῇ
1259 1640 1372 1684 πόλει
1397 1643 1486 1699 περὶ
1517 1646 1590 1696 τῆς
1619 1641 1746 1684 αὐτοῦ

303 1709 491 1767 γυναικὸς
505 1710 626 1760 Ἰλίας
641 1712 841 1768 Φαίδρας,
868 1711 1048 1754 ἐλυπεῖτο
1069 1710 1172 1768 πρὸς
1191 1708 1319 1765 αὐτήν
1331 1723 1340 1734 ·
1378 1711 1445 1753 καὶ
1464 1707 1748 1766 ἀγανακτήσας

397 1819 431 1852 1.
454 1816 556 1863 Αἰγὲϊ
576 1819 644 1853 Ox.
734 1820 769 1856 2.
793 1816 925 1863 ἄλλην]
949 1815 1040 1865 ἄλην
1057 1818 1134 1861 Ch,
1157 1815 1252 1866 δόλῳ
1276 1818 1460 1861 cedrenus,
1482 1817 1572 1852 unde
1593 1820 1630 1852 et
1650 1813 1748 1853 άπά-

393 1875 463 1944 ἒην
486 1864 708 1948 dtu0212potest.
800 1866 834 1902 3.
868 1865 993 1911 ἔριψεν
1014 1866 1084 1901 ΟΧ.
1175 1866 1209 1900 8.
1238 1861 1366 1913 Ἰλίαν]
1398 1865 1518 1912 Inepte
1546 1874 1608 1911 pro
1632 1865 1746 1901 ἰδίαν.

425 1920 458 1944 ιο
481 1922 500 1944 e
585 1933 595 1945 .

307 1999 385 2035 vela
406 1998 572 2043 dedisset,
595 2002 778 2037 antevertit
799 2006 905 2038 nauta
927 2003 1083 2050 quidam;
1107 2003 1167 2049 qui
1190 2004 1325 2048 Aegeo,
1348 2000 1475 2036 Thesei
1497 1999 1588 2046 patri
1609 1999 1750 2036 nuncia-

308 2045 379 2086 vit,
416 2045 645 2080 Minotaurum
674 2058 717 2081 ex
748 2050 831 2083 urbe
863 2050 1042 2093 aufugisse.
1100 2049 1294 2095 Suspicatus
1323 2048 1442 2092 itaque
1471 2051 1590 2091 pater,
1633 2046 1750 2081 dolose

309 2101 385 2124 eum
407 2102 448 2125 eo
471 2091 578 2135 egisse
601 2092 795 2135 Cretenses,
828 2095 994 2138 (quorum
1016 2096 1151 2130 fraudes
1181 2095 1279 2129 etiam
1301 2093 1337 2127 in
1367 2091 1552 2137 proverbia
1575 2091 1750 2133 abierant3

313 2137 487 2170 Cretenses
510 2148 638 2180 semper
659 2140 881 2183 mendacem)
919 2141 1061 2185 seipsum
1082 2141 1117 2175 in
1139 2152 1232 2174 mare
1260 2138 1407 2184 projecit
1432 2142 1469 2172 et
1493 2137 1607 2191 periit.
1653 2137 1750 2171 The·-

312 2193 386 2215 seus
416 2181 529 2226 itaque
553 2193 729 2224 reversus,
764 2190 896 2228 patrem
929 2186 1113 2220 extinctum
1145 2185 1294 2226 invenit,
1333 2189 1369 2218 et
1390 2183 1587 2218 consiliariis
1609 2182 1676 2217 suis
1698 2181 1750 2216 ita

311 2226 787 2268 suadentibus,·Cretensium
809 2241 937 2273 regno,
969 2242 1041 2265 cum
1066 2231 1233 2272 Ariadna,
1262 2234 1394 2274 spreto,
1429 2230 1527 2274 (cum
1561 2229 1666 2263 Patre
1687 2227 1749 2261 de-

311 2273 450 2314 functo,
481 2272 516 2305 in
539 2272 734 2307 Thessaliae
755 2285 860 2318 regno
879 2276 950 2319 jam
973 2288 1185 2310 successurus
1207 2276 1339 2320 esset,)
1368 2286 1507 2309 uxorem
1529 2273 1592 2308 sibi
1614 2273 1751 2318 accepit

309 2317 426 2358 Iliam,
462 2329 550 2362 quae
574 2322 608 2351 et
631 2319 788 2352 Phaedra
812 2321 905 2354 dicta
928 2327 989 2355 est.
1047 2322 1195 2356 Ariadna
1218 2333 1319 2362 vero,
1359 2321 1396 2355 in
1417 2320 1511 2355 Jovis
1532 2318 1689 2364 templum
1713 2329 1750 2352 se

310 2362 499 2408 recipiens,
526 2363 574 2396 ibi
595 2363 637 2396 ad
660 2369 799 2398 mortem
822 2377 925 2410 usque
948 2366 1045 2410 virgo
1069 2368 1171 2401 sacris
1194 2366 1339 2401 vacavit.

402 2408 472 2443 Illis
503 2408 706 2453 temporibus
738 2409 905 2444 increbuit
936 2412 1025 2444 fama
1057 2413 1218 2454 mendax,
1260 2413 1303 2445 de
1327 2410 1491 2445 amoribus
1512 2406 1691 2442 Phaedrae
1713 2410 1751 2443 et

310 2453 494 2499 Hippolyti
518 2453 685 2498 privigni,
722 2455 849 2489 Thesei
871 2467 912 2489 ex
936 2456 1058 2500 pellice
1080 2458 1159 2490 filii:
1199 2459 1242 2491 de
1265 2457 1385 2501 quibus
1409 2459 1526 2501 postea
1546 2453 1750 2498 sapientissi-

311 2510 383 2532 mus
405 2499 587 2544 Euripides
606 2500 733 2534 Drama
755 2501 959 2546 conscripsit.
1006 2501 1208 2536 Acciderunt
1230 2508 1340 2535 autem
1362 2512 1423 2542 ea,
1462 2511 1548 2545 quae
1573 2500 1615 2533 de
1638 2499 1752 2532 Phae-

311 2543 374 2577 dra
397 2545 593 2587 traduntur,
618 2556 668 2579 nn
692 2546 804 2588 annis,
825 2553 902 2591 post
924 2551 1088 2581 mortuam
1111 2547 1317 2592 Pasiphaenz
1344 2545 1442 2580 sicuti
1466 2557 1486 2579 a
1509 2544 1750 2590 sapientissimo

310 2588 475 2624 Domnino
506 2590 774 2635 Chronographo
805 2593 984 2626 memoriae
1013 2592 1180 2637 proditum
1210 2596 1272 2625 est.
1326 2591 1414 2624 Erat
1436 2595 1546 2625 autem
1578 2589 1751 2630 Phaedra,

311 2634 452 2668 formam
476 2637 564 2679 quod
587 2642 740 2680 spectat,
764 2641 895 2671 statura
913 2638 1023 2680 justa,
1055 2642 1196 2677 ornata,
1219 2636 1308 2670 facie
1331 2637 1497 2680 oblonga,
1522 2635 1666 2670 moribus
1689 2636 1752 2668 ho-

311 2679 434 2714 nes-tis:
471 2681 674 2726 Hippolytus
696 2694 778 2716 vero
800 2686 930 2716 statura
952 2683 1053 2716 etiam
1078 2683 1190 2726 justa,
1213 2683 1390 2723 robustus,
1414 2682 1526 2715 colore
1548 2681 1668 2725 nigro,
1692 2690 1752 2713 ca-

312 2724 392 2767 pillo
418 2726 535 2766 brevi,
561 2727 740 2769 subsimus,
776 2727 848 2762 acie
871 2728 961 2769 lata,
984 2728 1139 2762 dentibus
1162 2727 1415 2771 grandioribus,
1439 2728 1547 2761 barba
1568 2737 1667 2766 rara,
1690 2736 1751 2758 ve·-

312 2769 441 2803 nationi
467 2771 621 2813 deditus,
660 2773 767 2806 animo
792 2773 935 2818 sapienti
966 2779 1002 2807 et
1032 2774 1160 2807 sedato.
1207 2773 1281 2806 Rex
1305 2773 1458 2807 Theseus
1479 2783 1580 2814 vero,
1610 2770 1669 2804 ubi
1691 2781 1748 2803 au-

312 2814 414 2848 disset
438 2827 527 2861 quae
549 2817 593 2852 de
615 2829 720 2855 uxore
753 2818 818 2854 nia
839 2819 996 2855 Phaedra
1019 2819 1317 2855 disseminabantur
1339 2818 1376 2853 in
1398 2818 1576 2865 populum,
1617 2815 1754 2851 moleste
