1838 3230
448 179 1078 228 CHRONOGRAPHIA.
1133 180 1185 225 L.
1216 181 1268 226 V.
1494 187 1590 234 113

127 301 172 346 ἓν
191 305 244 361 τῇ
265 302 397 361 Τροίῃ
413 301 517 360 πρὸς
534 300 744 359 Πρίαμον,
771 302 839 345 καὶ
855 303 1018 345 πολλῶν
1037 298 1590 358 κινηθέντων,’έ’τυπῶσαμεν

113 373 310 428 ’δοθῆναι
335 370 431 427 ὖμῒν
453 370 626 428 χρυσίου
645 367 830 414 τάλαντα
849 375 892 430 β
911 371 979 413 καὶ
1001 369 1105 427 πρὸς
1121 367 1282 421 τούτοις
1299 370 1370 414 ἴσα
1392 368 1586 429 ἀργύρου.

128 442 197 484 καὶ
218 438 506 496 ἓπανήλθαμεν
526 438 628 496 πρὸς
647 436 758 494 ὖμᾶς
777 439 1086 495 ἀπαγγείλαντες
1103 437 1157 482 τοὶ
1174 436 1363 490 δόξαντα.
1409 442 1476 483 καὶ
1498 441 1590 484 ἔκο-

125 506 342 564 μισάμεθα
372 508 426 552 τὰ
454 507 723 562 τυπωθέντα,
761 506 921 558 πάντας
946 505 1055 562 ὑμᾶς
1080 505 1312 563 ἓνορκῶσας
1334 509 1376 551 ἐν
1394 516 1485 559 ταῖς
1505 513 1588 552 θυ-

95 578 237 629 5σίαις
262 578 320 634 μὴ
350 577 601 621 ἀποπλεῦσαι
630 577 671 627 ἐξ
700 576 845 630 Ἰλίου,
883 578 978 632 πρὶν
1001 575 1051 618 ἂν
1076 574 1318 632 ποιήσαντες
1335 577 1405 621 τὸν
1423 576 1590 634 δούριον

123 647 254 690 ἵππον
281 645 494 703 ἅρμοδίοις
518 642 652 696 ξύλοις
685 647 753 688 καὶ
778 643 1055 701 κοσμήσαντες
1074 644 1199 688 αὐτὸν
1215 643 1327 704 πάσῃ
1354 646 1478 705 ἀρετῇ
1517 644 1591 690 δό-

128 717 250 770 ξομεν
274 714 486 760 ἀποπλέειν
507 713 696 770 ἄντικρυς
717 716 772 765 εἰς
796 714 871 769 τὴν
894 715 1091 767 Τένεδον,
1133 715 1315 765 καίοντες
1340 715 1416 766 τὰς
1437 715 1590 772 σκηνὰς

125 781 244 839 ἡμῶν
253 816 268 837 ,
305 785 373 827 καὶ
403 784 642 838 νομίσαντες
673 784 711 827 οἱ
736 781 943 840 βάρβαροι
974 781 1037 826 ὅτι
1063 781 1377 839 ἐξωρμήσαμεν,
1412 784 1589 839 μένωσιν

94 894 98 897 ,
128 851 261 896 ἂνετοὶ
291 850 558 908 εὐωχούμενοι
572 885 585 904 ,
620 853 687 895 καὶ
707 852 851 902 νυκτὸς
865 850 1198 908 ὑποστρέψαντες
1216 851 1298 894 ἀπὸ
1319 856 1392 908 τῆς
1416 853 1591 896 Τενέδου
1616 860 1650 896 0
1675 859 1742 898 144

74 929 120 965 10
129 923 197 965 καὶ
215 919 484 973 εἶσελθόντες,
519 921 796 978 πυρίκαυστον
818 921 892 975 τὴν
916 918 1032 963 πόλιν
1052 918 1292 975 ποιήσαντες
1310 923 1376 963 καὶ
1395 924 1592 979 Πρίαμον
1614 931 1645 965 Β

127 987 336 1041 ἀνελόντες
356 987 625 1045 ἀποδώσομεν
648 989 722 1045 τὴν
748 988 910 1045 Ἑλένην
933 991 989 1038 εἷς
1014 988 1067 1031 τὰ
1083 990 1273 1043 βασίλεια
1290 994 1364 1032 τοῦ
1383 991 1593 1033 Πλεισθέ-

127 1075 236 1110 νους.
307 1061 374 1102 καὶ
399 1063 475 1114 τῆς
502 1059 600 1114 ἐμῆς
626 1063 782 1114 βουλῆς
806 1055 1070 1114 κρατησάσης
1098 1057 1304 1114 παρέσχον
1324 1056 1422 1112 ἡμῖν
1443 1059 1481 1101 οἶ
1500 1062 1593 1102 θεοὶ

127 1128 242 1184 νίκην
262 1127 367 1171 κατὰ
386 1132 469 1171 τῶν
494 1125 734 1183 βαρβάρων.
805 1125 920 1181 ὑμεῖς
947 1121 1041 1179 οὖν,
1081 1126 1120 1169 οἱ
1148 1129 1331 1179 βασιλεῖς
1349 1128 1416 1169 καὶ
1446 1125 1591 1185 ἥρωες,

128 1197 262 1254 κριταὶ
279 1196 446 1253 γένεσθε
466 1200 549 1239 τῶν
569 1197 676 1250 ε’μῶν
699 1193 906 1249 καμάτων.

75 1271 120 1310 15
230 1267 318 1309 Καὶ
337 1264 621 1308 ἀντεποιοῦντο
643 1268 716 1307 τοῦ
733 1263 965 1313 Ὀδυσσέως
984 1261 1280 1320 ὃἈγαμέμνων
1299 1265 1366 1307 καὶ
1387 1262 1408 1307 ὃ
1429 1262 1593 1321 Διομή-

129 1335 206 1390 δης
235 1336 304 1377 καὶ
334 1331 356 1377 ὅ
388 1331 546 1377 τούτων
571 1330 772 1389 στρατός,
810 1337 883 1376 τοῦ
902 1333 947 1375 δὲ
968 1333 1233 1387 Τελαμωνίου
1254 1333 1441 1383 Αἴαντος
1461 1333 1594 1377 ἀντεί-

79 1421 85 1425 “
123 1419 222 1460 χετο
242 1400 264 1446 ὅ
290 1399 571 1457 Νεοπτόλεμος
587 1400 779 1460 Πύῤῥος,
818 1399 874 1452 ὥς
897 1401 940 1444 ἐκ
958 1401 1097 1457 γένους
1121 1401 1250 1445 αὐτοῦ
1269 1398 1465 1458 ὑπάρχων
1476 1435 1489 1455 ,
1525 1404 1595 1445 καὶ

130 1470 152 1515 ὃ
176 1468 326 1515 τούτου
345 1469 533 1528 στρατός.
605 1475 768 1514 πολλῶν
788 1471 833 1514 δὲ
852 1469 988 1513 ἄλλων
1007 1470 1257 1526 κινηθέντων
1274 1470 1429 1525 μεταξὺ
1455 1471 1593 1514 αὐτῶν

129 1539 248 1597 ι’ίχρις
278 1538 475 1597 ἑσπέρας,
512 1539 628 1590 τέλος
660 1532 794 1591 ἔδοξεν
825 1537 928 1583 ὥστε
958 1542 1099 1593 λαβεῖν
1119 1539 1161 1581 ἐν
1181 1537 1407 1596 παραθήκῃ
1430 1539 1504 1589 ἕως
1519 1543 1593 1594 τῆς

73 1606 440 1666 ξοέπιφωσκούσης
453 1606 608 1666 ἡμέρας
628 1609 699 1652 τὸν
717 1606 934 1663 Διομήδην
953 1607 1000 1651 τὸ
1019 1605 1260 1651 Παλλάδιον
1276 1609 1342 1650 καὶ
1363 1611 1487 1650 τοῦτο
1508 1624 1590 1663 φυ-
1614 1617 1645 1652 G

131 1675 276 1731 λάξαι,
312 1679 380 1720 καὶ
411 1677 581 1720 ἕκαστον
610 1677 747 1720 αὐτῶν
780 1677 999 1731 ἀνεθῆναι,
1031 1677 1103 1718 ἰ’να
1131 1676 1237 1719 κατὰ
1256 1675 1331 1730 τὴν
1354 1673 1447 1730 ἑξῆς
1464 1674 1593 1726 τύπος

132 1747 244 1804 do&
264 1746 340 1789 τίνι
360 1744 403 1797 ἔξ
421 1745 556 1788 αὐτῶν
569 1745 649 1803 χρὴ
669 1748 845 1800 δοθῆναι
866 1744 912 1788 τὸ
930 1741 1183 1788 Παλλάδιον.
1254 1741 1276 1787 ὃ
1298 1745 1342 1787 δὲ
1360 1743 1487 1798 Αἴας,
1524 1761 1592 1800 γε-

223 1855 258 1892 2·
283 1855 319 1903 ,β
341 1854 425 1898 Ch„
452 1852 486 1900 β’
508 1854 578 1889 Ox,
691 1855 724 1890 6.
749 1851 929 1899 δόξομεν]
954 1850 1118 1898 δόξωμεν
1142 1851 1208 1887 Ch.
1322 1854 1356 1890 8.
1380 1850 1590 1900 ἐξωρμήσα-

222 1913 290 1947 μεν
314 1901 399 1943 ch„
421 1899 669 1946 ἐξορμήσαμεν
692 1901 760 1935 Ox.
854 1902 887 1936 9.
912 1899 1054 1945 ἄνει-οὶ]
1080 1896 1226 1935 ἀνεκτοὶ
1249 1897 1317 1951 Οιξ.

133 1992 276 2039 Trojam
299 2004 383 2029 vero
409 1993 453 2027 ad
476 1991 646 2027 Priamum
670 1991 832 2037 ingressi,
868 1991 1046 2038 multisque
1067 1990 1211 2026 invicem
1234 1990 1396 2036 agitatis,
1433 1990 1590 2027 decrevi-

131 2050 204 2075 mus
226 2039 360 2074 tandem
392 2038 443 2074 uti
465 2039 540 2074 auri
562 2039 692 2073 talenta
714 2039 800 2081 duo,
841 2039 1053 2084 totidemque
1083 2042 1264 2084 praeterea
1295 2038 1450 2084 argenti,
1492 2039 1590 2073 vobis

132 2086 308 2121 darentur.
352 2085 486 2120 Deinde
517 2097 598 2120 vero
622 2085 666 2120 ad
700 2090 814 2119 castra
837 2085 983 2127 reversi,
1020 2084 1065 2118 de
1087 2083 1197 2129 pactis
1226 2095 1287 2118 vos
1309 2084 1474 2119 certiores
1503 2085 1591 2118 feci-

132 2142 226 2174 mus,
262 2131 441 2177 designato
464 2130 561 2166 simul
584 2131 800 2177 pecuniarum
824 2131 977 2177 pondere
999 2130 1096 2165 vobis
1119 2129 1324 2164 contradito.
1371 2130 1463 2171 Quin
1487 2130 1592 2165 etiam

133 2177 303 2213 sacrificia
323 2177 422 2212 vobis
445 2178 703 2223 peragentibus,
724 2178 914 2221 juramento
938 2176 1102 2212 obstrinxi
1124 2175 1319 2217 universos,
1342 2177 1439 2221 prius
1461 2176 1505 2209 ab
1526 2175 1591 2209 Ilio

132 2235 178 2258 ne
210 2223 399 2265 solveritis,
433 2235 532 2269 quam
556 2224 657 2268 Equo
680 2223 813 2265 Durio,
845 2222 1020 2268 aptissimis
1041 2222 1208 2267 lignorum
1227 2222 1398 2266 juncturis
1420 2225 1456 2255 et
1478 2221 1592 2256 artifi-

133 2270 188 2304 cio
212 2269 300 2305 omni
322 2269 455 2304 affabre
477 2275 673 2315 compacto,
711 2269 887 2303 Tenedum
909 2280 1045 2311 versus,
1082 2268 1223 2303 insulam
1248 2267 1455 2312 appositam,
1491 2266 1592 2300 navi-

134 2325 222 2360 gare
243 2315 454 2357 videremur,
478 2315 635 2350 tentoriis
657 2314 778 2349 nostris
800 2314 957 2350 incendio
980 2314 1087 2349 datis:
1130 2318 1169 2348 ut
1192 2312 1338 2347 Barbari
1359 2312 1494 2347 interim
1518 2311 1591 2346 exi-

134 2361 308 2396 stimantes
329 2361 517 2396 discessisse
538 2373 617 2402 nos,
649 2372 768 2395 secure
791 2366 950 2405 agerent,
987 2361 1100 2395 Genio
1125 2359 1354 2403 indulgentes:
1398 2359 1471 2392 Nos
1494 2369 1592 2398 vero,

135 2411 238 2443 nocte
267 2407 468 2452 ingruente,
505 2419 525 2441 a
549 2407 692 2441 Tenedo
715 2405 863 2449 reversi,
901 2407 1044 2451 Trojam
1073 2405 1346 2450 ingrederemur,
1382 2404 1534 2448 urbeque
1557 2403 1593 2436 in

135 2451 285 2488 flammas
306 2464 426 2496 versa,
459 2453 666 2498 Priamoque
689 2463 774 2496 rege
795 2452 948 2494 sublato,
982 2452 1165 2493 Helenam,
1191 2454 1364 2495 receptam
1386 2450 1422 2483 in
1446 2449 1593 2483 Plisthe-

137 2497 190 2533 nis
209 2509 337 2544 regna,
373 2498 510 2533 tandem
534 2498 785 2533 deduceremus.
845 2498 994 2533 Consilio
1018 2498 1136 2543 itaque
1158 2509 1231 2531 meo
1255 2496 1380 2540 ubique
1404 2493 1591 2536 obtinente,

136 2541 196 2578 Dii
225 2543 404 2584 victoriam
436 2544 532 2580 nobis
564 2545 600 2578 in
630 2545 798 2579 Barbaros
830 2543 1006 2579 dederunt.
1060 2542 1208 2578 Proinde
1240 2553 1299 2576 vos
1335 2541 1450 2586 Reges
1486 2544 1593 2585 atque

138 2588 289 2632 Heroes,
314 2600 426 2624 rerum
449 2602 470 2625 a
493 2590 589 2625 nobis
611 2595 782 2635 gestarum
806 2590 940 2636 appello
963 2589 1110 2624 Judices.

230 2634 456 2679 Agamemnon
497 2635 614 2682 itaque
653 2640 690 2670 et
719 2635 920 2677 Diomedes,
967 2636 1154 2680 horumque
1185 2630 1375 2673 exercitus,
1421 2631 1465 2666 ab
1497 2630 1594 2665 Ulis-

139 2679 183 2715 sis
205 2685 307 2725 parte
333 2686 519 2716 steten-unu
560 2683 714 2727 Pyrrhus
745 2686 857 2716 autem
879 2681 1142 2727 Neoptolemus,
1178 2690 1253 2712 cum
1282 2677 1371 2719 suis,
1411 2677 1454 2711 ab
1478 2676 1592 2722 Ajacis

140 2725 352 2767 Telamonii3
377 2732 498 2772 utpote
521 2727 580 2772 qui
602 2739 729 2773 genere
756 2727 788 2763 ei
810 2727 1018 2782 propinquus
1041 2731 1138 2760 esset.
1186 2724 1368 2758 Caeterum
1390 2722 1502 2757 multis
1519 2722 1593 2757 aliis

136 2771 230 2807 inter
252 2771 354 2806 duces
375 2771 417 2806 ad
441 2783 617 2818 vesperam
639 2785 744 2819 usque
767 2774 929 2818 agitatis,
952 2771 1088 2811 tandem
1112 2770 1215 2804 visum
1240 2773 1311 2811 est,
1334 2767 1384 2803 uti
1410 2767 1593 2803 Palladium

138 2817 318 2852 Diomedes
341 2817 431 2862 apud
461 2830 498 2852 se
521 2819 708 2864 depositum
731 2823 904 2860 servaret,
938 2818 973 2851 in
1005 2827 1101 2850 mane
1125 2815 1332 2860 proximum3
1373 2819 1519 2860 uterque
1540 2814 1594 2848 in-

139 2863 239 2899 terim
269 2868 308 2897 ut
331 2862 541 2908 quiesceret,
572 2864 679 2900 donec
701 2875 798 2899 mane
821 2863 976 2910 proximo
1000 2862 1264 2904 decerneretur,
1298 2860 1356 2895 cui
1379 2871 1442 2907 pro
1465 2859 1595 2896 meritis

199 2917 340 2950 Ioannes
369 2915 532 2949 Malalas.
1294 2911 1320 2949 8
