<?xml version="1.0" encoding="UTF-8"?>
<!DOCTYPE html PUBLIC "-//W3C//DTD XHTML 1.0 Transitional//EN"
    "http://www.w3.org/TR/xhtml1/DTD/xhtml1-transitional.dtd">
<html xmlns="http://www.w3.org/1999/xhtml" xml:lang="en" lang="en">
 <head>
  <title>
</title>
<meta http-equiv="Content-Type" content="text/html;charset=utf-8" />
  <meta name='ocr-system' content='tesseract 3.04.00' />
  <meta name='ocr-capabilities' content='ocr_page ocr_carea ocr_par ocr_line ocrx_word'/>
</head>
<body>
  <div class='ocr_page' id='page_1' title='image "./corpusscriptorum28niebuoft_0707.png"; bbox 0 0 1838 3230; ppageno 0'>
   <div class='ocr_carea' id='block_1_1' title="bbox 584 95 1540 187">
    <p class='ocr_par' dir='ltr' id='par_1_1' title="bbox 584 95 1540 187">
     <span class='ocr_line' id='line_1_1' title="bbox 584 95 1540 187; baseline -0.001 -9"><span class='ocrx_word' id='word_1_1' title='bbox 584 133 1052 180; x_wconf 78' lang='lat' dir='ltr'><strong>ANNO&#39;EATIONES.</strong></span> <span class='ocrx_word' id='word_1_2' title='bbox 1133 95 1137 99; x_wconf 84' lang='lat'><strong>·</strong></span> <span class='ocrx_word' id='word_1_3' title='bbox 1278 164 1283 172; x_wconf 44' lang='lat' dir='ltr'><strong><em>s</em></strong></span> <span class='ocrx_word' id='word_1_4' title='bbox 1441 135 1540 187; x_wconf 73' lang='lat'><strong>625</strong></span> 
     </span>
    </p>
   </div>
   <div class='ocr_carea' id='block_1_2' title="bbox 0 247 1541 358">
    <p class='ocr_par' dir='ltr' id='par_1_2' title="bbox 0 247 1541 358">
     <span class='ocr_line' id='line_1_2' title="bbox 0 247 1540 302; baseline 0.002 -14"><span class='ocrx_word' id='word_1_5' title='bbox 0 262 15 293; x_wconf 53' lang='grc' dir='ltr'><strong>,ι’</strong></span> <span class='ocrx_word' id='word_1_6' title='bbox 85 247 225 289; x_wconf 82' lang='lat' dir='ltr'><strong>tellitio</strong></span> <span class='ocrx_word' id='word_1_7' title='bbox 247 248 436 302; x_wconf 80' lang='lat' dir='ltr'><strong>stipatum</strong></span> <span class='ocrx_word' id='word_1_8' title='bbox 455 263 544 289; x_wconf 86' lang='lat' dir='ltr'><strong>eum</strong></span> <span class='ocrx_word' id='word_1_9' title='bbox 564 249 728 290; x_wconf 72' lang='lat' dir='ltr'><strong>Vei-edis</strong></span> <span class='ocrx_word' id='word_1_10' title='bbox 756 249 906 300; x_wconf 86' lang='lat' dir='ltr'><strong>fugere.</strong></span> <span class='ocrx_word' id='word_1_11' title='bbox 963 251 1086 290; x_wconf 85' lang='lat' dir='ltr'><strong>Immo</strong></span> <span class='ocrx_word' id='word_1_12' title='bbox 1112 263 1285 290; x_wconf 86' lang='lat' dir='ltr'><strong>summae</strong></span> <span class='ocrx_word' id='word_1_13' title='bbox 1308 250 1442 302; x_wconf 85' lang='lat' dir='ltr'><strong>potius</strong></span> <span class='ocrx_word' id='word_1_14' title='bbox 1469 252 1540 291; x_wconf 90' lang='lat' dir='ltr'><strong>Ze-</strong></span> 
     </span>
     <span class='ocr_line' id='line_1_3' title="bbox 0 304 1541 358; baseline 0.001 -14"><span class='ocrx_word' id='word_1_15' title='bbox 0 324 9 348; x_wconf 52' lang='lat' dir='ltr'><strong>,f</strong></span> <span class='ocrx_word' id='word_1_16' title='bbox 83 305 202 344; x_wconf 85' lang='lat' dir='ltr'><strong>nonis</strong></span> <span class='ocrx_word' id='word_1_17' title='bbox 217 306 484 358; x_wconf 78' lang='grc' dir='ltr'><strong><em>μικροψυχίας</em></strong></span> <span class='ocrx_word' id='word_1_18' title='bbox 502 313 774 357; x_wconf 78' lang='lat' dir='ltr'><strong>argumentum</strong></span> <span class='ocrx_word' id='word_1_19' title='bbox 792 304 870 344; x_wconf 91' lang='lat' dir='ltr'><strong>hoc</strong></span> <span class='ocrx_word' id='word_1_20' title='bbox 897 308 1011 357; x_wconf 89' lang='lat' dir='ltr'><strong>ponit</strong></span> <span class='ocrx_word' id='word_1_21' title='bbox 1025 307 1192 356; x_wconf 81' lang='lat' dir='ltr'>Auctor,</span> <span class='ocrx_word' id='word_1_22' title='bbox 1224 321 1268 346; x_wconf 89' lang='lat' dir='ltr'><strong>eo</strong></span> <span class='ocrx_word' id='word_1_23' title='bbox 1303 307 1432 358; x_wconf 87' lang='lat' dir='ltr'><strong>quod,</strong></span> <span class='ocrx_word' id='word_1_24' title='bbox 1461 308 1541 346; x_wconf 84' lang='lat' dir='ltr'><strong>Im-</strong></span> 
     </span>
    </p>
   </div>
   <div class='ocr_carea' id='block_1_3' title="bbox 83 361 1540 514">
    <p class='ocr_par' dir='ltr' id='par_1_3' title="bbox 83 361 1540 514">
     <span class='ocr_line' id='line_1_4' title="bbox 85 361 1540 416; baseline 0.002 -16"><span class='ocrx_word' id='word_1_25' title='bbox 85 367 250 414; x_wconf 83' lang='lat' dir='ltr'><strong>perator</strong></span> <span class='ocrx_word' id='word_1_26' title='bbox 276 361 371 401; x_wconf 90' lang='lat' dir='ltr'><strong>licet</strong></span> <span class='ocrx_word' id='word_1_27' title='bbox 399 369 523 412; x_wconf 87' lang='lat' dir='ltr'><strong>esset,</strong></span> <span class='ocrx_word' id='word_1_28' title='bbox 553 362 604 401; x_wconf 86' lang='lat' dir='ltr'><strong>ad</strong></span> <span class='ocrx_word' id='word_1_29' title='bbox 631 362 872 401; x_wconf 78' lang='lat' dir='ltr'><strong>laboriosum</strong></span> <span class='ocrx_word' id='word_1_30' title='bbox 898 362 1029 413; x_wconf 87' lang='lat' dir='ltr'><strong>huuc,</strong></span> <span class='ocrx_word' id='word_1_31' title='bbox 1058 364 1254 416; x_wconf 86' lang='lat' dir='ltr'><strong>vilemque</strong></span> <span class='ocrx_word' id='word_1_32' title='bbox 1283 363 1451 403; x_wconf 78' lang='lat' dir='ltr'><strong>Cursum</strong></span> <span class='ocrx_word' id='word_1_33' title='bbox 1473 364 1540 403; x_wconf 84' lang='lat' dir='ltr'><strong>de-</strong></span> 
     </span>
     <span class='ocr_line' id='line_1_5' title="bbox 84 416 1540 472; baseline 0.002 -16"><span class='ocrx_word' id='word_1_34' title='bbox 84 417 315 466; x_wconf 84' lang='lat' dir='ltr'><strong>scenderet,</strong></span> <span class='ocrx_word' id='word_1_35' title='bbox 359 424 478 469; x_wconf 88' lang='lat' dir='ltr'><strong>atque</strong></span> <span class='ocrx_word' id='word_1_36' title='bbox 515 418 654 466; x_wconf 74' lang='grc' dir='ltr'><strong><em>ἴπποις</em></strong></span> <span class='ocrx_word' id='word_1_37' title='bbox 688 416 969 472; x_wconf 78' lang='grc' dir='ltr'><strong><em>ταχυδοόμοις,</em></strong></span> <span class='ocrx_word' id='word_1_38' title='bbox 1008 421 1091 459; x_wconf 85' lang='lat' dir='ltr'><strong>sive</strong></span> <span class='ocrx_word' id='word_1_39' title='bbox 1124 420 1306 470; x_wconf 77' lang='lat' dir='ltr'><strong>veredis,</strong></span> <span class='ocrx_word' id='word_1_40' title='bbox 1346 434 1368 458; x_wconf 87' lang='lat' dir='ltr'><strong>a</strong></span> <span class='ocrx_word' id='word_1_41' title='bbox 1400 434 1540 460; x_wconf 85' lang='lat' dir='ltr'><strong>socrus</strong></span> 
     </span>
     <span class='ocr_line' id='line_1_6' title="bbox 83 447 820 514; baseline 0.001 -2"><span class='ocrx_word' id='word_1_42' title='bbox 83 487 180 514; x_wconf 81' lang='lat' dir='ltr'><strong>suae</strong></span> <span class='ocrx_word' id='word_1_43' title='bbox 196 447 351 512; x_wconf 86' lang='lat' dir='ltr'><strong>insidiis</strong></span> <span class='ocrx_word' id='word_1_44' title='bbox 368 475 486 514; x_wconf 80' lang='lat' dir='ltr'><strong>etiam</strong></span> <span class='ocrx_word' id='word_1_45' title='bbox 509 488 552 514; x_wconf 86' lang='lat' dir='ltr'><strong>se</strong></span> <span class='ocrx_word' id='word_1_46' title='bbox 571 475 820 514; x_wconf 85' lang='lat' dir='ltr'><strong>subduceret.</strong></span> 
     </span>
    </p>
   </div>
   <div class='ocr_carea' id='block_1_4' title="bbox 84 538 1540 709">
    <p class='ocr_par' dir='ltr' id='par_1_4' title="bbox 84 538 1540 709">
     <span class='ocr_line' id='line_1_7' title="bbox 201 538 1540 607; baseline -0.001 -23"><span class='ocrx_word' id='word_1_47' title='bbox 201 543 296 595; x_wconf 76' lang='lat' dir='ltr'><strong><em>Pvg·</em></strong></span> <span class='ocrx_word' id='word_1_48' title='bbox 325 543 421 585; x_wconf 73' lang='lat'><strong>379.</strong></span> <span class='ocrx_word' id='word_1_49' title='bbox 449 545 488 584; x_wconf 91' lang='grc'><strong>7.</strong></span> <span class='ocrx_word' id='word_1_50' title='bbox 517 541 586 582; x_wconf 85' lang='grc' dir='ltr'><strong>καὶ</strong></span> <span class='ocrx_word' id='word_1_51' title='bbox 606 542 662 589; x_wconf 83' lang='grc' dir='ltr'><strong>εἰς</strong></span> <span class='ocrx_word' id='word_1_52' title='bbox 676 540 722 583; x_wconf 76' lang='grc' dir='ltr'><strong>τό</strong></span> <span class='ocrx_word' id='word_1_53' title='bbox 739 538 942 583; x_wconf 75' lang='grc' dir='ltr'><strong><em>παλάτιον.</em></strong></span> <span class='ocrx_word' id='word_1_54' title='bbox 949 541 969 607; x_wconf 81' lang='lat'><strong>.]</strong></span> <span class='ocrx_word' id='word_1_55' title='bbox 1001 542 1130 581; x_wconf 89' lang='lat' dir='ltr'><strong>Verba</strong></span> <span class='ocrx_word' id='word_1_56' title='bbox 1157 541 1278 593; x_wconf 88' lang='lat' dir='ltr'><strong>haec,</strong></span> <span class='ocrx_word' id='word_1_57' title='bbox 1309 549 1349 583; x_wconf 88' lang='lat' dir='ltr'><strong>et</strong></span> <span class='ocrx_word' id='word_1_58' title='bbox 1374 557 1540 597; x_wconf 87' lang='lat' dir='ltr'><strong>praece-</strong></span> 
     </span>
     <span class='ocr_line' id='line_1_8' title="bbox 84 596 1539 651; baseline 0.003 -14"><span class='ocrx_word' id='word_1_59' title='bbox 84 596 217 637; x_wconf 78' lang='lat' dir='ltr'><strong>dentia</strong></span> <span class='ocrx_word' id='word_1_60' title='bbox 234 612 256 635; x_wconf 82' lang='lat' dir='ltr'><strong>a</strong></span> <span class='ocrx_word' id='word_1_61' title='bbox 274 597 430 637; x_wconf 84' lang='lat' dir='ltr'><strong>Radere</strong></span> <span class='ocrx_word' id='word_1_62' title='bbox 449 598 616 650; x_wconf 83' lang='lat' dir='ltr'><strong>pessime</strong></span> <span class='ocrx_word' id='word_1_63' title='bbox 633 605 863 647; x_wconf 88' lang='lat' dir='ltr'><strong>vertuntur,</strong></span> <span class='ocrx_word' id='word_1_64' title='bbox 894 599 958 637; x_wconf 90' lang='lat' dir='ltr'><strong>cui</strong></span> <span class='ocrx_word' id='word_1_65' title='bbox 979 598 1021 636; x_wconf 87' lang='lat' dir='ltr'><strong>in</strong></span> <span class='ocrx_word' id='word_1_66' title='bbox 1039 605 1207 638; x_wconf 87' lang='lat' dir='ltr'><strong>mentem</strong></span> <span class='ocrx_word' id='word_1_67' title='bbox 1230 613 1308 638; x_wconf 89' lang='lat' dir='ltr'><strong>non</strong></span> <span class='ocrx_word' id='word_1_68' title='bbox 1326 601 1446 651; x_wconf 81' lang='lat' dir='ltr'><strong>venit,</strong></span> <span class='ocrx_word' id='word_1_69' title='bbox 1469 602 1539 651; x_wconf 84' lang='grc' dir='ltr'><strong><em>εἰς,</em></strong></span> 
     </span>
     <span class='ocr_line' id='line_1_9' title="bbox 85 653 1540 709; baseline 0.003 -17"><span class='ocrx_word' id='word_1_70' title='bbox 85 666 176 693; x_wconf 85' lang='lat' dir='ltr'><strong>eum</strong></span> <span class='ocrx_word' id='word_1_71' title='bbox 194 654 438 704; x_wconf 84' lang='lat' dir='ltr'><strong>accusativo,</strong></span> <span class='ocrx_word' id='word_1_72' title='bbox 466 653 676 707; x_wconf 90' lang='lat' dir='ltr'><strong>hocloco,</strong></span> <span class='ocrx_word' id='word_1_73' title='bbox 703 662 750 693; x_wconf 90' lang='lat' dir='ltr'><strong>ut</strong></span> <span class='ocrx_word' id='word_1_74' title='bbox 766 661 806 694; x_wconf 87' lang='lat' dir='ltr'><strong>et</strong></span> <span class='ocrx_word' id='word_1_75' title='bbox 827 655 917 693; x_wconf 89' lang='lat' dir='ltr'><strong>alibi</strong></span> <span class='ocrx_word' id='word_1_76' title='bbox 938 655 1250 706; x_wconf 76' lang='lat' dir='ltr'><strong>frequentissime</strong></span> <span class='ocrx_word' id='word_1_77' title='bbox 1277 670 1352 708; x_wconf 85' lang='lat' dir='ltr'><strong>pro</strong></span> <span class='ocrx_word' id='word_1_78' title='bbox 1368 656 1413 698; x_wconf 82' lang='grc' dir='ltr'><strong>ἐν</strong></span> <span class='ocrx_word' id='word_1_79' title='bbox 1431 657 1540 709; x_wconf 88' lang='lat' dir='ltr'><strong>poni.</strong></span> 
     </span>
    </p>
   </div>
   <div class='ocr_carea' id='block_1_5' title="bbox 84 717 1542 830">
    <p class='ocr_par' dir='ltr' id='par_1_5' title="bbox 84 717 1542 830">
     <span class='ocr_line' id='line_1_10' title="bbox 200 717 1542 775; baseline 0.001 -14"><span class='ocrx_word' id='word_1_80' title='bbox 200 723 295 774; x_wconf 76' lang='lat' dir='ltr'><strong>Pag.</strong></span> <span class='ocrx_word' id='word_1_81' title='bbox 325 724 421 764; x_wconf 79' lang='lat'><strong>379.</strong></span> <span class='ocrx_word' id='word_1_82' title='bbox 453 724 518 763; x_wconf 91' lang='lat'><strong>10.</strong></span> <span class='ocrx_word' id='word_1_83' title='bbox 547 718 619 762; x_wconf 74' lang='grc' dir='ltr'><strong>τόν</strong></span> <span class='ocrx_word' id='word_1_84' title='bbox 637 717 757 763; x_wconf 86' lang='grc' dir='ltr'><strong><em>αυτὸν</em></strong></span> <span class='ocrx_word' id='word_1_85' title='bbox 772 718 1020 775; x_wconf 77' lang='grc' dir='ltr'><strong>Αρμᾶτιον.]</strong></span> <span class='ocrx_word' id='word_1_86' title='bbox 1052 723 1235 762; x_wconf 83' lang='lat' dir='ltr'><strong>Armatus</strong></span> <span class='ocrx_word' id='word_1_87' title='bbox 1254 724 1349 775; x_wconf 88' lang='lat' dir='ltr'><strong>iste,</strong></span> <span class='ocrx_word' id='word_1_88' title='bbox 1382 731 1421 763; x_wconf 83' lang='lat' dir='ltr'><strong>et</strong></span> <span class='ocrx_word' id='word_1_89' title='bbox 1443 726 1542 764; x_wconf 88' lang='lat' dir='ltr'><strong>Har-</strong></span> 
     </span>
     <span class='ocr_line' id='line_1_11' title="bbox 84 777 949 830; baseline 0.003 -14"><span class='ocrx_word' id='word_1_90' title='bbox 84 777 250 827; x_wconf 79' lang='lat' dir='ltr'><strong>matius,</strong></span> <span class='ocrx_word' id='word_1_91' title='bbox 279 791 302 816; x_wconf 84' lang='lat' dir='ltr'><strong>a</strong></span> <span class='ocrx_word' id='word_1_92' title='bbox 318 777 587 830; x_wconf 79' lang='lat' dir='ltr'><strong>Scriptoribus</strong></span> <span class='ocrx_word' id='word_1_93' title='bbox 601 779 713 817; x_wconf 88' lang='lat' dir='ltr'><strong>varie</strong></span> <span class='ocrx_word' id='word_1_94' title='bbox 732 779 861 818; x_wconf 89' lang='lat' dir='ltr'><strong>dictus</strong></span> <span class='ocrx_word' id='word_1_95' title='bbox 881 785 949 820; x_wconf 88' lang='lat' dir='ltr'><strong>est.</strong></span> 
     </span>
    </p>
   </div>
   <div class='ocr_carea' id='block_1_6' title="bbox 81 844 1544 1408">
    <p class='ocr_par' dir='ltr' id='par_1_6' title="bbox 81 844 1544 1234">
     <span class='ocr_line' id='line_1_12' title="bbox 200 844 1540 900; baseline 0.001 -15"><span class='ocrx_word' id='word_1_96' title='bbox 200 847 296 898; x_wconf 70' lang='lat' dir='ltr'><strong>Peg.</strong></span> <span class='ocrx_word' id='word_1_97' title='bbox 325 847 424 887; x_wconf 87' lang='lat'><strong>380.</strong></span> <span class='ocrx_word' id='word_1_98' title='bbox 454 845 492 887; x_wconf 89' lang='lat'><strong>4.</strong></span> <span class='ocrx_word' id='word_1_99' title='bbox 531 844 617 885; x_wconf 84' lang='grc' dir='ltr'><strong>Επὶ</strong></span> <span class='ocrx_word' id='word_1_100' title='bbox 643 847 715 897; x_wconf 82' lang='grc' dir='ltr'><strong>τῆς</strong></span> <span class='ocrx_word' id='word_1_101' title='bbox 742 844 934 893; x_wconf 69' lang='grc' dir='ltr'><strong><em>ὑπατείας</em></strong></span> <span class='ocrx_word' id='word_1_102' title='bbox 959 846 1232 900; x_wconf 80' lang='grc' dir='ltr'><strong>Θευδερίχου.]</strong></span> <span class='ocrx_word' id='word_1_103' title='bbox 1265 847 1372 887; x_wconf 86' lang='lat' dir='ltr'><strong>Nihil</strong></span> <span class='ocrx_word' id='word_1_104' title='bbox 1390 849 1540 888; x_wconf 89' lang='lat' dir='ltr'><strong>minus:</strong></span> 
     </span>
     <span class='ocr_line' id='line_1_13' title="bbox 85 900 1544 954; baseline 0.003 -14"><span class='ocrx_word' id='word_1_105' title='bbox 85 901 191 940; x_wconf 83' lang='lat' dir='ltr'><strong>Zeno</strong></span> <span class='ocrx_word' id='word_1_106' title='bbox 210 903 311 940; x_wconf 87' lang='lat' dir='ltr'><strong>enim</strong></span> <span class='ocrx_word' id='word_1_107' title='bbox 333 900 385 939; x_wconf 84' lang='lat' dir='ltr'><strong>ad</strong></span> <span class='ocrx_word' id='word_1_108' title='bbox 406 901 787 954; x_wconf 81' lang='lat' dir='ltr'><strong>Constantinopolim</strong></span> <span class='ocrx_word' id='word_1_109' title='bbox 808 916 991 942; x_wconf 89' lang='lat' dir='ltr'><strong>reversus</strong></span> <span class='ocrx_word' id='word_1_110' title='bbox 1011 909 1087 952; x_wconf 84' lang='lat' dir='ltr'><strong>est,</strong></span> <span class='ocrx_word' id='word_1_111' title='bbox 1116 904 1178 942; x_wconf 90' lang='lat' dir='ltr'><strong>vel</strong></span> <span class='ocrx_word' id='word_1_112' title='bbox 1197 904 1387 944; x_wconf 87' lang='lat' dir='ltr'><strong>Basilisco</strong></span> <span class='ocrx_word' id='word_1_113' title='bbox 1406 912 1446 944; x_wconf 89' lang='lat' dir='ltr'><strong>et</strong></span> <span class='ocrx_word' id='word_1_114' title='bbox 1468 905 1544 945; x_wconf 81' lang='lat' dir='ltr'><strong>Ar-</strong></span> 
     </span>
     <span class='ocr_line' id='line_1_14' title="bbox 83 958 1542 1011; baseline 0.003 -15"><span class='ocrx_word' id='word_1_115' title='bbox 83 963 191 996; x_wconf 85' lang='lat' dir='ltr'><strong>mate</strong></span> <span class='ocrx_word' id='word_1_116' title='bbox 212 958 322 998; x_wconf 88' lang='lat' dir='ltr'><strong>Coss.</strong></span> <span class='ocrx_word' id='word_1_117' title='bbox 341 958 408 997; x_wconf 85' lang='lat' dir='ltr'><strong>vel</strong></span> <span class='ocrx_word' id='word_1_118' title='bbox 433 971 535 997; x_wconf 89' lang='lat' dir='ltr'><strong>anno</strong></span> <span class='ocrx_word' id='word_1_119' title='bbox 560 964 771 1010; x_wconf 88' lang='lat' dir='ltr'><strong>sequente,</strong></span> <span class='ocrx_word' id='word_1_120' title='bbox 802 972 881 1011; x_wconf 87' lang='lat' dir='ltr'><strong>quo</strong></span> <span class='ocrx_word' id='word_1_121' title='bbox 912 959 975 997; x_wconf 88' lang='lat' dir='ltr'><strong>vel</strong></span> <span class='ocrx_word' id='word_1_122' title='bbox 1000 958 1100 998; x_wconf 91' lang='lat' dir='ltr'><strong>nulli</strong></span> <span class='ocrx_word' id='word_1_123' title='bbox 1129 967 1239 999; x_wconf 87' lang='lat' dir='ltr'><strong>erant</strong></span> <span class='ocrx_word' id='word_1_124' title='bbox 1257 961 1465 1011; x_wconf 81' lang='lat' dir='ltr'><strong>Consules,</strong></span> <span class='ocrx_word' id='word_1_125' title='bbox 1495 967 1542 1000; x_wconf 85' lang='lat' dir='ltr'><strong>ut</strong></span> 
     </span>
     <span class='ocr_line' id='line_1_15' title="bbox 83 1013 1542 1068; baseline 0.001 -14"><span class='ocrx_word' id='word_1_126' title='bbox 83 1013 337 1054; x_wconf 81' lang='lat' dir='ltr'><strong>Marcellinus</strong></span> <span class='ocrx_word' id='word_1_127' title='bbox 358 1014 519 1064; x_wconf 89' lang='lat' dir='ltr'><strong>Comes,</strong></span> <span class='ocrx_word' id='word_1_128' title='bbox 547 1014 613 1053; x_wconf 87' lang='lat' dir='ltr'><strong>vel</strong></span> <span class='ocrx_word' id='word_1_129' title='bbox 633 1014 817 1054; x_wconf 79' lang='lat' dir='ltr'><strong>Armatus</strong></span> <span class='ocrx_word' id='word_1_130' title='bbox 835 1015 943 1054; x_wconf 91' lang='lat' dir='ltr'><strong>solus</strong></span> <span class='ocrx_word' id='word_1_131' title='bbox 963 1016 1218 1054; x_wconf 85' lang='lat' dir='ltr'><strong>Consulatum</strong></span> <span class='ocrx_word' id='word_1_132' title='bbox 1239 1019 1377 1068; x_wconf 82' lang='lat' dir='ltr'><strong>gessit,</strong></span> <span class='ocrx_word' id='word_1_133' title='bbox 1407 1024 1452 1056; x_wconf 89' lang='lat' dir='ltr'><strong>ut</strong></span> <span class='ocrx_word' id='word_1_134' title='bbox 1468 1017 1542 1056; x_wconf 87' lang='lat' dir='ltr'><strong>Vi-</strong></span> 
     </span>
     <span class='ocr_line' id='line_1_16' title="bbox 84 1069 1540 1124; baseline 0.002 -15"><span class='ocrx_word' id='word_1_135' title='bbox 84 1077 173 1109; x_wconf 87' lang='lat' dir='ltr'><strong>ctor</strong></span> <span class='ocrx_word' id='word_1_136' title='bbox 194 1070 298 1119; x_wconf 81' lang='lat' dir='ltr'><strong>vult3</strong></span> <span class='ocrx_word' id='word_1_137' title='bbox 327 1083 450 1123; x_wconf 88' lang='lat' dir='ltr'><strong>quum</strong></span> <span class='ocrx_word' id='word_1_138' title='bbox 475 1069 745 1110; x_wconf 84' lang='lat' dir='ltr'><strong>Theodericus</strong></span> <span class='ocrx_word' id='word_1_139' title='bbox 771 1085 852 1110; x_wconf 90' lang='lat' dir='ltr'><strong>non</strong></span> <span class='ocrx_word' id='word_1_140' title='bbox 884 1077 972 1110; x_wconf 89' lang='lat' dir='ltr'><strong>ante</strong></span> <span class='ocrx_word' id='word_1_141' title='bbox 999 1073 1207 1124; x_wconf 88' lang='lat' dir='ltr'><strong>septimum</strong></span> <span class='ocrx_word' id='word_1_142' title='bbox 1233 1072 1444 1124; x_wconf 81' lang='lat' dir='ltr'><strong>posthaec,</strong></span> <span class='ocrx_word' id='word_1_143' title='bbox 1474 1074 1540 1112; x_wconf 89' lang='lat' dir='ltr'><strong>vel</strong></span> 
     </span>
     <span class='ocr_line' id='line_1_17' title="bbox 84 1127 1539 1181; baseline 0.003 -16"><span class='ocrx_word' id='word_1_144' title='bbox 84 1132 271 1166; x_wconf 84' lang='lat' dir='ltr'><strong>octavum</strong></span> <span class='ocrx_word' id='word_1_145' title='bbox 295 1140 439 1166; x_wconf 89' lang='lat' dir='ltr'><strong>annum</strong></span> <span class='ocrx_word' id='word_1_146' title='bbox 461 1127 512 1166; x_wconf 83' lang='lat' dir='ltr'><strong>ad</strong></span> <span class='ocrx_word' id='word_1_147' title='bbox 530 1127 787 1166; x_wconf 89' lang='lat' dir='ltr'><strong>Consulatum</strong></span> <span class='ocrx_word' id='word_1_148' title='bbox 804 1134 1023 1181; x_wconf 88' lang='lat' dir='ltr'><strong>provectus</strong></span> <span class='ocrx_word' id='word_1_149' title='bbox 1038 1129 1169 1171; x_wconf 83' lang='lat' dir='ltr'><strong>fuerit.</strong></span> <span class='ocrx_word' id='word_1_150' title='bbox 1199 1129 1299 1169; x_wconf 88' lang='lat' dir='ltr'><strong>Vide</strong></span> <span class='ocrx_word' id='word_1_151' title='bbox 1317 1129 1405 1168; x_wconf 89' lang='lat' dir='ltr'><strong>Chr.</strong></span> <span class='ocrx_word' id='word_1_152' title='bbox 1425 1130 1539 1171; x_wconf 85' lang='lat' dir='ltr'><strong>Alex.</strong></span> 
     </span>
     <span class='ocr_line' id='line_1_18' title="bbox 81 1183 678 1234; baseline 0.002 -12"><span class='ocrx_word' id='word_1_153' title='bbox 81 1183 304 1234; x_wconf 82' lang='lat' dir='ltr'><strong>Victorem,</strong></span> <span class='ocrx_word' id='word_1_154' title='bbox 335 1190 375 1223; x_wconf 90' lang='lat' dir='ltr'><strong>et</strong></span> <span class='ocrx_word' id='word_1_155' title='bbox 395 1183 678 1224; x_wconf 87' lang='lat' dir='ltr'><strong>Marcellinum.</strong></span> 
     </span>
    </p>

    <p class='ocr_par' dir='ltr' id='par_1_7' title="bbox 82 1234 1537 1408">
     <span class='ocr_line' id='line_1_19' title="bbox 195 1234 1537 1294; baseline -0.001 -14"><span class='ocrx_word' id='word_1_156' title='bbox 195 1239 298 1294; x_wconf 70' lang='lat' dir='ltr'><strong>Peg.</strong></span> <span class='ocrx_word' id='word_1_157' title='bbox 332 1234 425 1284; x_wconf 74' lang='lat'><strong>¹880.</strong></span> <span class='ocrx_word' id='word_1_158' title='bbox 457 1243 522 1284; x_wconf 88' lang='grc'><strong>13.</strong></span> <span class='ocrx_word' id='word_1_159' title='bbox 552 1239 620 1281; x_wconf 85' lang='grc' dir='ltr'><strong>καὶ</strong></span> <span class='ocrx_word' id='word_1_160' title='bbox 648 1236 868 1294; x_wconf 76' lang='grc' dir='ltr'><strong><em>ἄνεχρίσθη</em></strong></span> <span class='ocrx_word' id='word_1_161' title='bbox 895 1239 926 1292; x_wconf 76' lang='grc' dir='ltr'><em>ἦ</em></span> <span class='ocrx_word' id='word_1_162' title='bbox 948 1236 1104 1294; x_wconf 54' lang='grc' dir='ltr'>θύρα]</span> <span class='ocrx_word' id='word_1_163' title='bbox 1135 1236 1313 1294; x_wconf 78' lang='grc' dir='ltr'><strong><em>α’ναχρίω</em></strong></span> <span class='ocrx_word' id='word_1_164' title='bbox 1346 1239 1537 1280; x_wconf 87' lang='lat' dir='ltr'><strong>hocloco</strong></span> 
     </span>
     <span class='ocr_line' id='line_1_20' title="bbox 82 1295 1537 1349; baseline 0.003 -14"><span class='ocrx_word' id='word_1_165' title='bbox 82 1309 191 1336; x_wconf 83' lang='lat' dir='ltr'><strong>novo</strong></span> <span class='ocrx_word' id='word_1_166' title='bbox 217 1297 333 1349; x_wconf 87' lang='lat' dir='ltr'><strong>plane</strong></span> <span class='ocrx_word' id='word_1_167' title='bbox 358 1310 477 1335; x_wconf 87' lang='lat' dir='ltr'><strong>sensu</strong></span> <span class='ocrx_word' id='word_1_168' title='bbox 502 1296 719 1349; x_wconf 86' lang='lat' dir='ltr'><strong>accipitur,</strong></span> <span class='ocrx_word' id='word_1_169' title='bbox 748 1310 845 1349; x_wconf 90' lang='lat' dir='ltr'><strong>pro,</strong></span> <span class='ocrx_word' id='word_1_170' title='bbox 876 1295 1041 1337; x_wconf 77' lang='lat' dir='ltr'><strong>obturo:</strong></span> <span class='ocrx_word' id='word_1_171' title='bbox 1071 1310 1150 1348; x_wconf 89' lang='lat' dir='ltr'><strong>quo</strong></span> <span class='ocrx_word' id='word_1_172' title='bbox 1181 1298 1299 1337; x_wconf 88' lang='lat' dir='ltr'><strong>etiam</strong></span> <span class='ocrx_word' id='word_1_173' title='bbox 1325 1297 1445 1337; x_wconf 85' lang='lat' dir='ltr'><strong>modo</strong></span> <span class='ocrx_word' id='word_1_174' title='bbox 1462 1315 1537 1340; x_wconf 86' lang='grc' dir='ltr'><strong>πα-</strong></span> 
     </span>
     <span class='ocr_line' id='line_1_21' title="bbox 85 1352 1236 1408; baseline -0.003 -13"><span class='ocrx_word' id='word_1_175' title='bbox 85 1353 234 1408; x_wconf 84' lang='grc' dir='ltr'><strong><em>ραχρίω</em></strong></span> <span class='ocrx_word' id='word_1_176' title='bbox 251 1353 349 1393; x_wconf 85' lang='lat' dir='ltr'><strong>fere.</strong></span> <span class='ocrx_word' id='word_1_177' title='bbox 353 1359 572 1406; x_wconf 85' lang='lat' dir='ltr'><strong>usurpatur</strong></span> <span class='ocrx_word' id='word_1_178' title='bbox 589 1368 612 1392; x_wconf 89' lang='lat' dir='ltr'><strong>a</strong></span> <span class='ocrx_word' id='word_1_179' title='bbox 626 1353 685 1391; x_wconf 82' lang='lat' dir='ltr'><strong>Jo.</strong></span> <span class='ocrx_word' id='word_1_180' title='bbox 705 1353 845 1391; x_wconf 85' lang='lat' dir='ltr'><strong>Tzetze</strong></span> <span class='ocrx_word' id='word_1_181' title='bbox 866 1352 1142 1395; x_wconf 82' lang='lat' dir='ltr'><strong>chi1.1.Hist.</strong></span> <span class='ocrx_word' id='word_1_182' title='bbox 1170 1354 1236 1397; x_wconf 85' lang='lat'><strong>14.</strong></span> 
     </span>
    </p>
   </div>
   <div class='ocr_carea' id='block_1_7' title="bbox 300 1417 1321 1533">
    <p class='ocr_par' dir='ltr' id='par_1_8' title="bbox 300 1417 1321 1531">
     <span class='ocr_line' id='line_1_22' title="bbox 300 1417 1321 1491; baseline -0.001 -29"><span class='ocrx_word' id='word_1_183' title='bbox 300 1417 450 1462; x_wconf 83' lang='grc' dir='ltr'><strong><em>Μόνον</em></strong></span> <span class='ocrx_word' id='word_1_184' title='bbox 468 1419 511 1462; x_wconf 83' lang='grc' dir='ltr'><strong>δὲ</strong></span> <span class='ocrx_word' id='word_1_185' title='bbox 526 1419 671 1470; x_wconf 82' lang='grc' dir='ltr'><strong><em>ταύτας</em></strong></span> <span class='ocrx_word' id='word_1_186' title='bbox 687 1423 903 1491; x_wconf 79' lang='grc' dir='ltr'><strong><em>παρελθεῖν</em></strong></span> <span class='ocrx_word' id='word_1_187' title='bbox 920 1420 1021 1472; x_wconf 87' lang='grc' dir='ltr'><strong>φασὶ</strong></span> <span class='ocrx_word' id='word_1_188' title='bbox 1039 1418 1107 1462; x_wconf 87' lang='grc' dir='ltr'><strong>τὸν</strong></span> <span class='ocrx_word' id='word_1_189' title='bbox 1131 1419 1321 1471; x_wconf 82' lang='grc' dir='ltr'><em>Οδυσσὲα,</em></span> 
     </span>
     <span class='ocr_line' id='line_1_23' title="bbox 301 1473 1294 1533; baseline -0.002 -14"><span class='ocrx_word' id='word_1_190' title='bbox 301 1473 429 1533; x_wconf 82' lang='grc' dir='ltr'><strong><em>Κήρω</em></strong></span> <span class='ocrx_word' id='word_1_191' title='bbox 447 1475 520 1531; x_wconf 80' lang='grc' dir='ltr'><strong>μὲν</strong></span> <span class='ocrx_word' id='word_1_192' title='bbox 535 1478 828 1531; x_wconf 83' lang='grc' dir='ltr'><strong><em>παραχρίσαντα</em></strong></span> <span class='ocrx_word' id='word_1_193' title='bbox 848 1474 895 1517; x_wconf 73' lang='grc' dir='ltr'><strong>τοὶ</strong></span> <span class='ocrx_word' id='word_1_194' title='bbox 913 1492 994 1518; x_wconf 85' lang='grc' dir='ltr'><strong>των</strong></span> <span class='ocrx_word' id='word_1_195' title='bbox 1012 1476 1180 1531; x_wconf 80' lang='grc' dir='ltr'><strong><em>ἑταίρων</em></strong></span> <span class='ocrx_word' id='word_1_196' title='bbox 1202 1493 1294 1518; x_wconf 85' lang='grc' dir='ltr'><strong>ωτα.</strong></span> 
     </span>
    </p>
   </div>
   <div class='ocr_carea' id='block_1_8' title="bbox 81 1539 1540 2879">
    <p class='ocr_par' dir='ltr' id='par_1_9' title="bbox 82 1539 1540 1933">
     <span class='ocr_line' id='line_1_24' title="bbox 193 1539 1540 1597; baseline -0.006 -8"><span class='ocrx_word' id='word_1_197' title='bbox 193 1546 298 1597; x_wconf 75' lang='lat' dir='ltr'>Pssg·</span> <span class='ocrx_word' id='word_1_198' title='bbox 330 1548 424 1588; x_wconf 83' lang='grc'><strong>880.</strong></span> <span class='ocrx_word' id='word_1_199' title='bbox 455 1549 524 1589; x_wconf 84' lang='lat'><strong>23.</strong></span> <span class='ocrx_word' id='word_1_200' title='bbox 554 1546 632 1593; x_wconf 84' lang='grc' dir='ltr'><strong>Εἰς</strong></span> <span class='ocrx_word' id='word_1_201' title='bbox 657 1540 840 1596; x_wconf 77' lang='grc' dir='ltr'><strong><em>Εὕχαϊτοι</em></strong></span> <span class='ocrx_word' id='word_1_202' title='bbox 868 1544 924 1591; x_wconf 85' lang='grc' dir='ltr'><strong>εἷς</strong></span> <span class='ocrx_word' id='word_1_203' title='bbox 955 1541 1029 1595; x_wconf 83' lang='grc' dir='ltr'><strong>τὴν</strong></span> <span class='ocrx_word' id='word_1_204' title='bbox 1046 1539 1266 1595; x_wconf 80' lang='grc' dir='ltr'><strong><em>Ποντικήν.</em></strong></span> <span class='ocrx_word' id='word_1_205' title='bbox 1276 1542 1292 1595; x_wconf 95' lang='grc'>]</span> <span class='ocrx_word' id='word_1_206' title='bbox 1321 1542 1423 1581; x_wconf 77' lang='lat' dir='ltr'><strong>Urbs</strong></span> <span class='ocrx_word' id='word_1_207' title='bbox 1442 1541 1540 1581; x_wconf 84' lang='lat' dir='ltr'><strong>haec</strong></span> 
     </span>
     <span class='ocr_line' id='line_1_25' title="bbox 83 1598 1538 1654; baseline -0.002 -15"><span class='ocrx_word' id='word_1_208' title='bbox 83 1600 194 1639; x_wconf 84' lang='lat' dir='ltr'><strong>varie</strong></span> <span class='ocrx_word' id='word_1_209' title='bbox 222 1601 331 1640; x_wconf 83' lang='lat' dir='ltr'><strong>dicta</strong></span> <span class='ocrx_word' id='word_1_210' title='bbox 357 1607 434 1649; x_wconf 84' lang='lat' dir='ltr'><strong>est,</strong></span> <span class='ocrx_word' id='word_1_211' title='bbox 477 1618 526 1642; x_wconf 87' lang='grc' dir='ltr'><strong>τα</strong></span> <span class='ocrx_word' id='word_1_212' title='bbox 555 1598 754 1654; x_wconf 77' lang='grc' dir='ltr'><strong>Εὕχαϊτα.</strong></span> <span class='ocrx_word' id='word_1_213' title='bbox 785 1608 830 1639; x_wconf 87' lang='lat' dir='ltr'><strong>ut</strong></span> <span class='ocrx_word' id='word_1_214' title='bbox 857 1600 937 1637; x_wconf 86' lang='lat' dir='ltr'><strong>hoc</strong></span> <span class='ocrx_word' id='word_1_215' title='bbox 969 1601 1076 1646; x_wconf 86' lang='lat' dir='ltr'><strong>loco,</strong></span> <span class='ocrx_word' id='word_1_216' title='bbox 1107 1607 1145 1637; x_wconf 91' lang='lat' dir='ltr'><strong>et</strong></span> <span class='ocrx_word' id='word_1_217' title='bbox 1167 1599 1275 1651; x_wconf 87' lang='lat' dir='ltr'><strong>apud</strong></span> <span class='ocrx_word' id='word_1_218' title='bbox 1297 1599 1398 1637; x_wconf 81' lang='lat' dir='ltr'><strong>ced1</strong></span> <span class='ocrx_word' id='word_1_219' title='bbox 1401 1612 1538 1638; x_wconf 86' lang='lat' dir='ltr'><strong>enum</strong></span> 
     </span>
     <span class='ocr_line' id='line_1_26' title="bbox 83 1653 1539 1709; baseline -0.003 -12"><span class='ocrx_word' id='word_1_220' title='bbox 83 1672 111 1708; x_wconf 78' lang='grc' dir='ltr'><strong><em>η</em></strong></span> <span class='ocrx_word' id='word_1_221' title='bbox 131 1653 329 1706; x_wconf 82' lang='grc' dir='ltr'><strong><em>Ευχαΐτα,</em></strong></span> <span class='ocrx_word' id='word_1_222' title='bbox 360 1663 399 1695; x_wconf 89' lang='lat' dir='ltr'><strong>et</strong></span> <span class='ocrx_word' id='word_1_223' title='bbox 419 1653 602 1709; x_wconf 78' lang='grc' dir='ltr'><strong><em>Ευχάνια</em></strong></span> <span class='ocrx_word' id='word_1_224' title='bbox 623 1658 739 1696; x_wconf 88' lang='lat' dir='ltr'><strong>etiam</strong></span> <span class='ocrx_word' id='word_1_225' title='bbox 769 1656 933 1706; x_wconf 87' lang='lat' dir='ltr'><strong>legitur,</strong></span> <span class='ocrx_word' id='word_1_226' title='bbox 964 1655 1070 1706; x_wconf 87' lang='lat' dir='ltr'><strong>apud</strong></span> <span class='ocrx_word' id='word_1_227' title='bbox 1095 1656 1300 1695; x_wconf 87' lang='lat' dir='ltr'><strong>Zonaram.</strong></span> <span class='ocrx_word' id='word_1_228' title='bbox 1357 1654 1539 1693; x_wconf 84' lang='lat' dir='ltr'><strong>Theodo-</strong></span> 
     </span>
     <span class='ocr_line' id='line_1_27' title="bbox 83 1711 1539 1764; baseline -0.001 -14"><span class='ocrx_word' id='word_1_229' title='bbox 83 1712 238 1764; x_wconf 74' lang='lat' dir='ltr'><strong>iopolis</strong></span> <span class='ocrx_word' id='word_1_230' title='bbox 258 1719 386 1751; x_wconf 83' lang='lat' dir='ltr'><strong>autem</strong></span> <span class='ocrx_word' id='word_1_231' title='bbox 406 1714 483 1752; x_wconf 87' lang='lat' dir='ltr'><strong>alio</strong></span> <span class='ocrx_word' id='word_1_232' title='bbox 503 1714 661 1751; x_wconf 89' lang='lat' dir='ltr'><strong>nomine</strong></span> <span class='ocrx_word' id='word_1_233' title='bbox 682 1712 867 1762; x_wconf 84' lang='lat' dir='ltr'><strong>deinceps</strong></span> <span class='ocrx_word' id='word_1_234' title='bbox 887 1717 1028 1749; x_wconf 84' lang='lat' dir='ltr'><strong>vocata</strong></span> <span class='ocrx_word' id='word_1_235' title='bbox 1050 1717 1130 1759; x_wconf 88' lang='lat' dir='ltr'><strong>est,</strong></span> <span class='ocrx_word' id='word_1_236' title='bbox 1159 1711 1221 1750; x_wconf 90' lang='lat' dir='ltr'><strong>uti</strong></span> <span class='ocrx_word' id='word_1_237' title='bbox 1247 1711 1348 1748; x_wconf 87' lang='lat' dir='ltr'><strong>idem</strong></span> <span class='ocrx_word' id='word_1_238' title='bbox 1371 1717 1539 1749; x_wconf 86' lang='lat' dir='ltr'><strong>testatur</strong></span> 
     </span>
     <span class='ocr_line' id='line_1_28' title="bbox 84 1767 1537 1811; baseline -0.002 -4"><span class='ocrx_word' id='word_1_239' title='bbox 84 1770 194 1808; x_wconf 82' lang='lat' dir='ltr'><strong>Tum.</strong></span> <span class='ocrx_word' id='word_1_240' title='bbox 215 1769 281 1811; x_wconf 82' lang='lat'><strong>2.</strong></span> <span class='ocrx_word' id='word_1_241' title='bbox 269 1783 312 1807; x_wconf 88' lang='lat' dir='ltr'><strong>m</strong></span> <span class='ocrx_word' id='word_1_242' title='bbox 327 1769 473 1808; x_wconf 83' lang='lat' dir='ltr'><strong>Joanne</strong></span> <span class='ocrx_word' id='word_1_243' title='bbox 505 1770 681 1808; x_wconf 85' lang='lat' dir='ltr'><strong>Zimisca.</strong></span> <span class='ocrx_word' id='word_1_244' title='bbox 750 1769 956 1806; x_wconf 87' lang='lat' dir='ltr'><strong>Caeterum</strong></span> <span class='ocrx_word' id='word_1_245' title='bbox 986 1767 1184 1805; x_wconf 85' lang='lat' dir='ltr'><strong>Cedrenus</strong></span> <span class='ocrx_word' id='word_1_246' title='bbox 1216 1768 1376 1805; x_wconf 90' lang='lat' dir='ltr'><strong>Petrum</strong></span> <span class='ocrx_word' id='word_1_247' title='bbox 1401 1768 1537 1805; x_wconf 86' lang='lat' dir='ltr'><strong>Fullo-</strong></span> 
     </span>
     <span class='ocr_line' id='line_1_29' title="bbox 82 1823 1538 1877; baseline -0.001 -14"><span class='ocrx_word' id='word_1_248' title='bbox 82 1839 171 1864; x_wconf 89' lang='lat' dir='ltr'><strong>nem</strong></span> <span class='ocrx_word' id='word_1_249' title='bbox 190 1840 213 1863; x_wconf 86' lang='lat' dir='ltr'><strong>a</strong></span> <span class='ocrx_word' id='word_1_250' title='bbox 230 1825 385 1864; x_wconf 88' lang='lat' dir='ltr'><strong>Zenone</strong></span> <span class='ocrx_word' id='word_1_251' title='bbox 403 1827 443 1863; x_wconf 89' lang='lat' dir='ltr'><strong>in</strong></span> <span class='ocrx_word' id='word_1_252' title='bbox 464 1826 601 1877; x_wconf 85' lang='lat' dir='ltr'><strong>Pityos</strong></span> <span class='ocrx_word' id='word_1_253' title='bbox 622 1825 852 1874; x_wconf 87' lang='lat' dir='ltr'><strong>relegatum,</strong></span> <span class='ocrx_word' id='word_1_254' title='bbox 882 1824 933 1863; x_wconf 85' lang='lat' dir='ltr'><strong>ad</strong></span> <span class='ocrx_word' id='word_1_255' title='bbox 957 1825 995 1862; x_wconf 88' lang='lat' dir='ltr'><strong>S.</strong></span> <span class='ocrx_word' id='word_1_256' title='bbox 1015 1823 1265 1863; x_wconf 85' lang='lat' dir='ltr'><strong>Theodorum</strong></span> <span class='ocrx_word' id='word_1_257' title='bbox 1285 1837 1380 1863; x_wconf 89' lang='lat' dir='ltr'><strong>vero</strong></span> <span class='ocrx_word' id='word_1_258' title='bbox 1400 1823 1442 1861; x_wconf 90' lang='lat' dir='ltr'><strong>in</strong></span> <span class='ocrx_word' id='word_1_259' title='bbox 1461 1825 1538 1862; x_wconf 88' lang='lat' dir='ltr'><strong>Eu-</strong></span> 
     </span>
     <span class='ocr_line' id='line_1_30' title="bbox 85 1880 756 1933; baseline 0 -13"><span class='ocrx_word' id='word_1_260' title='bbox 85 1880 227 1920; x_wconf 75' lang='lat' dir='ltr'><strong>chaitis</strong></span> <span class='ocrx_word' id='word_1_261' title='bbox 249 1882 347 1920; x_wconf 83' lang='lat' dir='ltr'><strong>clam</strong></span> <span class='ocrx_word' id='word_1_262' title='bbox 365 1882 582 1933; x_wconf 86' lang='lat' dir='ltr'><strong>confugisse</strong></span> <span class='ocrx_word' id='word_1_263' title='bbox 603 1881 756 1920; x_wconf 83' lang='lat' dir='ltr'><strong>asserit.</strong></span> 
     </span>
    </p>

    <p class='ocr_par' dir='ltr' id='par_1_10' title="bbox 81 1934 1538 2259">
     <span class='ocr_line' id='line_1_31' title="bbox 194 1934 1538 1990; baseline -0.006 -10"><span class='ocrx_word' id='word_1_264' title='bbox 194 1936 291 1990; x_wconf 68' lang='lat' dir='ltr'><strong>Peg.</strong></span> <span class='ocrx_word' id='word_1_265' title='bbox 329 1941 424 1981; x_wconf 87' lang='lat'><strong>381.</strong></span> <span class='ocrx_word' id='word_1_266' title='bbox 453 1943 490 1981; x_wconf 85' lang='grc'><strong>2-</strong></span> <span class='ocrx_word' id='word_1_267' title='bbox 517 1934 670 1990; x_wconf 61' lang='grc' dir='ltr'><em>ἐσφάγη</em></span> <span class='ocrx_word' id='word_1_268' title='bbox 700 1936 724 1977; x_wconf 86' lang='grc' dir='ltr'>ὁ</span> <span class='ocrx_word' id='word_1_269' title='bbox 748 1935 962 1983; x_wconf 79' lang='grc' dir='ltr'><strong><em>ἐπίσκοπος</em></strong></span> <span class='ocrx_word' id='word_1_270' title='bbox 980 1934 1221 1987; x_wconf 79' lang='grc' dir='ltr'><strong><em>Στέφανος.]</em></strong></span> <span class='ocrx_word' id='word_1_271' title='bbox 1251 1935 1395 1974; x_wconf 84' lang='lat' dir='ltr'><strong>Eadem</strong></span> <span class='ocrx_word' id='word_1_272' title='bbox 1414 1935 1538 1973; x_wconf 84' lang='lat' dir='ltr'><strong>refert</strong></span> 
     </span>
     <span class='ocr_line' id='line_1_32' title="bbox 81 1992 1535 2046; baseline -0.004 -12"><span class='ocrx_word' id='word_1_273' title='bbox 81 1995 296 2045; x_wconf 82' lang='lat' dir='ltr'><strong>Evagrius,</strong></span> <span class='ocrx_word' id='word_1_274' title='bbox 326 2001 366 2033; x_wconf 92' lang='lat' dir='ltr'><strong>et</strong></span> <span class='ocrx_word' id='word_1_275' title='bbox 385 2008 434 2032; x_wconf 80' lang='lat' dir='ltr'><strong>ex</strong></span> <span class='ocrx_word' id='word_1_276' title='bbox 460 2007 505 2033; x_wconf 90' lang='lat' dir='ltr'><strong>eo</strong></span> <span class='ocrx_word' id='word_1_277' title='bbox 529 1993 795 2046; x_wconf 80' lang='lat' dir='ltr'><strong>Nicephoru83</strong></span> <span class='ocrx_word' id='word_1_278' title='bbox 824 1993 900 2031; x_wconf 82' lang='lat' dir='ltr'><strong>nisi</strong></span> <span class='ocrx_word' id='word_1_279' title='bbox 931 1992 1058 2044; x_wconf 85' lang='lat' dir='ltr'><strong>quod,</strong></span> <span class='ocrx_word' id='word_1_280' title='bbox 1088 1993 1158 2032; x_wconf 90' lang='lat' dir='ltr'><strong>ubi</strong></span> <span class='ocrx_word' id='word_1_281' title='bbox 1185 1993 1328 2031; x_wconf 87' lang='lat' dir='ltr'><strong>Noster</strong></span> <span class='ocrx_word' id='word_1_282' title='bbox 1357 2007 1379 2029; x_wconf 86' lang='lat' dir='ltr'><strong>a</strong></span> <span class='ocrx_word' id='word_1_283' title='bbox 1408 1992 1535 2039; x_wconf 88' lang='lat' dir='ltr'><strong>Clero,</strong></span> 
     </span>
     <span class='ocr_line' id='line_1_33' title="bbox 82 2048 1536 2103; baseline -0.003 -15"><span class='ocrx_word' id='word_1_284' title='bbox 82 2051 181 2089; x_wconf 85' lang='lat' dir='ltr'><strong>illia</strong></span> <span class='ocrx_word' id='word_1_285' title='bbox 203 2051 354 2102; x_wconf 89' lang='lat' dir='ltr'><strong>populo</strong></span> <span class='ocrx_word' id='word_1_286' title='bbox 379 2050 624 2089; x_wconf 86' lang='lat' dir='ltr'><strong>Antiocheno</strong></span> <span class='ocrx_word' id='word_1_287' title='bbox 652 2049 894 2103; x_wconf 82' lang='lat' dir='ltr'><strong>Stephanum</strong></span> <span class='ocrx_word' id='word_1_288' title='bbox 919 2049 1089 2088; x_wconf 88' lang='lat' dir='ltr'><strong>occisum</strong></span> <span class='ocrx_word' id='word_1_289' title='bbox 1119 2062 1202 2087; x_wconf 89' lang='lat' dir='ltr'><strong>esse</strong></span> <span class='ocrx_word' id='word_1_290' title='bbox 1231 2049 1404 2086; x_wconf 86' lang='lat' dir='ltr'><strong>tradunt.</strong></span> <span class='ocrx_word' id='word_1_291' title='bbox 1463 2048 1536 2085; x_wconf 85' lang='lat' dir='ltr'><strong>Ubi</strong></span> 
     </span>
     <span class='ocr_line' id='line_1_34' title="bbox 85 2104 1535 2158; baseline -0.001 -13"><span class='ocrx_word' id='word_1_292' title='bbox 85 2107 213 2146; x_wconf 87' lang='lat' dir='ltr'><strong>obiter</strong></span> <span class='ocrx_word' id='word_1_293' title='bbox 240 2106 475 2156; x_wconf 88' lang='lat' dir='ltr'><strong>notandum,</strong></span> <span class='ocrx_word' id='word_1_294' title='bbox 504 2106 716 2158; x_wconf 89' lang='lat' dir='ltr'><strong>Nicephori</strong></span> <span class='ocrx_word' id='word_1_295' title='bbox 744 2107 997 2157; x_wconf 83' lang='lat' dir='ltr'><strong>Interpretem</strong></span> <span class='ocrx_word' id='word_1_296' title='bbox 1026 2107 1164 2154; x_wconf 84' lang='grc' dir='ltr'><strong><em>παῖδες</em></strong></span> <span class='ocrx_word' id='word_1_297' title='bbox 1183 2104 1425 2156; x_wconf 82' lang='grc' dir='ltr'><strong><em>Αντιοχέων,</em></strong></span> <span class='ocrx_word' id='word_1_298' title='bbox 1457 2117 1535 2154; x_wconf 84' lang='lat' dir='ltr'><strong>qua</strong></span> 
     </span>
     <span class='ocr_line' id='line_1_35' title="bbox 82 2160 1536 2215; baseline -0.003 -13"><span class='ocrx_word' id='word_1_299' title='bbox 82 2176 182 2202; x_wconf 85' lang='lat' dir='ltr'><strong>voce</strong></span> <span class='ocrx_word' id='word_1_300' title='bbox 198 2163 445 2215; x_wconf 88' lang='lat' dir='ltr'><strong>Nicephorus</strong></span> <span class='ocrx_word' id='word_1_301' title='bbox 467 2177 556 2203; x_wconf 89' lang='lat' dir='ltr'><strong>cum</strong></span> <span class='ocrx_word' id='word_1_302' title='bbox 578 2163 747 2215; x_wconf 88' lang='lat' dir='ltr'><strong>Evagrio</strong></span> <span class='ocrx_word' id='word_1_303' title='bbox 767 2175 862 2201; x_wconf 89' lang='lat' dir='ltr'><strong>usus</strong></span> <span class='ocrx_word' id='word_1_304' title='bbox 881 2168 960 2213; x_wconf 89' lang='lat' dir='ltr'><strong>est,</strong></span> <span class='ocrx_word' id='word_1_305' title='bbox 989 2161 1229 2202; x_wconf 76' lang='lat' dir='ltr'><strong>Antiocheni</strong></span> <span class='ocrx_word' id='word_1_306' title='bbox 1243 2162 1372 2215; x_wconf 83' lang='lat' dir='ltr'><strong>pueri,</strong></span> <span class='ocrx_word' id='word_1_307' title='bbox 1402 2160 1536 2211; x_wconf 85' lang='lat' dir='ltr'><strong>inepte</strong></span> 
     </span>
     <span class='ocr_line' id='line_1_36' title="bbox 83 2219 311 2259; baseline -0.005 0"><span class='ocrx_word' id='word_1_308' title='bbox 83 2219 311 2259; x_wconf 85' lang='lat' dir='ltr'><strong>reddidisse.</strong></span> 
     </span>
    </p>

    <p class='ocr_par' dir='ltr' id='par_1_11' title="bbox 82 2268 1534 2541">
     <span class='ocr_line' id='line_1_37' title="bbox 196 2268 1533 2346; baseline -0.007 -26"><span class='ocrx_word' id='word_1_309' title='bbox 196 2275 422 2329; x_wconf 73' lang='lat' dir='ltr'><strong>Pag·382.</strong></span> <span class='ocrx_word' id='word_1_310' title='bbox 452 2279 489 2319; x_wconf 92' lang='grc'><strong>1.</strong></span> <span class='ocrx_word' id='word_1_311' title='bbox 520 2274 575 2325; x_wconf 71' lang='grc' dir='ltr'><strong>ὥς</strong></span> <span class='ocrx_word' id='word_1_312' title='bbox 607 2279 660 2332; x_wconf 75' lang='grc' dir='ltr'><strong>τῇ</strong></span> <span class='ocrx_word' id='word_1_313' title='bbox 685 2275 762 2332; x_wconf 77' lang='grc' dir='ltr'><strong>ἐμῇ</strong></span> <span class='ocrx_word' id='word_1_314' title='bbox 793 2275 1006 2346; x_wconf 75' lang='grc' dir='ltr'><strong><em>βασιλείᾳ,</em></strong></span> <span class='ocrx_word' id='word_1_315' title='bbox 1023 2274 1146 2327; x_wconf 83' lang='grc' dir='ltr'><strong>φησὶ,</strong></span> <span class='ocrx_word' id='word_1_316' title='bbox 1176 2270 1294 2314; x_wconf 70' lang='grc' dir='ltr'><strong><em>πιστοὶ</em></strong></span> <span class='ocrx_word' id='word_1_317' title='bbox 1315 2268 1533 2323; x_wconf 69' lang='grc' dir='ltr'><strong><em>φυλάξας]</em></strong></span> 
     </span>
     <span class='ocr_line' id='line_1_38' title="bbox 85 2317 1535 2388; baseline 0.001 -18"><span class='ocrx_word' id='word_1_318' title='bbox 85 2331 177 2371; x_wconf 85' lang='lat' dir='ltr'><strong>Chr.</strong></span> <span class='ocrx_word' id='word_1_319' title='bbox 200 2333 314 2372; x_wconf 85' lang='lat' dir='ltr'><strong>Alex.</strong></span> <span class='ocrx_word' id='word_1_320' title='bbox 335 2331 470 2382; x_wconf 88' lang='lat' dir='ltr'><strong>habet,</strong></span> <span class='ocrx_word' id='word_1_321' title='bbox 500 2336 586 2381; x_wconf 76' lang='grc' dir='ltr'><strong>πῶς</strong></span> <span class='ocrx_word' id='word_1_322' title='bbox 600 2336 650 2388; x_wconf 81' lang='grc' dir='ltr'><strong>τῇ</strong></span> <span class='ocrx_word' id='word_1_323' title='bbox 676 2317 752 2388; x_wconf 75' lang='grc' dir='ltr'><strong>ἐμῇ</strong></span> <span class='ocrx_word' id='word_1_324' title='bbox 771 2334 858 2384; x_wconf 87' lang='grc' dir='ltr'><strong>βασ.</strong></span> <span class='ocrx_word' id='word_1_325' title='bbox 889 2330 1006 2373; x_wconf 75' lang='grc' dir='ltr'><strong><em>πιστοὶ</em></strong></span> <span class='ocrx_word' id='word_1_326' title='bbox 1035 2331 1222 2382; x_wconf 78' lang='grc' dir='ltr'><em>φυλάξει·</em></span> <span class='ocrx_word' id='word_1_327' title='bbox 1257 2328 1308 2367; x_wconf 75' lang='lat' dir='ltr'><strong>ad</strong></span> <span class='ocrx_word' id='word_1_328' title='bbox 1343 2342 1458 2379; x_wconf 73' lang='lat' dir='ltr'><strong>quam</strong></span> <span class='ocrx_word' id='word_1_329' title='bbox 1478 2328 1535 2365; x_wconf 77' lang='lat' dir='ltr'><strong>le·</strong></span> 
     </span>
     <span class='ocr_line' id='line_1_39' title="bbox 86 2384 1533 2428; baseline -0.003 -2"><span class='ocrx_word' id='word_1_330' title='bbox 86 2389 254 2427; x_wconf 87' lang='lat' dir='ltr'><strong>ctionem</strong></span> <span class='ocrx_word' id='word_1_331' title='bbox 277 2389 461 2428; x_wconf 86' lang='lat' dir='ltr'><strong>Codicem</strong></span> <span class='ocrx_word' id='word_1_332' title='bbox 481 2391 599 2428; x_wconf 87' lang='lat' dir='ltr'><strong>etiam</strong></span> <span class='ocrx_word' id='word_1_333' title='bbox 627 2395 812 2428; x_wconf 87' lang='lat' dir='ltr'><strong>nostrum·</strong></span> <span class='ocrx_word' id='word_1_334' title='bbox 822 2389 901 2428; x_wconf 90' lang='lat' dir='ltr'><strong>MS.</strong></span> <span class='ocrx_word' id='word_1_335' title='bbox 927 2388 1076 2427; x_wconf 89' lang='lat' dir='ltr'><strong>recenti</strong></span> <span class='ocrx_word' id='word_1_336' title='bbox 1096 2399 1212 2425; x_wconf 85' lang='lat' dir='ltr'><strong>manu</strong></span> <span class='ocrx_word' id='word_1_337' title='bbox 1234 2390 1456 2424; x_wconf 88' lang='lat' dir='ltr'><strong>correctum</strong></span> <span class='ocrx_word' id='word_1_338' title='bbox 1473 2384 1533 2422; x_wconf 87' lang='lat' dir='ltr'><strong>in-</strong></span> 
     </span>
     <span class='ocr_line' id='line_1_40' title="bbox 82 2441 1534 2497; baseline -0.003 -15"><span class='ocrx_word' id='word_1_339' title='bbox 82 2445 188 2483; x_wconf 80' lang='lat' dir='ltr'><strong>veni.</strong></span> <span class='ocrx_word' id='word_1_340' title='bbox 246 2445 449 2484; x_wconf 86' lang='lat' dir='ltr'><strong>Caeterum</strong></span> <span class='ocrx_word' id='word_1_341' title='bbox 467 2446 538 2484; x_wconf 91' lang='lat' dir='ltr'><strong>ubi</strong></span> <span class='ocrx_word' id='word_1_342' title='bbox 565 2459 700 2484; x_wconf 89' lang='lat' dir='ltr'><strong>sensus</strong></span> <span class='ocrx_word' id='word_1_343' title='bbox 727 2445 866 2497; x_wconf 84' lang='lat' dir='ltr'><strong>aliquis</strong></span> <span class='ocrx_word' id='word_1_344' title='bbox 890 2444 982 2484; x_wconf 88' lang='lat' dir='ltr'><strong>inde</strong></span> <span class='ocrx_word' id='word_1_345' title='bbox 1012 2443 1101 2483; x_wconf 90' lang='lat' dir='ltr'><strong>elici</strong></span> <span class='ocrx_word' id='word_1_346' title='bbox 1125 2442 1297 2495; x_wconf 85' lang='lat' dir='ltr'><strong>poterit,</strong></span> <span class='ocrx_word' id='word_1_347' title='bbox 1325 2441 1534 2480; x_wconf 88' lang='lat' dir='ltr'><strong>lectionem</strong></span> 
     </span>
     <span class='ocr_line' id='line_1_41' title="bbox 82 2501 853 2543; baseline 0.004 -4"><span class='ocrx_word' id='word_1_348' title='bbox 82 2507 254 2540; x_wconf 83' lang='lat' dir='ltr'><strong>veterem</strong></span> <span class='ocrx_word' id='word_1_349' title='bbox 273 2501 440 2541; x_wconf 87' lang='lat' dir='ltr'><strong>retinere</strong></span> <span class='ocrx_word' id='word_1_350' title='bbox 463 2503 584 2541; x_wconf 87' lang='lat' dir='ltr'><strong>satius</strong></span> <span class='ocrx_word' id='word_1_351' title='bbox 601 2508 671 2543; x_wconf 86' lang='lat' dir='ltr'><strong>est.</strong></span> <span class='ocrx_word' id='word_1_352' title='bbox 852 2520 853 2523; x_wconf 47' lang='lat'>¹</span> 
     </span>
    </p>

    <p class='ocr_par' dir='ltr' id='par_1_12' title="bbox 86 2549 1534 2836">
     <span class='ocr_line' id='line_1_42' title="bbox 199 2549 1532 2610; baseline -0.006 -10"><span class='ocrx_word' id='word_1_353' title='bbox 199 2559 293 2609; x_wconf 75' lang='lat' dir='ltr'><em>Pag·</em></span> <span class='ocrx_word' id='word_1_354' title='bbox 321 2559 415 2600; x_wconf 83' lang='lat'><strong>382.</strong></span> <span class='ocrx_word' id='word_1_355' title='bbox 445 2561 484 2600; x_wconf 90' lang='grc'><strong>6.</strong></span> <span class='ocrx_word' id='word_1_356' title='bbox 514 2557 613 2599; x_wconf 64' lang='lat' dir='ltr'><strong>navo?</strong></span> <span class='ocrx_word' id='word_1_357' title='bbox 632 2556 676 2599; x_wconf 76' lang='grc' dir='ltr'><strong>τό</strong></span> <span class='ocrx_word' id='word_1_358' title='bbox 689 2556 875 2610; x_wconf 82' lang='grc' dir='ltr'><strong>Δέκιμον.</strong></span> <span class='ocrx_word' id='word_1_359' title='bbox 886 2558 899 2608; x_wconf 92' lang='grc'>]</span> <span class='ocrx_word' id='word_1_360' title='bbox 932 2556 1023 2596; x_wconf 90' lang='lat' dir='ltr'><strong>Chr.</strong></span> <span class='ocrx_word' id='word_1_361' title='bbox 1053 2555 1166 2595; x_wconf 87' lang='lat' dir='ltr'><strong>Alex.</strong></span> <span class='ocrx_word' id='word_1_362' title='bbox 1195 2552 1346 2601; x_wconf 87' lang='lat' dir='ltr'><strong>habet,</strong></span> <span class='ocrx_word' id='word_1_363' title='bbox 1374 2549 1474 2594; x_wconf 76' lang='grc' dir='ltr'><strong>κατὰ</strong></span> <span class='ocrx_word' id='word_1_364' title='bbox 1489 2549 1532 2593; x_wconf 80' lang='grc' dir='ltr'><strong>τὸ</strong></span> 
     </span>
     <span class='ocr_line' id='line_1_43' title="bbox 89 2608 1532 2682; baseline -0.005 -28"><span class='ocrx_word' id='word_1_365' title='bbox 89 2608 277 2665; x_wconf 83' lang='grc' dir='ltr'><strong><em>δόκιμον,</em></strong></span> <span class='ocrx_word' id='word_1_366' title='bbox 314 2621 520 2682; x_wconf 84' lang='lat' dir='ltr'><strong>corrupte.</strong></span> <span class='ocrx_word' id='word_1_367' title='bbox 565 2614 671 2666; x_wconf 87' lang='lat' dir='ltr'><strong>quod</strong></span> <span class='ocrx_word' id='word_1_368' title='bbox 699 2628 720 2652; x_wconf 87' lang='lat' dir='ltr'><strong>a</strong></span> <span class='ocrx_word' id='word_1_369' title='bbox 747 2614 902 2653; x_wconf 83' lang='lat' dir='ltr'><strong>Radero</strong></span> <span class='ocrx_word' id='word_1_370' title='bbox 928 2613 1128 2656; x_wconf 85' lang='lat' dir='ltr'><strong>redditur,</strong></span> <span class='ocrx_word' id='word_1_371' title='bbox 1168 2612 1209 2650; x_wconf 84' lang='lat' dir='ltr'><strong>in</strong></span> <span class='ocrx_word' id='word_1_372' title='bbox 1238 2611 1420 2663; x_wconf 84' lang='lat' dir='ltr'><strong>speciem,</strong></span> <span class='ocrx_word' id='word_1_373' title='bbox 1460 2615 1532 2648; x_wconf 82' lang='lat' dir='ltr'><strong>etc.</strong></span> 
     </span>
     <span class='ocr_line' id='line_1_44' title="bbox 88 2666 1534 2723; baseline -0.002 -17"><span class='ocrx_word' id='word_1_374' title='bbox 88 2670 294 2708; x_wconf 81' lang='lat' dir='ltr'><strong>Caeterum</strong></span> <span class='ocrx_word' id='word_1_375' title='bbox 313 2666 356 2709; x_wconf 87' lang='grc' dir='ltr'><strong>τὸ</strong></span> <span class='ocrx_word' id='word_1_376' title='bbox 377 2670 549 2723; x_wconf 82' lang='grc' dir='ltr'><strong><em>Δέκιμον</em></strong></span> <span class='ocrx_word' id='word_1_377' title='bbox 569 2671 652 2710; x_wconf 88' lang='lat' dir='ltr'><strong>loci</strong></span> <span class='ocrx_word' id='word_1_378' title='bbox 673 2670 879 2723; x_wconf 84' lang='lat' dir='ltr'><strong>cujusdam</strong></span> <span class='ocrx_word' id='word_1_379' title='bbox 902 2670 1014 2707; x_wconf 76' lang='lat' dir='ltr'><strong>Ciico</strong></span> <span class='ocrx_word' id='word_1_380' title='bbox 1037 2668 1157 2706; x_wconf 89' lang='lat' dir='ltr'><strong>vicini</strong></span> <span class='ocrx_word' id='word_1_381' title='bbox 1179 2680 1319 2705; x_wconf 89' lang='lat' dir='ltr'><strong>nomen</strong></span> <span class='ocrx_word' id='word_1_382' title='bbox 1337 2666 1455 2704; x_wconf 88' lang='lat' dir='ltr'><strong>fuisse</strong></span> <span class='ocrx_word' id='word_1_383' title='bbox 1476 2666 1534 2703; x_wconf 80' lang='lat' dir='ltr'><strong>vi-</strong></span> 
     </span>
     <span class='ocr_line' id='line_1_45' title="bbox 87 2721 1534 2775; baseline -0.003 -11"><span class='ocrx_word' id='word_1_384' title='bbox 87 2726 217 2764; x_wconf 85' lang='lat' dir='ltr'><strong>detur.</strong></span> <span class='ocrx_word' id='word_1_385' title='bbox 272 2725 457 2765; x_wconf 84' lang='lat' dir='ltr'><strong>Occurrit</strong></span> <span class='ocrx_word' id='word_1_386' title='bbox 476 2728 617 2767; x_wconf 86' lang='lat' dir='ltr'><strong>iterum</strong></span> <span class='ocrx_word' id='word_1_387' title='bbox 642 2728 766 2775; x_wconf 80' lang='lat' dir='ltr'><strong>infra,</strong></span> <span class='ocrx_word' id='word_1_388' title='bbox 793 2726 861 2764; x_wconf 91' lang='lat' dir='ltr'><strong>ubi</strong></span> <span class='ocrx_word' id='word_1_389' title='bbox 879 2726 928 2763; x_wconf 90' lang='lat' dir='ltr'><strong>de</strong></span> <span class='ocrx_word' id='word_1_390' title='bbox 947 2725 1019 2763; x_wconf 92' lang='lat' dir='ltr'><strong>lllo</strong></span> <span class='ocrx_word' id='word_1_391' title='bbox 1044 2725 1092 2762; x_wconf 88' lang='lat' dir='ltr'><strong>ab</strong></span> <span class='ocrx_word' id='word_1_392' title='bbox 1115 2723 1369 2775; x_wconf 74' lang='lat' dir='ltr'><strong>Imperatiice</strong></span> <span class='ocrx_word' id='word_1_393' title='bbox 1383 2721 1534 2760; x_wconf 84' lang='lat' dir='ltr'><strong>insidiis</strong></span> 
     </span>
     <span class='ocr_line' id='line_1_46' title="bbox 86 2776 1532 2836; baseline -0.001 -16"><span class='ocrx_word' id='word_1_394' title='bbox 86 2782 212 2835; x_wconf 88' lang='lat' dir='ltr'><strong>petito</strong></span> <span class='ocrx_word' id='word_1_395' title='bbox 234 2781 377 2820; x_wconf 85' lang='lat' dir='ltr'><strong>mentio</strong></span> <span class='ocrx_word' id='word_1_396' title='bbox 393 2783 494 2821; x_wconf 87' lang='lat' dir='ltr'><strong>facta</strong></span> <span class='ocrx_word' id='word_1_397' title='bbox 517 2790 594 2824; x_wconf 83' lang='lat' dir='ltr'><strong>est:</strong></span> <span class='ocrx_word' id='word_1_398' title='bbox 623 2783 689 2826; x_wconf 78' lang='grc' dir='ltr'><strong>καὶ</strong></span> <span class='ocrx_word' id='word_1_399' title='bbox 714 2785 886 2825; x_wconf 82' lang='grc' dir='ltr'><strong><em>Ιππικοῦ</em></strong></span> <span class='ocrx_word' id='word_1_400' title='bbox 915 2777 1131 2836; x_wconf 77' lang='grc' dir='ltr'><strong><em>αγομένου,</em></strong></span> <span class='ocrx_word' id='word_1_401' title='bbox 1162 2796 1215 2828; x_wconf 82' lang='grc' dir='ltr'><strong>ως</strong></span> <span class='ocrx_word' id='word_1_402' title='bbox 1247 2776 1446 2833; x_wconf 79' lang='grc' dir='ltr'><strong><em>α’νέρχεται</em></strong></span> <span class='ocrx_word' id='word_1_403' title='bbox 1467 2776 1532 2818; x_wconf 70' lang='grc' dir='ltr'><strong>διά</strong></span> 
     </span>
    </p>

    <p class='ocr_par' dir='ltr' id='par_1_13' title="bbox 150 2836 1263 2879">
     <span class='ocr_line' id='line_1_47' title="bbox 150 2836 1263 2879; baseline 0.003 -3"><span class='ocrx_word' id='word_1_404' title='bbox 150 2843 294 2877; x_wconf 81' lang='lat' dir='ltr'><strong>Ioannes</strong></span> <span class='ocrx_word' id='word_1_405' title='bbox 330 2843 496 2879; x_wconf 76' lang='lat' dir='ltr'><strong>Malatas.</strong></span> <span class='ocrx_word' id='word_1_406' title='bbox 1210 2836 1263 2879; x_wconf 78' lang='lat'><strong>40</strong></span> 
     </span>
    </p>
   </div>
  </div>
 </body>
</html>
