1838 3230
255 164 320 246 ἑο
640 183 943 239 ἸοΑΝΝΙε
972 195 1306 240 MALALAE

258 312 386 369 ὄνομα
413 314 531 357 Ἰλίου
562 318 634 358 τοῦ
656 315 836 368 μείζονος
855 313 982 357 αὐτοῦ
1001 315 1104 358 υἱοῦ.
1174 315 1285 365 ὅστις
1304 314 1525 372 πληρώσας
1547 316 1604 360 ’τὰ
1620 309 1703 361 ‘vad

131 389 164 423 Ο
187 390 232 426 98
252 401 306 439 χη
328 387 410 426 τῶν
429 381 597 436 πόλεων,
626 382 721 432 τούς
740 387 1057 438 τοπαρχοῦντας,
1089 382 1179 438 ἤτοι
1198 382 1506 438 βασιλεύοντας,
1527 388 1602 440 τῆς
1619 384 1704 428 Εὐὲ

258 450 396 509 ρώπης
413 449 552 508 χώρας
571 448 727 500 πάντας
744 450 1022 508 προετρέψατο
1043 453 1136 506 δίχα
1155 456 1227 494 τοῦ
1250 450 1480 505 Ταντάλου,
1505 452 1706 507 βασιλέως

256 524 331 575 τῆς
360 520 614 574 Μυκηναίων
637 517 788 573 χώρας.
843 521 910 561 καὶ
938 519 1038 575 πρὸς
1056 524 1177 562 τοῦτο
1212 518 1397 575 ἐλυπήθη
1420 519 1441 563 ὅ
1475 518 1701 573 Τάνταλος,

258 590 324 631 καὶ
341 587 452 642 ἔσχεν
471 587 626 642 ἔχθραν
643 585 821 642 μεγάλην
839 586 940 644 πρὸς
958 587 1082 631 αὐτόν
1096 602 1105 612 ·
1141 583 1190 643 ἦν
1214 589 1258 630 δὲ
1276 587 1500 643 ταξάμενος
1517 586 1539 632 ὅ
1559 592 1738 646 Tonzos-5

256 656 335 713 πρὸ
368 659 442 698 τοῦ
471 654 672 711 ἄρχεσθαι
703 657 842 707 κτίζειν
872 655 947 705 τὰς
975 654 1108 705 πόλεις
1140 658 1252 711 δῶρα
1278 657 1443 711 πέμπειν
1466 658 1534 699 καὶ
1553 658 1707 708 θυσίας

258 730 385 767 ποιεῖν
405 723 445 765 ἓν
464 727 522 781 τῷ
544 723 636 781 ἱερῷ
658 727 731 765 τοῦ
753 723 856 773 Διὸς
878 728 951 766 τοῦ
984 726 1038 773 εἷς
1064 725 1138 779 τὴν
1160 723 1362 781 Εὐρώπην
1385 723 1539 782 χώραν.
1595 724 1708 775 ὅστις

259 789 480 847 πληρώσας
507 791 558 834 τὰ
585 792 693 847 τείχη
712 791 815 845 μετοὶ
845 789 916 834 δύο
944 791 1012 847 ἴτη
1033 792 1186 847 ἔπεμψε
1217 792 1287 836 τὸν
1311 793 1413 835 ἴδιον
1441 793 1569 836 αὐτοῦ
1587 793 1707 836 ἀδελ-

260 860 339 918 φὸν
357 860 427 903 τὸν
451 857 712 916 μικρότερον,
749 860 820 902 τὸν
843 858 1053 916 λεγόμενον
1074 859 1344 916 Γανυμήδην,
1384 859 1429 904 ὃν
1454 859 1615 917 ἠγάπα,
1652 859 1708 910 ὥς

260 919 435 985 εὐπρεπῆ
464 929 530 970 καὶ
562 926 818 985 μικρότερον,
859 931 914 977 εἷς
935 929 980 971 τὸ
1001 928 1209 984 ἀπενέγκαι
1239 929 1292 971 τὰ
1316 931 1430 986 δῶρα
1457 931 1512 979 εἷς
1529 928 1577 972 τὸ
1600 929 1706 984 ἱερὸν
1719 936 1762 971 10

207 1004 241 1041 Ε
265 1002 337 1039 τοῦ
352 996 455 1046 Διὸς
469 997 535 1038 καὶ
557 1000 768 1052 πληρῶσαι
787 997 861 1051 τὴν
881 998 1034 1039 θυσίαν
1054 1001 1127 1039 τοῦ
1150 995 1367 1052 τάγματος,
1390 997 1576 1047 δεδωκὼς
1596 997 1708 1055 αὐτῷ

260 1064 415 1121 ἄνδρας
436 1062 483 1107 ν’.
520 1066 586 1106 καὶ
606 1062 878 1120 ἇντιπεράσας
896 1063 970 1119 τήν
990 1064 1211 1108 θάλασσαν
1234 1063 1434 1120 ἀπήρχετο
1456 1067 1519 1108 ἐπὶ
1536 1065 1585 1108 τὸ
1603 1065 1709 1122 ἱερὸν

260 1137 335 1176 τοῦ
366 1131 480 1182 Διός.
530 1132 682 1186 μαθὼν
719 1134 761 1174 δὲ
793 1131 813 1175 ὃ
851 1131 1085 1186 Τάνταλος,
1124 1135 1294 1187 νομίσας
1321 1133 1382 1176 ὅτι
1400 1138 1710 1189 κατασκοπῆσαι

260 1197 365 1256 ἦλθε
392 1201 466 1256 τὴν
491 1199 693 1258 Εὐρώπην
720 1199 883 1257 χώραν,
931 1200 1083 1256 ἔπεμψε
1110 1201 1284 1251 πολλοὺς
1312 1200 1584 1256 ὡπλισμένους
1592 1234 1606 1255 ,
1642 1203 1709 1244 καὶ

259 1269 450 1325 ἥρπασαν
468 1268 541 1311 τὸν
565 1267 812 1324 Γανυμήδην
834 1269 911 1324 πρὸ
936 1274 1009 1311 τοῦ
1032 1268 1195 1326 φθάσαι
1219 1270 1265 1312 τὸ
1286 1270 1393 1322 ἱερὸν
1411 1271 1477 1312 καὶ
1503 1269 1599 1320 τούς
1618 1269 1703 1324 μετ’
1721 1276 1764 1312 15

262 1338 402 1380 αὐτοῦ.
458 1335 478 1380 ὁ
509 1337 552 1379 δὲ
572 1335 818 1391 Γανυμήδης
834 1338 876 1379 ἐκ
901 1341 974 1391 τῆς
996 1339 1143 1387 δειλίας
1163 1336 1442 1395 ἠρρώστησεν·
1477 1336 1710 1394 ἐπηρώτησε

262 1407 307 1449 δὲ
326 1405 449 1448 αὐτὸν
471 1403 491 1447 ὃ
515 1403 726 1454 Τάνταλος
745 1406 866 1460 λέγων
877 1438 889 1457 ,
920 1405 987 1447 Ἔν
1008 1405 1235 1461 ἀλλοτρίοις
1255 1407 1473 1459 βασιλείοις
1493 1411 1579 1456 πῶς
1595 1405 1711 1449 ἐτόλ-

141 1484 173 1518 V
195 1484 241 1520 33
263 1491 399 1529 μησας
419 1476 551 1516 ἐλθεῖν
574 1471 854 1527 κατάσκοπος,·
888 1475 954 1515 καὶ
975 1471 1076 1516 εἶπεν
1097 1473 1208 1531 αὐτῷ
1241 1473 1302 1516 ὅτι
1326 1473 1478 1524 Οὐσίας
1495 1473 1616 1532 χάριν
1637 1477 1710 1516 τοῦ

138 1553 170 1586 Ο
194 1554 238 1588 99
263 1542 366 1592 Διὸς
385 1538 519 1597 ἦλθον
546 1541 622 1597 ἐγώ
644 1543 709 1583 καὶ
729 1542 767 1584 οἳ
785 1541 868 1595 μετ’
900 1543 1011 1595 ἐμοῦ,
1061 1544 1127 1583 καὶ
1148 1542 1266 1597 γνούς
1294 1546 1415 1585 τοῦτο
1438 1540 1458 1585 ὃ
1481 1542 1708 1593 Τάνταλος,

263 1611 464 1653 ἐκέλευσεν
487 1609 598 1668 αὐτῷ
620 1616 841 1663 περιμεῖναι
864 1611 930 1651 καὶ
953 1609 1148 1664 ἀνεθῆναι
1170 1610 1237 1652 διὰ
1257 1610 1330 1664 τὴν
1349 1608 1482 1654 νόσον.
1521 1609 1542 1654 ὃ
1569 1612 1612 1653 δὲ
1632 1610 1706 1653 αὗ·-
1719 1617 1766 1653 20

263 1679 334 1729 τὸς
358 1675 606 1732 Γανυμήδης
638 1684 743 1734 τρεῖς
764 1676 917 1732 ἡμέρας
947 1676 1214 1735 ἀρρωστήσας
1244 1682 1431 1737 τελευτᾷ·
1469 1680 1534 1721 καὶ
1556 1678 1714 1721 ἐκέλευ-

265 1765 332 1791 σεν
361 1746 387 1789 ὁ
421 1744 636 1795 Τάνταλος
667 1746 926 1800 ἀποδοθῆναι
953 1745 980 1787 ἃ
1007 1745 1142 1801 ἤνεγκε
1165 1748 1278 1802 δῶρα
1303 1749 1369 1789 καὶ
1390 1747 1464 1802 τὴν
1484 1748 1636 1790 θυσίαν
1658 1749 1713 1796 εἷς

265 1815 312 1858 τὸ
337 1814 441 1872 ἱερὸν
472 1819 546 1857 τοῦ
570 1812 697 1864 Διός·
733 1815 800 1856 καὶ
827 1813 874 1856 τὸ
908 1815 1100 1868 λείψανον
1122 1815 1166 1856 δὲ
1191 1819 1265 1857 τοῦ
1292 1815 1419 1858 αὐτοῦ
1444 1813 1713 1872 Γανυμήδους

357 1925 391 1959 6.
417 1921 594 1968 ἄρχεσθαι
616 1923 700 1965 ch„
725 1920 873 1968 ἄρχεται
896 1924 964 1958 Ox.
1057 1925 1090 1959 8.
1114 1921 1296 1969 ἀδελφὸν]
1320 1921 1404 1959 υὶόν
1427 1923 1491 1958 ch.
1585 1920 1640 1959 14.
1664 1918 1712 1958 ὦ·

357 1968 577 2014 πλισμένους
599 1969 687 2011 Ch„
712 1965 950 2014 ὃπλισμένους
978 1970 1046 2005 Ox.

269 2074 397 2118 majore
418 2075 584 2107 vocatum.
629 2071 701 2106 Ubi
723 2084 804 2106 vero
827 2072 959 2106 urbium
981 2070 1112 2106 moenia
1135 2071 1178 2106 ad
1202 2072 1324 2107 exitum
1347 2070 1576 2117 perduxisset,
1599 2070 1713 2116 Reges

268 2121 470 2165 Europaeos
493 2129 622 2159 omnes,
647 2123 785 2162 praeter
806 2118 1008 2159 Tantalum,
1032 2118 1250 2162 Mycenarum
1270 2129 1407 2162 regem,
1433 2117 1477 2151 ad
1499 2129 1536 2152 se
1557 2117 1712 2151 vocavit:

270 2164 361 2211 quod
384 2175 489 2209 aegre
510 2164 622 2197 ferens
644 2164 830 2204 Tantalus,
855 2163 982 2197 Troem
1004 2163 1162 2207 deinceps
1186 2163 1436 2197 infensissimum
1459 2162 1606 2199 habuit..
1625 2163 1713 2197 Tros

271 2216 402 2251 autem,
438 2212 517 2243 ante
551 2209 643 2252 jacta
666 2208 797 2242 urbium
819 2208 1035 2250 fundamina,
1072 2209 1165 2243 Jovis
1189 2208 1361 2254 Europaei
1385 2208 1528 2253 Templo
1560 2207 1714 2243 victimas

271 2262 308 2291 et
329 2256 419 2290 dona
440 2255 612 2289 missurum
632 2266 668 2288 se
691 2258 855 2288 voverat.·
901 2253 1044 2288 Biennio
1067 2254 1184 2299 itaque
1207 2259 1284 2299 post
1305 2254 1436 2288 moenia
1459 2254 1631 2295 absoluta,
1671 2253 1715 2287 fi·-

269 2303 350 2337 lium
372 2313 463 2336 suum
486 2299 664 2340 minorem,
695 2298 946 2344 Ganymedem,
983 2299 1130 2343 (quem,
1161 2300 1251 2344 quod
1274 2300 1435 2334 formosus
1458 2302 1565 2340 esset,
1596 2304 1632 2333 et
1653 2297 1716 2332 mi-

271 2346 448 2388 norennis‚
481 2346 582 2380 valde
614 2346 751 2379 charum
775 2345 840 2379 sibi
861 2344 1023 2388 habuit,)
1060 2356 1081 2378 Ι,
1106 2345 1304 2379 satellitibus
1335 2346 1492 2390 stipatum
1515 2344 1640 2384 mittit,
1677 2348 1716 2377 ut

271 2393 351 2428 Jovi
373 2391 556 2437 Europaei
570 2391 658 2425 dona
680 2391 852 2431 adferret3
889 2394 945 2431 et,
970 2401 1011 2422 ex
1035 2395 1115 2424 voto
1138 2390 1271 2432 Patris,
1295 2402 1392 2425 sacra
1414 2394 1604 2435 perageret.
1652 2388 1715 2422 Ille

270 2439 377 2483 igitur
410 2438 494 2472 mari
525 2437 672 2481 trajecto
704 2436 748 2470 ad
780 2435 956 2479 Templum
979 2435 1073 2469 Jovis
1102 2435 1170 2470 iter
1199 2436 1357 2470 instituit.
1406 2435 1507 2476 Quod
1538 2434 1596 2468 ubi
1617 2433 1716 2468 inau-

272 2485 377 2518 disset
399 2483 585 2523 Tantalus,
609 2482 796 2527 suspicatus
820 2492 893 2514 eum
918 2481 1080 2525 Europae
1103 2481 1351 2526 exploratorem
1374 2479 1614 2525 supervenisse,
1638 2479 1714 2525 plu-

270 2530 377 2564 rimos
398 2529 511 2563 statim
535 2532 679 2562 armatos
702 2527 828 2568 emisit,
861 2525 921 2570 qui
945 2525 1175 2569 Ganymedem
1206 2527 1381 2570 sociosque
1410 2529 1616 2571 rapuerunt,
1654 2535 1715 2559 an·

272 2579 407 2619 tequam
430 2575 526 2608 Jovis
549 2574 679 2607 Fanum
710 2572 908 2617 attigissent.
955 2571 1168 2614 Ganymedes
1203 2575 1314 2604 autem
1338 2574 1428 2604 metu
1451 2575 1649 2616 correptus,
1679 2569 1716 2604 iu

273 2621 424 2655 morbum
455 2619 591 2654 inciditz
634 2618 860 2663 interrogatus
893 2620 1003 2650 autem
1027 2627 1047 2649 a
1071 2615 1238 2657 Tantalo,
1275 2627 1340 2660 qua
1362 2615 1496 2650 taudem
1519 2627 1580 2661 spe
1607 2616 1715 2649 fretus

274 2665 386 2699 aliena
417 2677 524 2708 regna
547 2665 758 2709 exploratum
790 2664 906 2699 venire
928 2673 1023 2697 ausus
1055 2661 1128 2695 sit?
1169 2661 1363 2705 respondit,
1406 2662 1552 2706 suscepti
1583 2661 1715 2695 itineris

276 2721 406 2744 causam
437 2711 500 2744 sibi
530 2710 692 2754 sociisque
723 2709 824 2744 solam
856 2719 947 2749 esse,
981 2712 1021 2741 ut
1042 2706 1121 2741 Jovi
1144 2718 1240 2740 sacra
1262 2707 1427 2740 facerent.
1476 2707 1553 2748 Quo
1583 2706 1713 2746 audito,

276 2755 445 2789 Tantalus
465 2767 601 2790 manere
622 2756 712 2789 illum
731 2755 848 2799 jussit,
881 2752 1056 2797 morbique
1077 2752 1127 2786 sui
1149 2763 1262 2786 curam
1284 2753 1421 2786 habere.
1468 2753 1514 2786 At
1536 2763 1617 2786 vero
1641 2751 1716 2784 Ga-

278 2801 453 2844 nymedes,
485 2801 544 2835 ubi
564 2801 710 2835 triduum
732 2800 926 2834 infirmitate
948 2810 1006 2833 sua
1027 2798 1231 2839 laborasset,
1265 2797 1406 2831 animam
1431 2797 1573 2832 efflavit.
1620 2795 1715 2830 Tau-

278 2846 366 2881 talus
388 2850 501 2881 autem
526 2846 616 2881 dona
638 2858 725 2891 quae
748 2846 931 2881 attulerant
950 2843 1184 2889 victimasque,
1222 2842 1265 2878 ad
1284 2843 1375 2878 Jovis
1397 2843 1509 2878 fanum
1531 2843 1715 2888 deportan-
