1838 3230
371 132 373 134 ’
442 151 1062 205 CHRoNoGRAPfflA.
1119 159 1170 203 L.
1194 157 1298 205 ΧΠ.
1509 160 1620 214 305r

124 275 379 335 βουλόμενος
399 279 468 323 καὶ
486 278 558 323 τὸν
585 277 692 323 ἴδιον
711 277 890 334 στρατὸν
910 277 1146 323 ἀναπαῦσαι
1167 280 1237 323 καὶ
1256 278 1354 330 τοὺς
1373 278 1606 337 πληγάτους

125 352 454 405 θεραπευθῆναι.
524 345 722 398 ἐλθόντος
747 349 792 391 δὲ
819 347 947 391 αὐτοῦ
985 349 1028 391 ἐν
1055 355 1142 399 τοῖς
1169 351 1449 406 Κυρηστικοΐς
1474 350 1516 393 ἐν
1546 354 1606 410 τῷ

122 421 305 472 χειμῶνι,
327 416 445 460 κᾶκεῖ
456 414 586 460 αὐτοῦ
602 415 813 473 διάγοντος
827 418 894 459 καὶ
913 416 965 459 τὰ
984 421 1058 459 τοῦ
1078 417 1258 472 πολέμου
1273 420 1605 475 τρακταῖζοντος,
1624 423 1657 458 Ε

128 485 280 542 συνέβη
308 475 500 543 ἐξαίφνης
530 485 604 541 τὴν
633 484 733 540 ὄψιν
765 485 894 528 αὐτοῦ
920 487 977 535 εἷς
997 486 1049 528 τὰ
1070 485 1201 530 ὀπίσω
1219 491 1466 544 στραφῆναι.
1534 490 1603 530 καὶ

93 557 292 598 ὅπολλῶν
321 556 475 610 ἰατρῶν
507 551 851 597 ἀκολουθούντων
884 558 943 612 τῷ
975 554 1089 614 αὐτῷ
1111 558 1278 609 βασιλεῖ
1290 557 1357 598 καὶ
1374 556 1503 611 μηδὲν
1527 556 1605 599 αὗ-

126 622 200 677 τόν
227 620 549 680 ὠφελησάντων,
586 621 888 678 ἐκελεύσθησαν
924 623 963 665 οἳ
991 627 1064 679 τῆς
1081 621 1223 680 χώρας
1244 625 1378 681 ιάτροὶ
1406 627 1603 669 εἰσελθεῖν

126 691 230 746 πρὸς
248 691 320 735 τὸν
338 691 527 746 βασιλέα,
562 689 619 741 ὥς
641 689 792 742 εἰδότες
812 691 908 741 τούς
928 691 1052 749 ἀέρας
1070 696 1144 748 τῆς
1163 691 1322 736 ἑαυτῶν
1334 690 1490 751 χώρας.
1559 695 1602 737 ἐν

127 757 190 811 οἶς
207 761 374 816 εἰσῆλθε
392 761 459 803 καὶ
480 757 502 803 ὃ
520 758 740 815 ἐπιστάτης
758 765 842 804 τῶν
859 759 984 816 ἁγίων
1002 764 1156 815 Κοσμᾶ
1174 763 1241 804 καὶ
1260 764 1480 817 Δαμιανοῦ
1500 762 1604 819 πρὸς

125 827 198 872 τὸν
227 828 426 884 βασιλέα,
464 830 532 872 καὶ
560 833 836 883 συνεισῆλθαν
866 828 954 884 ἅμα
983 829 1097 888 αὐτῷ
1129 830 1169 873 οἳ
1197 828 1314 885 ἅγιοι.
1385 832 1453 874 καὶ
1471 833 1601 887 μηδὲν
1624 839 1656 872 V
1680 840 1745 876 131

69 903 115 940 10
126 897 389 953 δυνηθέντων
408 901 490 941 τῶν
511 899 664 955 ἲατρῶν
684 898 893 954 ὠφελῆσαι
912 898 984 941 τὸν
1003 897 1177 952 βασιλέα
1197 901 1403 955 Καρΐνον,
1437 900 1477 943 οἶ
1495 898 1600 956 ἅγιοι
1625 908 1658 942 O
1682 907 1751 945 405

124 968 302 1022 ,Κοσμᾶς
328 967 396 1009 καὶ
423 966 640 1021 Δαμιανὸς
664 968 880 1023 λαθραίως
908 963 1178 1023 διελέχθησοῖν
1204 983 1284 1010 τισι
1304 972 1387 1010 τῶν
1406 967 1601 1024 μεγιστά-

123 1052 207 1078 νων
235 1038 313 1078 τοῦ
351 1035 553 1088 βασιλέως
580 1036 651 1078 ἵνα
683 1034 880 1078 ἲάσωνται
913 1033 1051 1079 αὐτόν.
1123 1036 1190 1078 καὶ
1228 1036 1527 1092 εἰσηνέχθησαν
1563 1039 1603 1081 οἱ

123 1101 229 1159 ἅγιοι
251 1107 311 1162 τῷ
330 1107 498 1156 βασιλεῖ’
512 1105 554 1147 ἐν
574 1105 687 1147 νυκτὶ
715 1106 782 1147 καὶ
803 1103 920 1147 αὐτοὶ
945 1101 1115 1148 ἲάσαντο
1146 1102 1273 1147 αὐτὸν
1300 1105 1369 1147 διὰ
1396 1110 1471 1161 τῆς
1493 1097 1606 1157 ἰδίας

122 1176 365 1229 προσευχῆς.
435 1173 503 1216 καὶ
538 1174 769 1216 ἐπίστευσεν
797 1172 938 1223 αὐτοῖς
945 1205 958 1226 ,
990 1171 1116 1229 λέγων
1136 1170 1199 1216 ὅτι
1223 1166 1349 1217 Οὗτοι
1369 1174 1408 1217 οἱ
1429 1173 1600 1229 ἅνθρω-

68 1244 112 1280 15
124 1257 194 1284 ποι
217 1242 357 1284 δοῦλοι
385 1245 461 1284 τοῦ
489 1245 592 1285 θεοῦ
613 1246 688 1285 τοῦ
715 1240 894 1297 ὑψίστου
915 1242 1003 1284 εἶσί.
1075 1242 1143 1285 καὶ
1161 1239 1329 1299 ὖγιοῖνας
1351 1244 1418 1285 καὶ
1441 1243 1600 1287 ἀποκα-

118 1311 343 1360 τασταθεὶς
363 1307 419 1360 ὦς
438 1305 490 1366 ἦν
507 1310 555 1353 τὸ
575 1308 718 1369 πρῴην
740 1309 840 1367 εἶχεν
860 1309 1014 1360 αὐτοὺς
1031 1310 1074 1353 ἓν
1093 1314 1193 1368 τιμῇ
1213 1312 1280 1353 καὶ
1298 1309 1447 1362 πάντες
1468 1313 1507 1355 οἱ
1524 1330 1599 1365 με-

117 1382 304 1436 γιστᾶνες
321 1377 463 1424 αὐτοῦ.
534 1381 815 1436 παρακληθεὶς
839 1380 883 1422 δὲ
902 1379 997 1436 παρ’
1022 1378 1160 1423 αὐτῶν
1178 1384 1262 1423 τῶν
1282 1377 1406 1436 ἁγίων
1410 1413 1425 1434 ,
1456 1382 1597 1436 ε’ποιή-

119 1463 188 1491 σεν
217 1446 373 1497 εὐθέως
395 1448 516 1491 θείαν
539 1448 669 1491 αὐτοῦ
691 1446 875 1499 διάταξιν
896 1450 952 1498 εἷς
970 1452 1109 1492 πᾶσαν
1133 1447 1206 1504 τὴν
1228 1446 1456 1504 Ῥωμαϊκὴν
1477 1453 1596 1493 πολι-

117 1517 230 1560 τείαν
239 1549 254 1570 ,
290 1514 394 1559 ὥστε
424 1517 583 1573 μηδένα
615 1521 698 1561 τῶν
717 1516 940 1574 λεγομένων
955 1521 1204 1574 χριστιανῶν
1223 1514 1442 1572 ὑπομεῖναί
1459 1535 1499 1561 τι
1520 1536 1597 1561 κα-

63 1582 218 1639 macor,
254 1582 358 1641 μήτε
381 1585 426 1628 δὲ
444 1583 680 1630 κωλύεσθαι
703 1583 944 1644 θρησκεύειν
962 1584 1018 1636 ὡς
1036 1583 1272 1639 βούλονται.

216 1672 266 1719 ‘0
286 1676 331 1718 δὲ
352 1674 572 1733 ἐπιστάτης
594 1676 731 1721 αὐτῶν
759 1679 963 1732 εἰσαχθεὶς
986 1676 1066 1720 ἀπὸ
1091 1681 1176 1720 τῶν
1203 1675 1341 1720 ἄλλων
1370 1675 1595 1730 ἀξιωματι-
1618 1685 1648 1719 Β

121 1747 204 1787 κῶν
223 1745 377 1808 ἰατρῶν
397 1749 481 1788 τῶν
500 1744 846 1789 ἀκολουθούντων
865 1751 924 1805 τῷ
951 1745 1064 1804 αὐτῷ
1092 1749 1275 1799 βασιλεῖ’,
1313 1747 1380 1788 καὶ
1404 1743 1596 1801 ἑωρακὼς

120 1812 196 1868 τὴν
226 1812 330 1871 πρὸς
360 1813 457 1864 τούς
484 1811 623 1870 ἁγίους
642 1812 802 1871 ἀγάπην
811 1848 826 1868 ,
857 1813 909 1870 ἣν
929 1812 1029 1870 εἶχεν
1052 1812 1073 1858 ὅ
1091 1813 1286 1870 βασιλεὺς
1304 1813 1408 1872 πρὸς
1426 1812 1593 1866 αὐτούς,

213 1935 250 1971 2.
275 1935 521 1980 Κηρυστικοῖς
544 1937 612 1972 Ox.
659 1935 719 1971 Sic
743 1938 779 1971 et
802 1948 837 1983 p.
861 1947 932 1983 seq.
956 1947 991 1974 v.
1013 1938 1048 1974 2.
1160 1937 1217 1974 11.
1241 1933 1409 1981 λαθρὲως
1430 1935 1500 1970 Ox.

120 2038 292 2075 vulnerati
313 2042 529 2075 sanarentur.
577 2038 649 2074 Ubi
672 2050 736 2085 per
767 2040 920 2085 hyemem
943 2038 1183 2082 commoranti,
1220 2050 1378 2085 quaeque
1401 2037 1446 2073 ad
1468 2037 1591 2072 beilum

120 2090 137 2122 's
162 2085 337 2128 ectabant,
359 2085 597 2132 pertractanti,
621 2086 733 2121 subito
757 2085 884 2120 accidit
905 2085 1027 2120 faciem
1051 2086 1125 2130 ejus
1147 2085 1182 2120 in
1205 2096 1360 2120 aversum
1383 2083 1593 2128 detorqueri.

175 2143 275 2178 mque
294 2131 343 2174 ii,
385 2133 445 2177 qui
468 2132 603 2177 plurimi
635 2143 710 2166 eum
733 2133 987 2177 sequebantur,
1024 2131 1154 2167 Medici
1174 2130 1259 2165 nihil
1288 2130 1420 2165 omnino
1443 2130 1593 2175 profice·-

120 2182 220 2221 rent,
242 2177 394 2233 regionis
416 2177 504 2213 illius
528 2178 657 2212 Medici
680 2179 726 2213 ad
759 2178 1002 2223 Imperatorem
1025 2178 1142 2213 vocati
1163 2181 1262 2219 suut;
1300 2182 1339 2211 ut
1363 2176 1420 2221 qni
1443 2174 1591 2220 regionis

121 2234 203 2258 eune
226 2226 316 2259 ains
339 2223 406 2258 vim
430 2224 567 2270 penitus
591 2224 831 2269 introspectum
852 2225 1030 2259 haberent.
1077 2224 1174 2265 Quos
1205 2223 1295 2257 inter
1323 2222 1367 2256 ad
1399 2221 1593 2266 Imperato-

120 2280 194 2304 rem
216 2276 434 2305 accesserant
457 2281 530 2304 cum
554 2270 688 2304 domino
711 2282 772 2304 suo
796 2270 918 2304 Sancti
939 2269 1008 2311 illi,
1034 2268 1171 2305 Cosmas
1194 2273 1230 2303 et
1252 2268 1445 2303 Damianus.
1487 2266 1592 2300 Cum-

123 2325 193 2360 que
213 2315 251 2350 in
275 2315 487 2362 Imperatore
506 2317 655 2352 sanando
676 2317 806 2350 frustra
828 2316 968 2350 fuissent
985 2315 1114 2350 Medici
1138 2326 1270 2356 omnes3
1295 2313 1427 2355 Sancti,
1452 2312 1591 2366 Cosmus

123 2365 161 2395 et
181 2361 375 2404 Damianns,
399 2362 560 2407 quosdam
583 2374 626 2397 ex
651 2361 857 2396 primoribus
880 2362 927 2396 Im
953 2361 1095 2397 emtoris
1117 2361 1301 2396 clanculum
1326 2359 1502 2403 auoquutn,
1533 2368 1592 2391 ro-

123 2406 270 2485 ξιῑιωιῐ,
308 2408 360 2443 uti
392 2419 467 2442 eum
499 2407 642 2443 sanandi
672 2408 844 2443 licentiam
874 2408 940 2454 ipsi
971 2407 1148 2442 haberent.
1203 2407 1274 2441 Per
1303 2410 1436 2439 noctem
1470 2403 1592 2456 itaque

137 2453 305 2487 ntromissi
322 2454 443 2489 Sancti
466 2453 513 2495 hi,
538 2454 695 2500 precibus
716 2454 785 2489 suis
806 2454 1048 2500 Imperatorem
1071 2453 1255 2488 sanabant:
1282 2450 1346 2504 qui
1364 2449 1467 2504 fidem
1493 2450 1592 2483 dem-

124 2507 206 2543 πρε
229 2498 276 2534 da
299 2500 446 2542 habens,
477 2499 637 2542 dicebat3
675 2499 870 2542 „Homines
892 2499 949 2535 isti
973 2498 1076 2534 Servi
1099 2503 1178 2534 sunt
1199 2496 1266 2531 Dei
1289 2496 1478 2530 altiss1m1.“
1525 2494 1592 2528 Im-

123 2547 265 2588 perator
283 2543 422 2591 itaque,
455 2545 622 2600 pristinae
644 2545 820 2582 sanctitati
842 2546 1041 2587 restitutus,
1075 2545 1220 2579 Sanctos
1243 2543 1345 2577 hosce
1369 2544 1406 2575 et
1427 2540 1521 2594 ipse,
1554 2543 1591 2574 et

124 2587 318 2632 Optimam
345 2592 438 2636 ejus,
464 2603 501 2626 ιιι
524 2593 652 2627 honore
675 2593 878 2627 habuerunt.
927 2591 1020 2634 Quin
1044 2595 1080 2625 et
1102 2594 1229 2635 rogatu
1254 2598 1368 2622 eorum
1390 2586 1506 2620 divino
1530 2597 1590 2620 suo

123 2633 250 2668 Edicto
275 2645 338 2680 per
358 2640 465 2672 totum
488 2638 668 2683 Imperium
691 2638 876 2673 Romanum
900 2637 1059 2684 protinus
1082 2634 1318 2682 promuigato‚
1343 2633 1511 2673 cavebat3
1547 2643 1590 2665 ne

124 2679 202 2759 guis
223 2679 382 2728 deinceps
404 2682 638 2728 Christianos,
666 2695 750 2731 quos
773 2688 918 2726 vocant,
951 2682 1117 2724 violaret,
1141 2684 1201 2716 aut
1224 2690 1246 2714 a
1269 2678 1364 2714 cultu
1388 2689 1448 2714 suo
1471 2676 1591 2724 prohi-

149 2730 234 2760 eret.

214 2793 397 2829 Caeterum
413 2806 527 2831 eorum
543 2797 721 2841 Dominus,
744 2797 806 2833 ubi
829 2797 1052 2851 intellexerat·
1068 2797 1197 2851 quanto
1214 2793 1480 2849 sanctos-hoece
1497 2802 1591 2837 amof

123 2850 164 2875 re
186 2841 464 2886 prosequebatur
486 2842 695 2890 Imperator3
717 2856 739 2881 a
762 2843 935 2879 Primanis
958 2842 1104 2877 Medicis
1121 2841 1341 2888 Imperatons
1364 2850 1398 2874 ιιι
1422 2839 1456 2873 κ]
1482 2837 1593 2873 addu-

182 2893 326 2927 Ioamzes
357 2893 521 2929 Malalcoe.
1263 2892 1317 2931 20
