1838 3230
416 153 1034 200 CHRONOGRAPHIA.
1092 155 1142 199 L.
1169 154 1245 201 lv.
1501 163 1562 209 31

93 277 265 332 τεθῆναι
292 271 373 319 ἔσω
392 274 435 319 ἓν
461 279 522 334 τῷ
546 278 634 334 ναῷ
660 277 736 318 τοῦ
755 273 860 324 Διὸς
887 274 992 332 πρὸς
1015 271 1151 332 τιμήν.
1197 275 1238 318 οἱ
1257 275 1302 318 δὲ
1325 275 1411 330 μετ’
1434 275 1564 321 αὐτοῦ

93 343 391 396 ἀποσταλέντες
409 342 651 401 ποιήσαντες
671 342 783 402 αὐτῷ
802 341 949 400 σορόν,
986 344 1144 400 ἔθηκαν
1163 343 1288 388 αὐτὸν
1307 342 1565 402 ἐπιγράψαν-

93 429 162 463 τες
181 413 226 456 ἐν
242 412 370 472 αὐτῷ,
397 417 558 471 Τριῦος,
581 411 776 466 βασιλεὺς
791 412 942 466 Ἀσίας,
965 413 1040 456 σύν
1062 417 1112 471 τῇ
1134 414 1267 474 θυσίᾳ
1284 413 1355 457 τὸν
1376 415 1564 458 ἐνταῦθα

93 482 275 537 κείμενον
315 480 590 538 Γανυμήδην,
638 482 729 524 υἱὸν
773 480 926 534 αὐτοῦ,
982 482 1154 526 ἀνέθετο
1196 483 1282 526 Διί.
1354 487 1478 526 τοῦτο
1517 484 1563 527 δὲ

59 551 282 606 ὃέποίησεν
334 548 356 594 ὅ
405 549 621 601 Τάνταλος
661 549 766 608 πρὸς
815 553 1042 608 θεραπείαν
1091 555 1166 595 τοῦ
1209 551 1367 608 πατρὸς
1406 551 1556 595 αὐτοῦ·
1582 557 1612 591 Β

86 618 170 663 -οὖκ
196 615 248 675 ἦν
274 619 353 677 γὰρ
393 618 492 670 ξ’θος
521 619 689 675 ’Ἐλλησι
718 617 895 662 θάπτειν
926 618 1041 663 ἔνδον
1076 620 1187 676 ἱεροῦ
1219 619 1332 663 οἴκου
1363 621 1560 676 λείψανον

92 691 253 744 θνητοῦ
303 686 530 743 ἀνθρώπου
568 688 635 731 διὰ
683 688 730 731 τὸ
773 688 831 744 μὴ
875 693 1119 732 κοινοῦσθαι
1167 688 1220 731 τὰ
1267 693 1377 733 θεῖα.
1455 694 1560 732 ταί-

92 773 147 800 τα
178 757 224 800 δὲ
253 755 541 814 συνεγράψατο
578 755 599 801 ὅ
628 755 873 815 σοφώτατος
902 758 1092 812 Δίδυμος
1127 755 1148 801 ὃ
1179 757 1383 814 ἱστορικὸς
1406 775 1558 814 χρονο-

91 823 264 884 γρᾶφος.
329 827 512 883 λέγουσιν
546 821 620 870 οὖν
646 844 750 877 τινες
770 826 842 869 τὸν
866 825 1116 883 Γανυμήδην
1138 824 1370 884 ἁρπαγέντα
1386 824 1467 870 {ma
1487 826 1558 871 ἄε-

38 901 85 938 10
94 899 169 939 τοῦ
192 894 262 939 διὰ
277 894 326 939 τὸ
345 895 512 951 συμβὰν
534 895 646 954 αὐτῷ
672 894 870 946 ὀξύτατον
892 900 966 938 τοῦ
986 894 1186 939 θανάτου.

193 964 320 1008 Μετὰ
350 965 395 1007 δὲ
417 969 564 1022 Τρῶον
593 958 827 1019 ἐβασίλευσε
850 969 932 1007 τῶν
957 968 1132 1021 Φρυγῶν
1154 962 1175 1007 ὃ
1199 963 1322 1013 Ἴλιος
1338 977 1346 987 ·
1383 964 1426 1006 ἓν
1444 963 1557 1023 αὐτῷ

93 1033 140 1076 δὲ
168 1037 227 1091 τῷ
253 1037 382 1092 καιρῷ
412 1033 592 1076 ἒλαλεῖτο
623 1031 649 1088 ἦ
681 1035 769 1089 νίκη
796 1037 869 1076 τοῦ
905 1033 1059 1089 ἀγῶνος
1084 1033 1276 1082 Πέλοπος
1307 1036 1380 1075 τοῦ
1402 1035 1557 1076 Λυδοῦ

92 1103 161 1145 καὶ
189 1100 399 1158 Οἰνομάου
429 1107 503 1146 τοῦ
526 1104 707 1145 ΙῚισαίου
718 1134 732 1154 ‚
768 1103 1072 1145 ἕπιτελεσθεΐσα
1104 1102 1146 1145 ἐν
1166 1106 1217 1160 τῇ
1239 1098 1386 1159 ἧλιακῇ
1410 1100 1556 1159 ἕορτῇ’

32 1216 44 1228 ⁸
92 1169 212 1215 ἅτινα
233 1168 521 1228 συνεγράψατο
542 1169 694 1226 Χάραξ
715 1169 736 1214 ὃ
760 1168 975 1224 ἱστορικός.

37 1245 81 1282 15
194 1239 322 1284 Μετὰ
342 1240 387 1283 δὲ
415 1240 513 1291 τοὺς
526 1238 702 1297 χρόνους
721 1237 892 1290 τούτους
920 1235 971 1295 ἦν
991 1238 1131 1295 κριτὴς
1151 1239 1217 1281 καὶ
1238 1235 1461 1294 ἡγούμενος
1480 1242 1554 1282 τοῦ
1578 1246 1611 1281 Ο
1638 1248 1705 1284 100

86 1308 254 1366 Ἰσραὴλ
276 1307 490 1364 Σαμψών,
528 1309 631 1365 ἀνὴρ
652 1315 832 1365 γενναῖος
853 1310 920 1351 καὶ
940 1307 1136 1363 μυστικὸς
1154 1309 1220 1350 καὶ
1238 1305 1441 1361 θαύματα
1461 1325 1554 1351 ποι-
1578 1314 1609 1349 C

89 1382 169 1431 ὥν,
207 1378 323 1422 καθὰ
351 1378 394 1421 ἔν
414 1382 466 1436 τῇ
485 1376 680 1436 Ἑβραΐκῇ
709 1378 924 1435 ἐμφέρεται
948 1380 1177 1434 συγγραφῇ.
1249 1376 1292 1418 ἓν
1315 1373 1376 1426 οἷς
1393 1374 1560 1432 χρόνοις

88 1447 324 1502 ἐβασίλευσε
343 1451 418 1503 τῆς
433 1446 648 1504 Αἰγύπτου
668 1444 810 1504 χώρας
831 1445 852 1490 ὃ
874 1445 1115 1496 Λάπαθος·
1152 1444 1241 1500 ἴσχε
1265 1445 1308 1487 δὲ
1329 1445 1444 1495 υἶούς
1463 1443 1554 1499 δύο,

87 1515 160 1559 τὸν
185 1515 333 1572 Ἀχαόν
363 1518 430 1559 καὶ
450 1516 522 1560 τὸν
538 1515 741 1560 Λάκωνα.
797 1516 956 1570 μέλλων
984 1516 1029 1558 δὲ
1055 1518 1247 1558 τελευτᾶν
1271 1513 1450 1556 ἐκέλευσε
1470 1521 1559 1564 τοῖς

33 1583 243 1630 Ξοὲαυτοῦ
276 1585 382 1635 υἳοΐς
413 1587 734 1641 διαμερίσασθαι
764 1584 810 1628 τὸ
840 1587 1048 1639 βασίλειον
1079 1583 1207 1626 αὐτοῦ
1230 1584 1298 1624 καὶ
1325 1582 1399 1637 τὴν
1415 1580 1559 1639 χώραν

90 1656 147 1704 εἷς
165 1651 238 1698 δύο
253 1667 263 1678 ·
299 1652 412 1709 ὅστις
430 1655 579 1710 Ἀχαὸς
603 1653 706 1709 μετὰ
725 1653 801 1709 τὴν
818 1654 1006 1709 τελευτὴν
1026 1656 1100 1696 τοῦ
1124 1651 1252 1694 αὐτοῦ
1275 1650 1433 1708 πατρὸς
1450 1650 1558 1694 ἀπο-

186 1764 242 1800 12.
291 1761 467 1804 Πέλωπος
498 1783 544 1788 -
579 1763 758 1800 Πεισαίου
801 1763 870 1797 ΟΧ.
1010 1762 1066 1798 13.
1114 1758 1247 1806 ἡλιακῇ
1287 1758 1375 1800 Ch.,
1426 1756 1561 1805 Ἰλιακῇ

184 1811 253 1845 Ox.
378 1811 432 1846 18.
474 1807 491 1844 ἐ
517 1810 680 1845 ασίλευσε
703 1811 769 1853 τῆς
793 1805 980 1853 Αἰγύπτου
1003 1806 1123 1853 χώρας
1146 1806 1165 1842 ὁ
1190 1804 1397 1849 Λάπαθος]
1428 1806 1559 1848 „Scri-

182 1855 286 1891 bend.
319 1867 394 1890 cum
426 1855 477 1890 Ce
502 1867 585 1890 reno
619 1856 676 1901 [p.
711 1858 790 1891 120.
824 1855 899 1900 CJ,
949 1856 1015 1900 τῆς
1050 1852 1236 1899 Εὐρώπης
1275 1850 1442 1897 χώρας.“
1491 1852 1556 1889 Ch.

184 1905 240 1939 19.
263 1900 333 1938 τόν
355 1897 502 1948 Ἄχαόν]
528 1902 615 1945 „Ita
633 1902 736 1936 etiam
759 1901 861 1935 infra.
908 1900 1082 1936 Cedrenus
1099 1905 1212 1935 tamen
1236 1910 1311 1934 eum
1328 1896 1470 1944 Ἀχοιιόν
1492 1910 1555 1934 vo-

180 1951 278 1984 cat.“
302 1949 369 1984 Ch.
461 1950 520 1985 21.
548 1946 692 1994 Ἆχαὸς]
714 1946 841 1993 Ἀχαόν
865 1946 934 1982 Ox.

89 2051 136 2088 da
158 2052 310 2088 curavit:
350 2052 561 2099 Ganymedis
593 2051 695 2088 etiam
718 2051 871 2107 reliquiis
904 2051 940 2086 in
963 2050 1084 2088 eodem
1105 2049 1201 2086 Jovis
1224 2049 1373 2096 templo,
1416 2049 1557 2085 honoris

89 2109 214 2142 causa,
247 2098 440 2133 inhumatis.
499 2098 569 2140 Qui
591 2103 705 2133 autem
738 2099 823 2133 soc1i
845 2101 943 2133 erant
972 2097 1123 2139 itineris,
1160 2097 1413 2131 Monumentum
1438 2095 1469 2130 ei
1494 2107 1555 2130 ex-

89 2148 293 2188 truxerunt,
330 2145 396 2180 hoc
427 2144 626 2191 inscriptum
657 2144 858 2190 Epitaphio.
905 2145 1030 2186 „Tros
1054 2144 1130 2178 Rex
1161 2142 1280 2185 Asiae,
1319 2142 1556 2187 Ganymedem

89 2190 216 2232 filium,
240 2191 318 2226 heic
334 2191 526 2235 jacentem,
551 2203 628 2225 cum
650 2191 815 2232 victimis,
843 2190 923 2225 Jovi
946 2190 1137 2225 sacravit-‘⁶

181 2237 261 2272 Hoc
283 2247 366 2271 vero
400 2249 421 2271 a
444 2238 594 2272 Tantalo
620 2238 749 2271 factum
773 2240 844 2278 est,
887 2240 927 2271 ut
950 2236 1076 2271 officiis
1108 2234 1202 2269 hisce
1224 2234 1363 2269 Patrem
1394 2234 1468 2277 ejus
1491 2232 1555 2267 sibi

91 2283 311 2318 conciliarem
339 2282 424 2318 alias
447 2283 535 2318 enim
559 2283 703 2318 Graecis
728 2282 913 2317 hominibus
936 2286 1111 2328 receptum
1135 2292 1203 2316 non
1227 2279 1312 2322 fuit,
1336 2284 1373 2314 ut
1396 2279 1554 2314 Mortalis

90 2329 238 2374 cujusvis
259 2328 426 2375 reliquiae
449 2329 540 2364 intra
563 2341 693 2363 sacram
717 2329 843 2363 Aedem
866 2329 1154 2368 reconderentur3
1191 2338 1235 2360 ne
1257 2326 1306 2360 sic
1330 2325 1454 2359 Divina
1478 2325 1556 2369 pol-

90 2375 277 2410 luerentur.
337 2375 384 2409 Et
416 2374 484 2410 ista
515 2376 650 2421 quidem
682 2375 862 2409 memoriae
892 2374 1066 2410 mandavit
1099 2373 1262 2418 Didymus
1292 2370 1555 2417 sapientissimus

90 2420 284 2456 Historicus
315 2420 616 2468 chronographus.
677 2421 767 2455 Hinc
797 2421 948 2455 nonnulli
981 2421 1200 2462 fabulantur,
1243 2418 1476 2462 Ganymedem
1509 2417 1555 2451 ab

91 2467 214 2513 Aquila
233 2470 369 2513 raptum
389 2466 512 2509 fuisse,
536 2479 576 2502 eo
601 2467 694 2512 quod
718 2472 826 2502 morte
850 2467 975 2502 obierit
996 2465 1187 2512 repentina.

183 2513 267 2548 Post
290 2513 438 2554 Troem,
464 2513 509 2548 ad
531 2512 721 2558 Phrygiam
738 2513 900 2558 ⁸regnavit
923 2513 1010 2547 Ilus:
1045 2524 1111 2558 quo
1135 2515 1289 2555 tempore
1312 2508 1555 2543 celebrabatur

92 2556 302 2604 Triumphus
324 2559 382 2594 ille
403 2559 618 2604 Agonisticus
642 2558 777 2605 Pelopis
801 2559 921 2604 Lydii,
948 2563 1067 2592 contra
1090 2558 1298 2592 Oenomaum
1323 2554 1490 2596 Pisaeum,
1515 2553 1552 2588 in

91 2603 198 2638 Festo
221 2603 299 2639 solis
319 2604 490 2650 agitatum
522 2604 623 2639 sicuti
647 2606 732 2639 haec
755 2605 851 2640 nobis
874 2605 1019 2640 tradidit
1042 2605 1183 2639 Charax
1206 2599 1518 2645 ffistoriographus.
1534 2618 1541 2627 ι

184 2649 268 2684 Post
302 2650 388 2686 haec
418 2651 536 2686 israeli
569 2651 646 2685 Dux
681 2650 750 2685 fuit
794 2655 831 2686 et
859 2651 971 2685 Judex
1010 2650 1198 2694 Sampsonz
1244 2646 1300 2681 vir
1332 2650 1485 2680 strenuus
1515 2648 1554 2680 et

91 2693 273 2739 mysticus,
310 2696 531 2742 mirandaque
554 2696 705 2738 faciens3
746 2696 798 2731 uti
828 2697 975 2731 habetur
1004 2695 1040 2730 in
1063 2692 1241 2728 Hebraicis
1264 2690 1426 2736 Scriptis:
1473 2691 1553 2732 Quo

91 2744 247 2786 tempore
277 2741 378 2776 etiam
409 2742 590 2788 Aegyptiis
621 2742 804 2788 imperavit
836 2742 1019 2788 Lapathus.
1075 2741 1168 2773 Duos
1203 2738 1258 2772 hic
1290 2737 1408 2771 habuit
1442 2737 1553 2778 filios;

90 2787 264 2822 Achaeum
295 2790 332 2821 et
358 2787 544 2822 Laconem:
577 2790 760 2823 moriturus
791 2788 912 2833 itaque
932 2787 1049 2831 jussit,
1083 2796 1223 2830 regnum
1247 2795 1339 2818 suum
1363 2783 1553 2828 regionem-

92 2843 159 2877 que
182 2832 271 2867 filios
293 2832 375 2867 duos
398 2832 488 2867 inter
509 2845 547 2868 se
569 2834 737 2871 dividere.
783 2835 940 2869 Achaeus
972 2832 1100 2877 igitur,
1133 2835 1233 2877 patre
1264 2829 1462 2871 demortuo,
1496 2840 1555 2863 re-

149 2885 295 2922 Ioamzes
333 2885 502 2921 Matalas.
1253 2880 1279 2919 6
