1838 3230
273 190 372 239 402
679 182 963 230 lOANNIS
991 184 1327 229 MALALAE

272 306 338 349 καὶ
363 302 646 361 ἀγανακτήσας
665 303 686 347 ὃ
709 303 833 354 αὐτὸς
852 305 1041 359 βασιλεῦς
1075 305 1252 355 πολλοὺς
1274 301 1552 362 ἐτιμωρήσατο
1589 306 1632 356 ἓξ
1653 306 1730 352 αὖ·

272 378 354 416 τῶν
372 377 454 415 τῶν
470 372 786 429 Ἀλεξανδρέων,
825 371 880 423 ὥς
899 371 1231 429 τυραννήσαντας
1248 373 1320 416 τὸν
1349 373 1526 430 ἄρχοντα
1546 373 1694 418 αὐτῶν,
1710 411 1714 415 .

221 462 252 496 D
374 452 459 494 Ἐπὶ
481 453 526 494 δὲ
544 457 618 507 τῆς
639 451 766 494 αὐτοῦ
783 453 992 503 βασιλείας
1014 451 1255 508 ἐτυράννησε
1287 451 1530 501 Βιταλιανός
1563 450 1584 494 ὅ
1613 452 1730 512 Θρᾲξ

274 520 342 563 διὰ
363 517 569 576 πρόφασίν
599 537 705 572 τινα,
736 521 851 576 φησί,
894 520 1018 576 λέγων
1047 521 1195 565 ὅτιδιὰ
1215 520 1311 569 τούς
1340 520 1624 576 ἐξορισθέντας
1641 513 1752 563 ἐπι-ἶ

273 586 477 636 σκόπους.-
531 589 596 628 καὶ
628 587 832 642 παρέλαβε
858 587 933 641 τὴν
959 586 1126 646 Θρᾴκην
1153 590 1219 630 καὶ
1249 589 1435 631 Σκυθίαν
1461 589 1528 630 καὶ
1555 589 1761 636 Μυσίανό

274 656 348 704 ἕως
373 655 577 708 Ὀδησσοῦ
607 656 674 697 καὶ
691 653 917 710 Ἀγχιάλου,
955 654 1055 710 ἔχων
1074 655 1167 709 μεθ’
1200 654 1348 698 ἑαυτοῦ
1371 660 1532 710 πλῆθος
1562 654 1730 699 Οῧννων

275 725 341 765 καὶ
368 720 628 778 Βουλγάρων.
701 723 766 764 καὶ
798 722 975 777 ἔπεμψεν
1005 721 1025 765 ὅ
1059 723 1182 772 αὐτὸς
1214 723 1405 778 βασιλεὺς
1428 721 1623 766 ιΥπάτιον
1657 722 1729 767 τὸν

274 788 558 847 στρατηλάτην
590 787 779 848 Θρᾴκης·
825 792 891 832 καὶ
929 789 1184 846 παρετάξατο
1227 791 1362 848 αὐτῷ,
1410 793 1476 833 καὶ
1507 793 1730 847 προδοθεὶς

273 855 521 914 παρελήφθη
541 855 620 899 ὖπὸ
641 862 714 900 τοῦ
734 857 860 900 αὐτοῦ
882 861 1128 901 Βιταλιανοῦ
1142 873 1150 882 ·
1187 861 1253 901 καὶ
1278 858 1486 902 δοθέντων
1504 857 1730 915 χρημάτων

273 930 435 968 πολλῶν
471 923 650 979 ἀνεδόθη
682 923 907 980 Ῥωμαίοις.
966 928 1034 968 καὶ
1056 927 1340 981 διαδεχθίντος
1361 931 1434 969 τοῦ
1455 926 1581 969 αὐτοῦ
1594 925 1726 970 ‘Yna-
1738 940 1783 973 10

274 995 376 1046 τιόυ,
413 993 516 1047 μετὰ
538 993 612 1048 τὴν
635 994 677 1036 ἓν
696 992 1121 1037 Κωνσταντινουπόλει
1143 993 1340 1037 ἐπάνοδον
1373 995 1498 1037 αὐτοῦ
1533 993 1727 1052 προήχθη

274 1061 359 1104 ἀντ’
395 1061 520 1104 αὐτοῦ
549 1060 833 1117 στρατηλάτης
866 1059 1033 1121 Θρᾴκης
1061 1060 1267 1118 Κύριλλος
1296 1060 1589 1120 Ἰλλυρικιανός.
1661 1065 1728 1105 καὶ

274 1128 426 1178 εὐθέως
443 1129 632 1171 ἀπελθὼν
651 1128 906 1186 παρετάξατο
927 1135 985 1188 τῷ
1005 1130 1116 1188 αὐτῷ
1136 1133 1368 1188 Βιταλιανῷ
1382 1143 1392 1154 ·
1427 1132 1493 1173 καὶ
1511 1130 1728 1188 συνέκρου-

221 1205 255 1240 E
279 1213 370 1249 σαν,
407 1199 472 1239 καὶ
493 1196 637 1239 ἔπεσαν
656 1199 798 1240 πολλοὶ
829 1200 870 1248 ἐξ
889 1198 1130 1254 ἀμφοτέρων
1150 1202 1232 1241 τῶν
1249 1203 1383 1253 μερῶν
1396 1212 1406 1222 ·
1442 1199 1507 1240 καὶ
1527 1196 1728 1255 περιγενό-

271 1263 430 1318 μενοςὸ
454 1262 656 1320 Κύριλλος
675 1267 863 1319 εῗσῆλθεν
885 1268 926 1308 ἐν
948 1266 1138 1323 Ὀδησσῷ
1159 1271 1210 1322 τῇ
1232 1264 1356 1318 πόλει,
1394 1267 1459 1308 καὶ
1479 1268 1610 1322 διῆγεν
1633 1268 1723 1319 ἐκεῖ,
1738 1274 1781 1309 15

274 1335 520 1375 Βιταλιανοῦ
554 1331 893 1388 ἀναχωρήσαντος
925 1333 968 1374 ἒκ
988 1338 1069 1375 τῶν
1093 1339 1228 1389 μερῶν
1250 1335 1417 1377 ἐκείνων.
1488 1334 1556 1376 διὰ
1578 1332 1729 1384 δόσεως

275 1401 319 1442 δὲ
343 1397 566 1456 χρημάτων
595 1398 833 1457 ἐξηγόρασεν
861 1399 882 1443 ὅ
913 1400 1036 1450 αὐτὸς
1067 1401 1311 1450 Βιταλιανός
1330 1401 1425 1450 τούς
1447 1399 1727 1457 φυλάττοντας

131 1483 164 1516 Ο
190 1480 255 1514 120
277 1472 350 1522 τῆς
370 1468 495 1521 αὐτῆς
511 1467 714 1522 Ὀδησσοῦ
736 1467 889 1518 πόλεως
907 1468 981 1517 τὰς
1002 1466 1171 1523 πόρτας,
1206 1469 1372 1523 πέμψας
1396 1467 1463 1510 διά
1485 1486 1604 1512 τινων
1627 1486 1726 1525 συγ-

273 1539 395 1591 γενῶν
436 1539 518 1577 τῶν
558 1535 692 1578 αῧτῶν
731 1537 962 1593 πορταρίων
1003 1535 1194 1593 χρήματα
1229 1538 1298 1579 καί
1330 1553 1443 1586 τινας
1480 1537 1723 1593 ἐπαγγελίας.

155 1622 184 1655 v
208 1619 253 1654 43
277 1604 498 1660 προδοσίας
530 1603 573 1644 δὲ
602 1603 836 1659 γενομένης,
874 1605 1038 1659 εἰσῆλθε
1055 1604 1198 1654 νυκτὸς
1218 1606 1274 1654 εἲς
1290 1604 1363 1659 τὴν
1383 1604 1588 1659 ’Όδησσον
1607 1604 1780 1648 πόλιν20

275 1670 296 1714 ὅ
334 1670 457 1720 αὐτὸς
491 1669 754 1724 Βιταλιανός,
801 1671 1100 1728 καὶ-παρέλαβε
1139 1672 1209 1715 τὸν
1240 1670 1524 1727 στρατηλάτην
1559 1670 1726 1732 Θρᾴκης

275 1736 479 1796 Κύριλλον
506 1740 570 1780 καὶ
592 1739 741 1782 ἀνεῖλεν
766 1737 904 1782 αὐτόν.
974 1741 1040 1782 καὶ
1069 1735 1174 1795 ἦλθε
1202 1738 1431 1797 πραιδεῦων
1449 1738 1571 1782 πάλιν
1588 1745 1723 1783 πᾶσαν

361 1860 396 1894 5,
421 1857 573 1893 Μυσίαν
595 1856 679 1899 Ch.‚
708 1857 881 1893 Μυσσίαν
904 1858 973 1902 Ox.
1020 1858 1108 1892 Tum
1129 1857 1314 1894 Ὀδύσσου
1339 1859 1406 1892 Ox.
1431 1859 1602 1904 frequenti
1627 1859 1721 1895 vitio.

362 1903 465 1948 Apud
487 1903 677 1937 Hieroclem
699 1914 733 1948 p.
758 1905 835 1939 636.
859 1915 975 1938 veram
998 1903 1198 1949 scripturam
1221 1904 1373 1939 servavit
1395 1903 1481 1939 liber
1508 1904 1721 1950 Wesselingii

361 1948 499 1992 Proleg.
524 1960 558 1994 p.
583 1950 660 1984 630.
755 1952 807 1984 12.
832 1946 1083 1992 Ἱλλυρικιανός
1107 1950 1190 1992 Ch.‚
1210 1947 1508 1994 Ἰουλλιρυκιανός
1532 1951 1600 1984 Ox.
1623 1951 1719 1984 Fort.

361 1993 550 2028 addendum
573 1991 605 2029 ὁ.
727 1995 782 2030 15.
806 1990 948 2040 Ὀδύσῳ
973 2000 1010 2030 et
1034 1997 1090 2030 18.
1112 1997 1169 2031 20.
1196 1993 1379 2031 Ὀδύσσου
1397 2002 1432 2031 et
1443 1994 1626 2032 Ὅδυσσον
1649 1996 1715 2030 Ox.

269 2094 350 2129 dict.
373 2105 420 2128 1x.
479 2094 555 2135 Quo
580 2094 880 2130 Alexandrinorum
910 2096 1004 2131 facto
1035 2100 1216 2131 commotus
1238 2096 1447 2143 Imperator,
1482 2108 1504 2131 a
1528 2097 1637 2132 multis
1659 2109 1719 2133 eo-

268 2152 354 2182 rum,
377 2141 421 2174 ob
443 2139 511 2174 vim
535 2139 717 2175 Praefecto
741 2153 799 2175 suo
822 2142 962 2184 illatam,
986 2154 1113 2187 poenas
1135 2141 1261 2186 exegit.

357 2206 516 2250 Ejusdem
544 2207 605 2240 sub
630 2207 773 2252 Imperio
797 2209 986 2244 Vitalianus
1018 2210 1158 2250 Thrax,
1197 2209 1378 2244 vindictam
1408 2213 1608 2254 praetexens
1631 2208 1719 2254 Epi-

268 2263 446 2297 scoporum
469 2251 695 2293 exulandum,
730 2265 822 2287 arma
845 2254 1003 2299 sumpsit3
1044 2259 1079 2289 et
1105 2255 1245 2289 collecto
1268 2255 1332 2289 sibi
1354 2255 1547 2288 Hunnorum
1579 2259 1615 2288 et
1636 2254 1719 2287 Bul·-

267 2309 424 2342 garorum
446 2308 620 2330 numeroso
643 2298 816 2340 exercitu,
854 2300 1055 2340 Thraciam,
1078 2300 1274 2344 Scythiam,
1300 2300 1527 2344 Mysiamque‚
1552 2299 1718 2344 Odyssum

266 2354 374 2386 usque
408 2346 443 2376 et
473 2342 670 2376 Anchialum
703 2344 895 2388 occupavit.
965 2345 1132 2380 Adversus
1171 2346 1259 2379 huno
1293 2345 1480 2389 Imperator
1520 2345 1717 2389 Hypatium,

266 2387 439 2421 Thraciae
461 2387 599 2421 militum
622 2387 833 2432 Magistrum,
858 2389 986 2423 emisit:
1017 2391 1086 2435 qui,
1111 2390 1240 2435 praelio
1264 2401 1338 2424 cum
1362 2400 1402 2422 eo
1426 2391 1610 2430 commisso,
1634 2401 1718 2434 pro-

264 2433 392 2466 ditione
414 2433 557 2477 quadam
580 2436 720 2478 captus,
743 2433 777 2466 in
793 2434 956 2468 Vitaliani
978 2446 1091 2469 manus
1113 2435 1269 2469 devenit:
1293 2438 1532 2488 numeratoque
1554 2434 1718 2480 pecunia-

264 2489 335 2511 rum
358 2477 667 2522 ingenti-pondere‚
691 2477 846 2512 Romanis
869 2479 990 2513 iterum
1013 2480 1186 2514 restitutus
1203 2484 1263 2514 est.
1311 2480 1638 2525 Constantinopolim
1657 2491 1717 2514 ve-

262 2534 301 2556 ro
326 2529 401 2568 post
435 2534 626 2564 rever-sum,
662 2523 852 2568 Imperator
882 2525 1082 2568 magistratu
1112 2524 1300 2564 abdicavit;
1344 2526 1525 2569 subrogato
1548 2525 1583 2559 in
1606 2525 1717 2560 locum

261 2568 333 2610 ejus
354 2568 482 2612 Cyrillo
497 2567 715 2612 Illyrician03
737 2569 795 2614 qui
812 2573 850 2603 e't
867 2568 939 2613 ipse
956 2581 1032 2603 cum
1051 2569 1224 2604 vitaliano
1246 2570 1344 2604 armis
1363 2571 1573 2604 decertabat.
1607 2570 1714 2604 Prae-

260 2612 305 2646 lio
330 2617 441 2647 autem
464 2613 654 2658 commisso,
680 2614 815 2659 plurimi
837 2614 994 2657 utrinque
1018 2614 1230 2649 ceciderunt:
1257 2615 1402 2660 Cyrillus
1426 2620 1535 2649 autem
1558 2616 1716 2660 superior

258 2658 557 2702 sactus,0dyssum
569 2660 683 2693 urbem
700 2671 736 2693 se
759 2659 910 2705 recepit;
935 2659 1108 2693 Vitaliano
1130 2660 1228 2693 etiam
1254 2672 1295 2694 ex
1319 2661 1512 2705 regionibus
1535 2660 1601 2694 illis
1615 2671 1712 2694 rece·-

261 2702 374 2736 dente.
398 2703 586 2738 Vitalianus
609 2703 754 2746 interim,
773 2705 876 2740 missis
898 2715 960 2750 per
982 2710 1144 2749 cognatos
1168 2717 1281 2739 eorum
1306 2705 1361 2750 qui
1391 2707 1435 2740 ad
1459 2709 1575 2750 portas
1588 2703 1712 2749 Odyssi

260 2747 418 2782 excubias
434 2748 602 2794 a‘gqbann
617 2749 777 2794 pecuniis,
802 2750 969 2794 factisque
981 2750 1081 2784 etiam
1099 2750 1398 2794 pollicitationibus
1415 2750 1491 2784 aliis
1503 2749 1710 2795 quibusdam,

258 2791 425 2827 Custodes
441 2797 651 2838 corn-eperat.
691 2795 1025 2840 Proditione'itaque
1047 2796 1151 2835 facta,
1178 2796 1366 2830 Vitalianus
1391 2797 1505 2830 urbem
1528 2801 1630 2829 noctu
1656 2794 1711 2827 in-

255 2836 427 2879 greditur,
453 2840 729 2884 captumqueffibi
753 2841 925 2876 Thraciae
948 2840 1092 2875 Militum
1119 2841 1340 2885 Magistrum,
1378 2840 1541 2886 Cyn-illum
1563 2839 1709 2874 interse-
