1838 3230
555 151 1029 197 ANNOTATIONES.
1424 156 1522 204 615

70 282 146 320 pro
176 265 288 318 ἐπι-ὂς
310 266 389 307 hoo
409 268 500 307 loco
520 267 614 320 poni
642 272 853 319 putamus5
884 268 1031 320 itaque·
1050 265 1094 308 ἐκ
1115 268 1188 319 τῆς
1213 264 1404 319 γενέσεώς
1433 284 1524 321 μου,

71 334 187 364 extra
211 323 398 364 nascendi
425 333 584 373 sortem,
611 323 824 362 vertimus:
854 323 946 363 Chr.
966 322 1222 362 Alexandrini
1250 329 1378 362 tamen
1396 324 1525 363 luter-

69 394 162 433 pres
181 380 255 419 ista
274 379 434 430 reddit,
461 378 513 418 ab
532 380 617 432 ipso
635 378 764 417 natali
784 394 888 418 meo:
919 393 1034 432 quam
1054 379 1212 431 quidem
1233 379 1523 431 interpretatio-

69 449 160 476 nem
187 437 347 476 omnino
387 435 612 489 improbare
641 435 751 474 haud
777 437 922 484 ausim3
967 450 1053 474 rem
1075 436 1210 487 itaque
1238 436 1279 474 in
1308 436 1440 476 medio
1464 451 1523 476 re-

66 493 124 532 lin
153 506 218 535 uo.

125 506 151 545 q
181 549 291 601 Pog.·
314 548 407 590 355.
442 552 509 590 20.
539 540 728 598 ἇτυχεῖς.]
760 546 851 587 Chr.
865 547 977 585 Alex.
998 547 1130 595 habet,
1160 543 1334 598 οἶπιθεῖς,
1362 549 1521 589 rectius.

181 605 282 658 Pog-
310 606 406 649 556.
439 607 500 646 19.
531 602 598 642 καὶ
618 602 932 654 ἐκκουσσεῦσαι.]
964 603 1054 643 Chr.
1079 604 1190 642 Alex.
1209 602 1341 653 habet,
1370 605 1437 645 καὶ
1462 605 1523 652 ἐξ·
1579 649 1581 652 ,

67 665 326 710 κουσσεῦσαι,
357 660 577 712 scriptione
599 659 738 697 Latino
759 659 976 708 vocabulo,
1006 660 1129 710 magis
1151 660 1424 700 conveniente:
1463 661 1523 710 ἐξ-

67 713 300 759 κουσσεύειν
323 717 440 766 enim,
470 721 510 754 et
528 713 859 766 ἕξκουσσατεύειν,
889 731 1088 762 excusare,
1119 715 1259 755 dicunt
1271 718 1521 756 recentiores.

182 776 276 826 Pag.
299 772 395 815 357.
426 775 491 815 10.
521 767 580 811 ὅτι
598 768 734 812 οὐδενὶ
752 768 848 814 αὐτὸ
863 771 1050 824 ἔπεμψα]
1083 771 1152 811 Vel
1171 771 1350 825 ἔπεμψεν
1366 772 1445 812 hoc
1460 774 1521 812 lo-

68 843 115 868 co
134 828 399 877 scribendum,
429 828 493 866 vel
509 827 550 866 in
573 827 839 879 sequentibus,
871 827 1031 882 ἔφαγον.

177 883 274 938 Pag.
304 886 398 927 357.
441 888 509 927 22.
568 883 611 924 ἐν
642 887 694 940 τῇ
725 880 886 940 εὐδοκία
928 898 1001 924 σου
1031 882 1395 938 οἰκοδομηθήσεται
1421 885 1522 937 etc.]

68 941 247 993 Optime!
288 941 322 979 si
341 940 460 980 modo
493 940 642 978 Graece
664 940 837 993 Davidus
855 940 1112 992 prophetatus
1140 941 1302 991 fuisset,
1332 948 1524 994 praetex-

66 1005 151 1038 tum
173 997 450 1050 speciosiorem
467 996 543 1035 ista
563 996 735 1047 fingendi
754 996 982 1035 habuissent
1000 997 1184 1035 Graeculi
1209 997 1265 1036 hi.

181 1057 277 1106 Pag.
306 1055 400 1096 358.
431 1056 499 1095 11.
533 1052 603 1093 ἵνα
621 1049 851 1107 εὖτρεπίσῃς
874 1047 1021 1108 αὖτςό.]
1054 1052 1144 1091 Chr.
1167 1054 1278 1092 Alex.
1299 1052 1430 1099 habet,
1459 1053 1520 1094 ἒν«

65 1106 285 1163 τρεπήσηςγ·
321 1108 518 1148 mendose.
577 1109 784 1147 Caeterum
815 1109 1019 1160 legationis
1039 1109 1268 1161 hujusmodi
1289 1109 1394 1161 apud
1414 1110 1520 1148 Pris-

65 1179 156 1206 cum
175 1165 400 1215 Rhetorem,
431 1163 573 1218 (quem
594 1165 762 1204 eundem
782 1165 903 1204 fuisse
921 1178 1011 1203 cum
1029 1165 1166 1203 Prisco
1182 1165 1251 1204 illo
1268 1165 1433 1216 Thrace,
1451 1167 1521 1217 qui

65 1223 171 1261 bella
191 1222 287 1261 haec
309 1223 416 1261 inter
440 1221 599 1259 Attilam
621 1227 660 1259 et
680 1222 876 1260 Romanos
905 1221 1159 1272 descripsisse
1191 1222 1240 1259 ab
1259 1221 1434 1261 Auctore
1462 1223 1520 1260 in-

65 1280 126 1319 fra
148 1278 315 1328 dicitur,
344 1277 549 1330 probabile
578 1275 666 1330 est)
690 1277 836 1316 mentio
856 1283 964 1316 extat
991 1278 1118 1326 nulla,
1148 1277 1190 1315 in
1208 1278 1405 1328 Legation.
1433 1278 1519 1316 Ex-

66 1341 190 1387 cerpt.
245 1333 512 1373 Theodosium
533 1333 689 1384 quidem
711 1333 760 1371 de
782 1333 1011 1383 Transfugis
1022 1364 1032 1381 ,
1063 1341 1102 1372 et
1123 1334 1300 1373 Tribulis
1317 1334 1521 1387 postulan-

65 1391 106 1430 di
125 1404 258 1430 ansam
277 1390 591 1442 frequentissime
606 1402 695 1428 eum
720 1390 956 1442 arripuisse,
986 1389 1133 1428 ibidem
1155 1395 1320 1429 testatur
1341 1392 1518 1430 Priscus:

64 1461 89 1486 a
106 1446 379 1486 Valentiniano
405 1460 501 1486 vero
523 1446 787 1498 Imperatore,
817 1459 992 1485 sororem
1016 1446 1099 1498 ejus
1118 1445 1335 1485 Honoriam
1353 1447 1394 1485 in
1415 1460 1519 1485 uxo—

62 1517 168 1554 rem,
192 1516 433 1555 regnumque
464 1502 739 1551 Occidentale‚
767 1503 832 1542 vel
855 1503 992 1542 saltem
1025 1501 1229 1541 dimidiam
1250 1503 1333 1555 ejus
1355 1509 1518 1555 partem,

63 1559 170 1599 dotis
193 1560 360 1604 nomine,
389 1559 463 1598 sibi
485 1559 728 1611 poposcisse.

183 1619 273 1668 Pag.
303 1618 398 1659 358.
429 1618 492 1657 16.
535 1611 693 1666 α’πῆλθε
713 1611 814 1666 πρὸς
839 1610 1062 1665 Αλᾶριχον,
1090 1611 1191 1666 πρός
1218 1612 1310 1662 τούς
1330 1609 1516 1659 Γάλλους,

64 1670 159 1713 ὄντα
179 1669 321 1726 ἐχθρὰν
345 1671 574 1722 Ρωμαίων.]
610 1671 754 1710 Eadem
773 1669 894 1707 habes
922 1669 1031 1721 apud
1053 1668 1145 1708 Chr.
1164 1669 1419 1708 Alexandrini
1436 1669 1517 1706 Au-

65 1735 236 1776 ctorem,
269 1727 338 1778 qui
365 1727 480 1765 etiam
509 1726 641 1775 addit,
674 1723 740 1767 διοέ
761 1721 953 1776 Ονώριον.
1014 1726 1220 1764 Caeterum
1244 1725 1339 1764 haec
1370 1739 1391 1762 a
1422 1738 1516 1763 vero

66 1784 189 1823 aliena
207 1790 315 1822 sunt:
349 1782 558 1822 Alarichus
578 1783 699 1831 enim,
730 1781 906 1820 Honorio
927 1781 1056 1820 adhuc
1076 1783 1312 1833 superstite,
1343 1781 1433 1820 latis
1451 1781 1518 1818 de-

63 1842 225 1879 functus
252 1845 323 1880 est.
381 1840 499 1878 Forte
523 1839 657 1890 itaque
687 1838 736 1877 de
760 1837 1029 1893 Theoderico,
1060 1836 1280 1877 Gothorum
1301 1850 1411 1888 rege,
1441 1836 1516 1875 ista

63 1897 317 1947 intelligenda
336 1902 446 1935 sunt:
482 1895 588 1933 hunc
609 1894 712 1933 enim
738 1894 871 1932 Aetius
891 1894 932 1932 in
949 1895 1212 1933 Romanorum
1235 1894 1426 1933 adversus
1446 1894 1516 1931 At-

62 1953 171 1991 tilam
192 1953 419 1992 societatem
445 1952 582 2004 legatis
605 1952 686 1990 suis
707 1950 888 1994 adduxit.
945 1948 1174 1989 Vide-Paul.
1191 1951 1351 1990 Diacon.
1372 1955 1412 1988 et
1428 1948 1515 1988 Ida-

62 2009 114 2048 cii
133 2008 275 2050 Chron.
1403 2042 1407 2049 .

178 2068 270 2119 Pag-
299 2068 394 2109 358.
428 2067 494 2107 18.
539 2061 787 2116 &aelffinus-J
819 2061 910 2101 Chr.
931 2062 1043 2104 Alex.
1070 2061 1191 2102 habet
1218 2058 1418 2112 ἀπώλεσε,
1448 2074 1513 2100 re-

64 2122 178 2162 etius.

173 2180 278 2229 Pag.
309 2177 404 2220 358.
435 2180 502 2219 20.
547 2176 604 2223 εἷς
634 2174 678 2216 δὲ
698 2173 772 2227 τήν
803 2170 1249 2226 συμβολήν.].Βοᾱοι·ιιε
1275 2173 1351 2212 ista
1379 2172 1510 2222 vertit,

64 2243 178 2289 atque
197 2231 388 2287 adfidem
402 2230 665 2288 faciendam‚·
708 2230 808 2269 male
828 2231 996 2270 omnino.

179 2293 273 2342 Pag.
301 2290 395 2331 358.
425 2293 491 2331 21.
523 2285 602 2329 οἷπὸ
620 2288 814 2340 σαγίτας.]
842 2287 1005 2340 Σαγίτα,
1035 2292 1073 2325 et
1092 2285 1270 2338 σαγίττα,
1303 2290 1341 2341 et
1359 2290 1510 2336 tempo-

63 2346 174 2385 ribus
193 2348 309 2384 etiam
331 2345 577 2396 sequioribus
599 2345 724 2392 σαΐτα,
754 2341 909 2395 Sagitta
932 2343 1036 2381 dicta
1058 2348 1129 2382 est.

179 2404 270 2454 Pag.
300 2402 393 2443 359.
423 2405 461 2443 2.
492 2398 558 2441 διοέ
576 2403 656 2440 ταῖν
679 2400 803 2453 ῥινῶν
825 2399 1062 2450 ἐνεχθεῖσα]
1094 2399 1177 2437 Ser.
1197 2395 1420 2451 ἕνεχθείσῃ·
1449 2396 1509 2433 ni-

65 2460 100 2496 si
121 2457 210 2508 quis
227 2458 353 2508 legere
380 2458 534 2506 mallet,
561 2458 791 2508 καταφορᾶς
819 2455 983 2506 αἵματος
1003 2452 1069 2493 δια1
1096 2455 1175 2491 τῶν
1196 2453 1321 2504 ῥινῶν
1340 2451 1509 2503 ἐνεχθεί-

66 2526 152 2565 σης.
183 2511 278 2552 Chr.
302 2512 410 2551 Alex.
430 2512 560 2562 habet,
589 2513 798 2566 καταφορᾷ
814 2511 977 2562 αἵματος
994 2506 1059 2549 dio}
1078 2510 1159 2547 τῶν
1179 2508 1305 2556 ριναῖν
1324 2506 1508 2558 ἐνεχθείς.

66 2570 272 2608 Caeterum
297 2568 345 2606 de
363 2569 508 2608 Attilae
532 2571 669 2608 mortis
688 2581 827 2618 genere
849 2580 927 2605 non
948 2564 1129 2603 convenit
1151 2564 1254 2602 inter
1274 2563 1506 2613 Scriptores.

179 2626 271 2677 Pag·
298 2625 392 2666 359.
423 2629 487 2667 13.
537 2624 756 2672 Υπατείαν,
785 2620 861 2676 τὴν
890 2617 1128 2674 περιβόητον
1157 2615 1382 2670 φιλόσοφον
1407 2619 1504 2671 etc.]

64 2681 238 2720 Theonis
251 2681 461 2719 Alexandri
471 2680 696 2733 Philosophi
713 2679 791 2719 filia
808 2679 906 2717 haec
923 2678 1010 2722 fuit,
1040 2688 1140 2727 quae
1165 2676 1214 2713 ob
1233 2675 1395 2713 eximiae
1411 2688 1505 2714 suae

64 2751 196 2776 rerum
219 2737 575 2776 Astronomicarum
595 2736 759 2789 peritiae
774 2735 978 2781 invidiam,
999 2732 1047 2770 ab
1069 2731 1342 2770 Alexandrinis
1363 2731 1505 2770 discer-

67 2800 136 2847 pta
152 2800 231 2844 est,
260 2793 317 2831 uti
341 2797 505 2833 testatur
522 2792 740 2845 Hesychius
761 2790 948 2840 illustris,
978 2789 1026 2828 de
1045 2788 1126 2828 Vir.
1148 2789 1247 2826 Clar.
1270 2787 1330 2825 his
1353 2787 1503 2827 verbis:
