1838 3230
18 257 27 285 >

13 295 37 339 a

15 350 32 390 5

666 139 967 184 EPISTOLA.
1449 142 1549 189 703

22 235 35 276 ἦ
88 258 396 312 complectatur3
409 283 412 287 -
425 255 475 296 ab
493 270 540 298 eo
560 235 736 310 tempore
755 269 834 309 quo
845 255 1020 307 primum
1039 252 1241 308 θεήλατον
1255 254 1427 308 privigni
1443 270 1551 295 amo.

85 319 168 355 rem
187 313 367 354 Phaedra
395 320 651 366 conceperat,
682 326 807 364 usque
833 314 884 351 ad
904 312 1111 365 Hippolyti
1127 318 1316 352 mortemt
1358 313 1551 362 quaedam

86 371 203 411 etiam
220 385 270 410 ex
286 371 420 422 priore
448 371 640 419 citentur,
672 383 772 421 quae
795 375 834 408 et
863 369 905 406 in
927 370 1051 407 altero
1075 369 1261 421 reperias.
1320 367 1426 415 Quin
1455 369 1552 408 mihi
1575 369 1609 404 V
1632 367 1675 404 18

84 427 427 480 persuasissimum
444 433 503 466 est
523 441 609 466 eam
630 426 680 464 ob
697 440 852 464 causam
863 422 1176 478 Καλυπτόμενον
1194 437 1275 464 esse
1294 424 1550 477 inscriptum3

27 487 29 491 ’
85 483 224 536 quod
211 498 254 523 m
270 489 454 525 extrema
460 483 592 522 fabula
613 483 670 520 sic
687 483 876 534 loquatur
895 482 1136 534 Hippolytus
1155 480 1438 525 moribundus.

263 539 596 606 .Κεκαρτε’ρηται
624 535 740 591 τᾶμ’·
782 536 911 579 ὄλωλα
929 536 1004 591 γάρ
1025 535 1160 604 πάτερ,

301 592 480 648 Κρῦψον
507 595 550 637 δέ
567 611 644 647 μου
663 592 891 648 πρόσωπον,
923 611 977 643 ως
992 592 1121 647 τάχος,
1151 593 1328 643 πέπλοις.

14 682 22 691 ,
83 650 289 690 Proinde
275 665 318 690 111
338 659 506 704 utraque
528 653 660 691 sabula
681 652 1026 703 comper-iebantm
1044 652 1087 690 hi
1103 652 1303 691 versiculi.
1362 650 1549 690 Similiter
1573 651 1606 685 0
1629 651 1674 686 32

83 713 123 745 et
153 708 269 747 alteri
295 706 612 763 Στεφανηφόρου
639 722 782 747 nomen
812 714 870 747 est
891 708 1082 759 inditum,
1114 715 1279 761 propter
1307 707 1406 747 haec
1424 708 1546 748 verba

81 761 294 817 Hippolyti
312 779 391 804 non
417 766 534 816 longe
550 781 572 804 a
593 765 813 817 principio:

297 821 375 862 Σοὶ
399 818 516 863 τόνδε
536 819 703 863 πλεκτόν
729 820 925 871 στέφανον
950 820 990 870 ἐξ
1012 818 1215 874 οἷκηράτου

297 881 530 931 Λειμωνος,
559 894 590 918 ω
612 877 819 926 δέσποινα,
849 875 1053 930 κοσμήσας
1069 878 1188 933 φέρω.

19 947 22 950 ’
79 932 169 971 Non
194 932 315 984 igitur
334 935 466 988 δρᾶμα
495 949 641 973 novum
662 941 744 973 exat
763 934 1008 986 Hippolytus
1039 935 1288 986 Στεφαιίας,
1317 935 1388 975 sed
1407 950 1545 977 corre-

81 995 189 1027 ctum
210 989 423 1040 duntaxat,
454 997 572 1043 atque
592 991 888 1044 inteipolatum‚
916 989 1104 1044 διασκευὴ
1125 1008 1196 1033 του
1221 992 1425 1065 προτέρου.
1463 994 1545 1033 Ve-

79 1051 145 1084 tus
167 1021 456 1086 Grammaticus
484 1048 727 1098 Argumento
750 1047 968 1099 Hippolyti.
1018 1048 1120 1088 Εστὶ
1150 1047 1194 1089 δὲ
1224 1053 1341 1097 ούτος
1366 1048 1391 1090 ὁ
1418 1045 1545 1091 Ιππὸ-

79 1105 196 1150 λυτος
218 1098 399 1158 δευτερος
425 1103 494 1144 καὶ
519 1105 747 1154 Στεφανίας
774 1100 1179 1157 προσαγορευόμενος.
1238 1105 1470 1157 ἐμφαίνεται
1500 1104 1544 1146 δὲ

77 1155 243 1226 υστερος
260 1159 542 1214 γεγραμμένος·
571 1176 616 1201 το
641 1158 714 1215 γάρ
736 1156 908 1214 οἷπρεπὲς
923 1160 990 1201 καὶ
1007 1161 1244 1215 κατηγορίας
1259 1160 1372 1210 α’ξιον
1390 1161 1433 1202 έν
1452 1159 1544 1203 τού-

77 1229 132 1269 τῳ
161 1211 391 1269 διώρθωται
419 1219 476 1272 τῷ
505 1213 685 1270 δράματι.
744 1217 822 1264 Qui
854 1217 979 1255 nescit
1007 1218 1103 1268 quid
1121 1218 1171 1257 sit
1189 1215 1378 1270 διασκευη
1403 1225 1441 1256 et
1462 1220 1542 1260 διε-

79 1271 348 1324 σκευασμένον
369 1273 512 1326 δρᾶμα,
543 1274 746 1312 consulere
765 1273 913 1325 poterit
926 1273 1197 1312 casaubonum
1219 1273 1541 1315 adAihenaeum:

77 1326 172 1379 Ejus
200 1341 271 1379 ego
301 1329 446 1367 scrinia
473 1343 553 1367 non
583 1330 777 1382 compilo3
810 1330 878 1367 sed
910 1329 1098 1394 Hesychii
1126 1331 1260 1369 locum
1290 1331 1540 1371 emendatum

78 1384 225 1422 curabo
236 1413 248 1434 ‚
287 1398 410 1452 quem
429 1398 503 1424 neo
529 1386 596 1424 ille
627 1399 699 1425 nec
730 1385 830 1424 alius
864 1386 1070 1438 quisquam
1102 1386 1340 1426 intellexisse
1368 1387 1540 1431 videtur.

76 1440 276 1490 Λυδίζων,
292 1437 470 1495 χορεύων
487 1439 553 1483 διὰ
569 1440 665 1490 τούς
680 1437 860 1491 Λυδους,
891 1444 930 1483 οἳ
947 1439 1135 1491 σωζονται
1155 1442 1241 1496 μὲν,
1266 1443 1541 1508 διεσκευασμέ-

75 1511 140 1537 νοι
169 1493 209 1537 δ’
241 1497 354 1538 εἰσίν.
424 1498 484 1537 Ita
512 1499 598 1549 lege
615 1499 771 1547 locum
801 1499 914 1552 cujus
940 1498 1039 1538 haec
1063 1506 1122 1538 est
1142 1500 1352 1538 sententia:
1381 1500 1541 1551 Magnes

74 1553 220 1592 veteris
250 1554 486 1594 Comoediae
510 1555 682 1607 scriptor
710 1555 844 1593 diama
877 1555 1015 1594 docuit
1035 1554 1218 1606 Λυδους,
1250 1556 1318 1608 qui
1348 1562 1444 1595 tunc
1473 1570 1541 1595 su-

75 1609 330 1661 perfuerunt
362 1623 441 1662 quo
459 1617 636 1663 tempore
657 1612 942 1650 Grammaticus
968 1611 1036 1663 qui
1061 1612 1210 1663 primus
1227 1611 1326 1651 haec
1343 1612 1467 1662 dixit,
1496 1614 1540 1652 111

16 1678 17 1681 ’
75 1665 179 1703 vivis
209 1665 305 1715 suit3
360 1666 428 1705 sed
457 1667 530 1705 sub
561 1668 745 1706 incudem
773 1668 968 1715 revocati,
1007 1681 1190 1720 novaque
1218 1668 1310 1707 lima
1339 1670 1539 1721 perpoliti.

75 1720 238 1760 Photius
260 1721 514 1763 Patriarcha·
557 1720 795 1773 Λυδιάζων,
844 1723 977 1764 Λυδοὶ
1007 1721 1227 1778 Μάγνητος
1259 1727 1333 1766 τοῦ
1359 1729 1542 1777 κωμικοῦ

76 1774 435 1830 διεσκευάσθησαν.
488 1780 575 1831 lege
595 1786 642 1818 ut
659 1781 766 1832 apud
786 1779 1280 1832 Ηεεγο111ι1111,Λυό“ίζων.
1338 1782 1537 1833 Castigan-

76 1834 151 1872 dus
178 1834 294 1874 etiam
323 1835 484 1886 Suidas,
529 1835 598 1888 qui
630 1833 843 1884 Λυδιάζων
868 1836 985 1875 habet
1018 1836 1165 1889 absque
1199 1839 1536 1905 interpretatione.

74 1891 184 1929 Idem
206 1890 448 1943 Hesychius:
489 1893 687 1944 Ψηνίζων,
708 1909 803 1942 τους
823 1896 961 1946 ψῆνας
984 1892 1086 1946 λέγει
1102 1892 1196 1942 τούς
1214 1909 1284 1935 του
1269 1890 1533 1950 Μάγνητος.

75 1948 208 1987 scribe
231 1963 325 1996 τους
360 1951 501 2001 Ψῆνας
527 1951 601 1990 τοῦ
628 1948 858 2002 Μάγνητος.
914 1950 1112 2001 Siquidem
1130 1950 1197 1990 ille
1216 1950 1332 1990 etiam
1356 1951 1532 1991 fabulam

79 2006 223 2057 Ψῆνας
251 2004 482 2057 publicavit.
539 2005 820 2058 Aristophanes
841 2006 1066 2058 Equitibus:

295 2063 428 2102 Ταῦτα
454 2059 527 2115 μὲν
556 2060 710 2111 εἰδως
695 2079 720 2103 α
723 2061 851 2104 ”παθε
866 2060 1042 2117 Μάγνης
1067 2079 1150 2116 αμα
1177 2066 1264 2113 ταῖς
1280 2066 1437 2114 πολιαῖς
1456 2080 1530 2106 κα·-

999 2117 1198 2169 τιούσαις,

287 2175 342 2223 Ος
361 2177 521 2216 πλεῖστα
541 2189 672 2229 χορων
695 2177 775 2216 τῶν
794 2171 1020 2217 ἀντιπάλων
1037 2177 1151 2243 νίκης
1167 2176 1301 2229 ε’στησε
1317 2172 1498 2230 τρόπαια,

290 2226 433 2280 Πάσας
458 2227 498 2272 δ’
523 2231 619 2284 ὑμῖν
639 2247 777 2282 φωνας
804 2231 888 2283 ἱεὶς,
920 2232 987 2273 καὶ
1001 2229 1165 2283 ψάλλων
1186 2233 1254 2274 καὶ
1274 2235 1525 2287 πτερυγίζων,

291 2287 373 2328 Καὶ
392 2288 578 2336 Λυδίζων
603 2289 670 2329 καὶ
699 2289 881 2341 Ψηνίζων
911 2291 978 2330 και
1002 2286 1249 2343 βαπτόμενος
1268 2290 1524 2342 βατραχείοις.

71 2340 143 2380 His
159 2341 291 2381 verbis
310 2343 499 2396 Magnetis
519 2344 673 2384 fabulae
692 2347 921 2399 Βαρβιτίδες
941 2347 1025 2386 sive
1047 2344 1309 2400 Βαρβιτισταὶ,
1341 2349 1526 2400 Ορνιθες,

71 2399 223 2447 Λυδοὶ,
259 2402 412 2452 Ψῆνες,
441 2407 480 2440 et
498 2397 692 2454 Βάτραχοι
711 2402 947 2442 indicantur.
1005 2403 1139 2454 Cogita
1165 2408 1314 2453 autem,
1345 2403 1414 2454 qui
1442 2417 1525 2454 pax

71 2454 175 2493 inter
195 2429 434 2508 Hesychium
461 2457 723 2510 Photiumque
753 2465 791 2499 et
815 2460 955 2512 Anony
958 2473 1062 2498 mum
1085 2458 1175 2512 περὶ
1203 2460 1411 2513 κωμῳδίας
1430 2473 1524 2497 con-

73 2510 200 2550 ciliari
224 2513 369 2578 possit·
410 2514 486 2553 Hic
513 2515 614 2553 enim
642 2515 771 2554 omnia
801 2516 991 2568 Magnetis
1014 2517 1161 2567 scripta
1183 2515 1392 2567 deperiisse
1412 2515 1524 2565 dicit,

72 2563 192 2607 ουὸὲν
211 2564 417 2617 σώζεσθαι.
466 2567 643 2624 Μάγνης
660 2576 869 2623 Αθηναῖος
888 2568 1182 2641 ἀγωνισάμενος
1199 2569 1392 2642 Αθήνησι
1407 2572 1522 2619 νίκας

71 2622 181 2691 ἔσχεν
203 2621 265 2664 ια’.
300 2639 378 2666 των
397 2625 441 2667 δὲ
466 2625 676 2681 δραμάτων
697 2626 823 2670 αυτοῦ
849 2626 967 2670 ου’δὲν
1001 2625 1179 2677 σώζεται·
1210 2644 1259 2669 τα
1278 2626 1320 2669 δὲ
1342 2624 1523 2682 ἐπιφερό-

70 2676 171 2733 ‘aemi
194 2680 299 2722 ἐστιν
321 2681 445 2724 ἐννέα.

284 2736 374 2777 Νοη
389 2745 568 2811 nostrum
585 2741 688 2780 inter
706 2756 771 2782 eos
788 2748 916 2781 tantas
937 2754 1176 2794 componere
1195 2741 1297 2782 lites.
1545 2764 1578 2799 Ο
1601 2765 1646 2801 33

181 2792 272 2846 Peg·
295 2796 387 2838 148
448 2799 481 2836 Ο
499 2812 573 2852 γαρ
602 2796 729 2850 σοφος
751 2795 979 2853 Εὐριπίδης
1000 2799 1131 2854 δρᾶμα
1151 2797 1309 2848 ἐξέθετο
1330 2796 1420 2854 περὶ
1448 2801 1520 2839 τοῦ
