1838 3230
405 147 1019 194 CHRONOGRAPHIA.
1076 146 1125 190 L.
1153 146 1270 192 XIII.
1492 151 1594 201 347

117 266 204 313 ἄνω
221 269 280 319 εἲς
297 267 346 312 τὸ
367 266 464 326 ὅρος
479 273 567 318 τοῖς
595 266 823 324 λεγομένοις
843 266 1132 326 ἃκροπολίταις
1158 274 1244 319 τοῖς
1265 265 1508 322 ἂπομείνασι
1526 270 1595 311 καὶ

118 335 331 394 οἰκήσασιν
357 335 443 381 ἅνω
475 336 572 393 μεθ’
605 335 677 387 οὓς
704 334 903 392 κατήγαγε
923 337 1120 388 Σέλευκος
1142 335 1164 380 ὃ
1189 336 1395 385 Μακεδών
1416 334 1437 380 ὅ
1459 336 1594 380 Νικά-

116 422 204 464 τωρ
231 407 275 450 ἐν
299 410 351 464 τῇ
370 403 483 450 πόλει
501 409 554 463 τῇ
574 406 786 463 κτισθείσῃ
805 403 871 447 ὕπ’
896 405 1025 449 αὐτοῦ
1044 407 1086 449 ἓν
1105 411 1165 465 τῷ
1183 405 1382 465 λεγομένῳ
1416 405 1569 450 αὖλῶνι
1582 420 1593 430 ·

117 473 311 526 οὕστινας
341 476 408 518 καὶ
436 471 706 532 παρεκάλεσεν
731 476 853 517 οἰκεῖν
883 473 970 529 ἅμα
993 475 1106 534 αὐτῷ
1132 475 1208 531 τὴν
1227 473 1339 518 κάτω
1368 472 1485 518 πόλιν
1500 474 1593 518 Ἀν-

84 541 295 598 5τιόχειαν
323 543 399 587 τὴν
427 541 620 600 μεγάλην.
691 543 734 586 ἐν
762 543 898 602 ἐκείνῳ
923 544 968 586 δὲ
992 548 1052 604 τῷ
1073 549 1202 603 καιρῷ
1224 543 1345 598 ἔλαβε
1372 550 1505 599 τεῖχος
1526 545 1595 587 καὶ

113 615 158 656 Γ
154 613 321 670 ίνδαρος
351 613 422 656 καὶ
455 612 505 656 τὸ
530 609 763 669 Λύταργον
794 613 862 655 καὶ
899 611 1021 656 ἄλλαι
1058 614 1207 656 πολλαὶ
1241 610 1494 668 κωμοπόλεις
1521 617 1596 669 τῆς

114 681 284 739 Συρίας.

212 749 300 793 Ἐπὶ
318 750 363 792 δὲ
382 753 459 805 τῆς
476 748 605 792 αὐτοῦ
624 749 835 801 βασιλείας
858 749 897 792 οἱ
919 746 1094 802 Τζάννοι
1114 747 1363 806 περάσαντες
1379 743 1516 806 ἦλθον
1533 751 1591 800 εἷς
1613 755 1647 791 V
1672 756 1716 792 17

113 817 190 875 τὴν
207 819 515 862 Καππαδοκίαν
538 819 607 862 καὶ
630 819 819 861 Κιλικίαν
840 820 907 861 καὶ
927 821 1107 877 Συρίαν·
1143 820 1210 862 καὶ
1231 819 1502 876 ἕπραίδευσαν
1523 821 1593 863 καὶ

57 886 320 944 Ιοᾶπῆλθον.

211 954 261 1000 ‘0
287 957 333 1000 δὲ
361 954 488 1006 αὗτὸς
515 954 709 1011 βασιλεὺς
741 952 965 1007 Θεοδόσιος
999 956 1157 1015 ἐμέρισε
1187 955 1263 1013 τὴν
1285 955 1380 1000 νέαν
1392 954 1589 1013 Ἠπειρον

111 1023 195 1069 ἀπὸ
226 1029 302 1080 τῆς
328 1028 508 1075 παλαιᾶς
539 1025 607 1068 καὶ
639 1025 825 1080 ἐποίησεν
855 1025 1053 1081 ἐπαρχίαν
1061 1058 1075 1079 ,
1114 1025 1212 1076 δοὺς
1245 1027 1401 1069 δίκαιον
1433 1023 1590 1076 πόλεως

112 1095 182 1137 καὶ
201 1093 382 1149 ι’ἱρχοντα
402 1093 626 1152 Δορῥαχίῳ
646 1091 759 1136 πόλει
772 1106 783 1117 ·
820 1090 970 1148 ὁμοίως
992 1095 1037 1137 δὲ
1054 1096 1121 1137 καὶ
1141 1094 1332 1151 δευτέραν
1352 1096 1588 1137 Παλαιστί-

111 1180 187 1218 νην
204 1163 386 1220 ἐμίρισεν
406 1162 486 1206 ἀπὸ
506 1166 581 1218 τῆς
599 1159 766 1220 πρώτης
785 1163 852 1204 καὶ
873 1164 1059 1219 ἐποίησεν
1080 1162 1274 1219 ἄρχοντα,
1311 1163 1410 1214 δοὺς
1430 1165 1586 1207 δίκαιον

54 1235 100 1272 15
109 1230 404 1288 μητροπόλεως
423 1232 490 1274 καὶ
512 1229 693 1286 ἄρχοντα
712 1235 763 1289 τῇ
784 1231 974 1290 λεγομένῃ
995 1236 1177 1276 Σκυθῶν
1196 1230 1322 1277 πόλει.

209 1299 259 1345 Ὁ
290 1301 336 1344 δὲ
364 1299 491 1350 αὐτὸς
523 1297 745 1350 Θεοδόσιος
773 1300 967 1355 βασιλεὺς
998 1301 1079 1345 ἀπὸ
1111 1298 1588 1352 Κωνσταντινουπόλεως

109 1368 290 1421 ἐξελθὼν
313 1370 377 1412 ἐπὶ
392 1366 561 1425 Ῥώμηιί
580 1370 770 1424 εῗσῆλθεν
791 1369 834 1412 ἓν
857 1371 1137 1429 Θεσσαλονίκῃ
1166 1369 1298 1414 πόλει·
1335 1372 1402 1414 καὶ
1422 1375 1495 1414 τοῦ
1517 1370 1586 1414 ὄν-
1609 1363 1645 1444 g
1669 1408 1715 1446 43

107 1453 182 1490 τος
198 1438 284 1495 μετ’
308 1437 437 1482 αὐτοῦ
455 1442 750 1496 στρατιωτικοῦ
770 1436 961 1494 πλήθους
982 1439 1051 1483 διὰ
1067 1444 1221 1495 μιτᾶτα
1241 1438 1495 1498 ταράξαντος
1511 1439 1587 1495 τὴν

107 1504 251 1562 πόλιν,
297 1508 549 1551 ἐστασίασαν
578 1509 646 1550 καὶ
673 1505 850 1564 ὕβρισαν
879 1508 951 1552 τὸν
978 1510 1153 1564 βασιλέα
1186 1510 1225 1553 οἱ
1261 1512 1582 1559 Θεσσαλονικεΐς.

51 1577 178 1619 sonui
203 1574 424 1634 θεωρήσας
453 1575 616 1620 ἱππικὸν
642 1577 684 1619 ἔν
709 1582 761 1633 τῇ
792 1577 898 1635 αῧτῇ
927 1576 1042 1621 πόλει
1068 1578 1262 1635 γε’μοντος
1299 1582 1375 1622 τοῦ
1399 1576 1583 1620 Ἱππικοῦ

107 1644 287 1690 ἐκέλευσε
314 1648 584 1700 τοξευθῆναι·
622 1647 690 1688 καὶ
720 1644 905 1689 ἀπώλετο
936 1651 1101 1702 πλῆθος
1131 1645 1329 1702 χιλιάδων
1353 1646 1579 1690 δεκαπέντε.

108 1715 176 1756 καὶ
203 1714 272 1757 διὰ
302 1718 424 1757 τοῦτο
457 1711 741 1769 ἀγανακτήσας
770 1714 856 1757 κατ’
888 1714 1015 1758 αὐτοῦ
1040 1714 1288 1774 Ἀμβρόσιος
1319 1713 1339 1759 ὅ
1365 1716 1582 1765 ἐπίσκοπος

107 1781 296 1840 ἐποίησεν
325 1781 450 1826 αὐτὸν
475 1780 556 1825 ὕπὸ
588 1780 780 1836 κώλυμα·
818 1785 884 1826 καὶ
912 1782 1062 1839 ἔμεινεν
1081 1785 1144 1827 ἐπὶ
1166 1785 1322 1835 πολλὰς
1345 1782 1499 1842 ἡμέρας
1519 1784 1578 1840 μὴ

198 1903 255 1940 13.
279 1901 501 1951 Δοῤῥαχίφ]
523 1902 738 1950 Δοῤῥαχείφ
761 1903 829 1939 Ox.
923 1903 980 1942 14.
1006 1901 1191 1951 ἄρχοντα]
1213 1905 1336 1951 „Lego
1361 1903 1577 1952 ἐπαρχίαν.“

198 1949 267 1985 ch.
356 1951 414 1987 23.
435 1948 662 1996 ὖποκώλνμα
686 1950 754 1985 Ox.
1241 1954 1246 1962 ⁴

105 2063 201 2090 usum
223 2053 520 2100 Ampolstarum,
552 2054 614 2101 qui
635 2055 732 2090 sedes
753 2053 802 2089 ibi
826 2054 905 2090 olim
928 2058 1133 2102 posuerant,
1154 2054 1347 2101 reliquique
1368 2055 1508 2091 fuerunt
1530 2066 1574 2091 ex

105 2099 168 2143 eis,
191 2111 275 2145 quos
298 2100 446 2136 Nicator
467 2101 644 2144 Seleucus,
669 2101 706 2136 in
728 2100 908 2147 planiciem
931 2102 1108 2145 deductos,
1131 2101 1333 2137 adhortatus
1356 2107 1419 2144 est,
1443 2101 1494 2136 uti
1516 2114 1572 2136 se-

103 2145 177 2188 des,
199 2146 259 2181 ubi
281 2152 318 2182 et
339 2146 350 2180 i
376 2159 414 2183 se
436 2153 627 2193 ponentes,
649 2148 768 2182 urbem
793 2159 814 2181 a
836 2161 873 2183 se
895 2148 1086 2191 conditam,
1108 2147 1321 2183 Antiochiam
1343 2160 1498 2193 magnam
1521 2147 1575 2181 in-

104 2191 270 2228 colerent.
359 2193 457 2228 odem
480 2199 636 2239 tempore
659 2193 857 2237 Gindarus,
892 2194 1088 2240 Lytargus,
1122 2194 1336 2241 plurimaque
1358 2194 1427 2230 alia
1449 2193 1575 2240 Syriae

103 2237 233 2285 oppida
254 2239 426 2275 rusticana
446 2241 619 2275 moenibus
643 2239 756 2275 cincta
782 2240 932 2276 fuerunt.

193 2284 306 2330 Hujus
329 2286 391 2320 sub
411 2285 553 2332 imperio
578 2285 715 2320 Tzanni
736 2286 968 2331 trajicientes,
998 2286 1273 2333 Cappadociam,
1307 2285 1478 2328 Ciliciam,
1502 2286 1573 2331 Sy-

103 2327 258 2374 riamque
281 2330 520 2377 diripuerunt3
569 2333 743 2377 taedaque
767 2340 926 2379 arrepta,
951 2333 1108 2379 regiones
1132 2345 1209 2368 suas
1230 2333 1455 2379 repetierunt.

128 2419 138 2429 ⁶
183 2375 287 2430 ‘Idem
307 2377 524 2413 Theodosius
544 2343 757 2424 imperator,
789 2391 911 2414 novam
934 2391 955 2415 a
977 2380 1089 2415 veteri
1115 2379 1275 2414 dirimens
1295 2379 1458 2423 Epirum,
1483 2377 1572 2411 Pro-

103 2431 248 2457 vinciam
269 2422 373 2467 fecit,
403 2425 488 2460 Jure
511 2424 771 2471 Metropolitico
794 2430 831 2460 et
848 2426 1030 2462 Praefecto
1054 2425 1132 2461 urbi
1153 2425 1370 2470 Dyrrhachio
1395 2424 1570 2462 concessis.

102 2466 266 2502 Similiter
287 2469 388 2504 etiam
411 2470 638 2505 Palaestinam
662 2471 841 2506 secundam
865 2484 886 2507 a
907 2472 1022 2507 Prima
1045 2473 1244 2517 sejungens,
1276 2469 1493 2506 Provinciam
1516 2471 1571 2505 fe-

102 2512 171 2555 cit3
194 2511 308 2549 Metro
333 2516 395 2551 olis
413 2517 495 2560 jure
517 2521 553 2551 et
575 2517 761 2552 Praefecto
785 2518 989 2566 Scythopoli
1012 2518 1114 2553 datis.

194 2526 407 2614 Theo-‹llhsius
430 2567 544 2597 autem
561 2562 754 2609 Imperator
773 2564 1067 2610 Constantinopoli
1086 2564 1227 2599 Romam
1250 2562 1481 2608 proficiscens,
1505 2573 1570 2607 per

102 2603 378 2641 Thessalonicam
396 2607 480 2643 fecit
502 2608 590 2643 iter=
634 2609 693 2644 ubi
716 2609 878 2645 militibus
900 2612 945 2646 ob
968 2610 1168 2646 metationes
1191 2608 1365 2643 tumultum
1390 2608 1567 2651 cientibus,

102 2650 249 2696 populus
271 2651 591 2697 Thessalonicensis,
616 2655 788 2692 concitata
806 2656 986 2700 seditione,
1010 2657 1250 2702 Imperatorem
1276 2653 1438 2689 conviciis
1461 2653 1568 2700 impe-

99 2697 209 2731 tebat.
255 2696 443 2742 Imperator
465 2705 602 2744 autem,
652 2701 686 2736 ui
708 2705 780 2737 tum
803 2703 980 2738 Circensia
1003 2703 1204 2748 spectabat,
1227 2699 1270 2735 ad
1296 2711 1385 2745 quae
1407 2701 1566 2746 frequens

99 2742 281 2776 multitudo
313 2750 542 2788 convenerat,
584 2747 721 2782 militem
754 2748 891 2793 sagittis
926 2750 1088 2795 populum
1113 2752 1235 2792 petere
1253 2746 1371 2791 jussit:
1417 2747 1506 2781 unde
1529 2752 1567 2781 et

98 2788 289 2833 quindecim
311 2788 415 2824 millia
437 2791 587 2835 capitum
613 2794 821 2829 ceciderunt.
870 2795 927 2829 Ob
951 2796 1018 2829 hoc
1040 2792 1237 2838 indignatus
1259 2792 1455 2828 Ambrosius
1475 2792 1564 2838 Epi-

96 2845 229 2881 scopus,
251 2835 456 2882 Imperatori
477 2837 635 2875 Ecclesia
654 2839 847 2883 interdixit,
882 2852 995 2886 neque
1016 2838 1153 2885 ingredi
1175 2849 1250 2874 eum
1273 2850 1389 2886 passus
1412 2844 1477 2882 est,
1501 2850 1564 2886 per
