1838 3230
468 104 1112 179 CHRONOGRAPfflA.
1169 133 1301 178 L.11.
1558 142 1624 188 39

142 253 303 309 στάζων
331 255 408 312 τὴν
435 252 611 314 κόραν,
632 255 701 298 καὶ
730 252 936 306 ὑπέδειξεν
954 253 1069 314 αὐτῷ
1090 251 1233 314 αὐτήν.
1306 255 1374 298 καὶ
1401 253 1422 298 ὃ
1453 256 1625 314 Κηφεῦς

139 325 199 381 μὴ
221 325 385 380 βλέπων
401 324 608 378 ἐπέβαινεν
627 324 741 382 αὐτῷ
760 323 958 381 ἔφιππος·
993 321 1014 368 ὅ
1037 325 1083 368 δὲ
1098 323 1284 381 Περσεὺς
1304 324 1462 381 ἀγνοῶν
1483 323 1544 368 ὅτι
1572 325 1620 369 οὗ

142 397 335 454 καθορᾷ,
375 394 585 450 ἐλογίσατο
615 393 759 448 μηκέτι
782 394 951 450 ἐνεργεῖν
971 393 1045 449 τὴν
1065 390 1196 450 κάραν
1217 387 1267 449 ἧς
1286 400 1442 448 κατεῖχε
1462 396 1504 436 Γ
1500 393 1622 452 οργά-

140 477 231 513 νος·
267 464 336 506 καὶ
367 462 551 521 στρέψας
581 462 710 518 αὐτὴν,
739 461 843 519 πρὸς
871 460 1018 505 ἑαυτὸν
1049 463 1271 520 προσέσχεν
1291 463 1396 520 αὐτῇ
1413 476 1423 486 ·
1459 465 1527 506 καὶ
1546 481 1620 507 τυ-

105 533 328 590 5φλωθεὶς
347 530 498 587 ἴμεινεν
521 529 616 575 ὦσεὶ
636 530 778 584 νεκρὸς
799 532 867 574 καὶ
888 531 1087 589 ἀνῃρέθη.
1158 533 1226 574 καὶ
1245 531 1387 576 λοιπὸν
1405 532 1620 586 ἐβασίλευ-

137 616 184 644 σε
213 604 394 658 Περσῶν
422 598 443 644 ὅ
476 600 566 652 υἱὸς
588 604 664 644 τοῦ
685 600 882 658 Περσέως
903 602 971 643 καὶ
995 605 1070 656 τῆς
1093 599 1395 659 Ἀνδρομέδας,
1432 606 1620 659 προβλη-
1644 611 1676 646 V
1702 614 1747 648 16

136 670 228 720 θεὶς
247 669 292 712 ἐκ
310 674 386 713 τοῦ
405 670 512 714 ἰδίου
534 669 664 713 αὐτοῦ
687 667 857 713 πάππου
883 674 957 713 τοῦ
976 670 1181 726 Κηφέως,
1216 674 1292 713 τοῦ
1314 671 1517 725 βασιλέως
1543 676 1618 725 τῆς

133 739 391 790 Αἰθιοπίας·
428 737 541 790 ὅστις
572 739 751 782 ἐκέλευσε
761 772 775 792 ,
815 740 881 782 καὶ
912 737 1073 795 ἐκαύθη
1104 737 1130 795 ἦ
1162 740 1324 796 μυσερὰ
1356 740 1512 796 κεφαλὴ
1543 745 1618 796 τῆς

101 839 106 843 -
135 805 365 864 Γοργόνος,
417 809 485 851 καὶ
531 806 785 866 ἀνεχώρησεν
829 808 891 850 ἐπὶ
920 807 996 863 τὴν
1025 809 1135 851 ι’διάν
1166 808 1296 851 αὐτοῦ
1321 802 1476 865 χώραν.
1549 812 1618 852 καὶ

78 875 262 931 mistav-³.
290 876 433 920 λοιπὸν
461 877 508 921 τὸ
536 877 648 934 γένος
677 882 752 920 τοῦ
783 877 978 935 Περσέως
1006 881 1228 932 βασιλεῦον
1247 881 1320 933 τῆς
1342 879 1618 931 Βαβυλωνίας

127 944 283 1004 χώρας·
343 965 345 967 ·

228 1036 298 1080 Ἐν
336 1037 381 1080 δὲ
413 1043 499 1087 τοῖς
530 1038 836 1094 προειρημένοις
864 1037 1082 1092 ἀνωτὲροις
1110 1035 1277 1094 χρόνοις
1309 1037 1508 1092 κατέλαβε
1539 1039 1615 1095 τὴν

132 1107 338 1149 Βοιωτίαν
362 1104 506 1163 χώραν
538 1108 581 1149 ἐκ
611 1111 686 1162 τῆς
722 1109 917 1162 Φοινίκης
947 1105 1148 1160 Κάδμος,
1198 1103 1219 1149 ὅ
1245 1103 1465 1163 Ἀγήνορος
1497 1105 1610 1157 υἱός·

132 1173 271 1218 ὅντινα
299 1173 478 1230 ἔπεμψεν
508 1173 529 1218 ὃ
551 1175 679 1219 αὐτοῦ
698 1176 833 1232 πατὴρ
859 1178 916 1225 εἷς
934 1173 1182 1231 ἀναζήτησιν
1203 1176 1270 1217 καὶ
1292 1173 1517 1234 ἀνάρρυσιν
1536 1181 1612 1233 τῆς

74 1249 121 1285 15
133 1243 350 1302 Εὐρώπης,
385 1242 566 1301 ἀδελφῆς
585 1244 727 1288 αὐτοῦ.
799 1246 865 1287 καὶ
885 1243 1041 1298 μαθών
1065 1241 1086 1302 ὁ
1107 1243 1232 1293 αὐτὸς
1251 1242 1428 1298 Κάδμος
1447 1243 1508 1287 ὅτι
1527 1250 1611 1300 βα-

128 1312 274 1356 σιλεύει
306 1316 382 1368 τῆς
409 1311 604 1370 Κρήτης,
644 1315 707 1355 ἐπὶ
739 1313 814 1369 τὴν
837 1314 1043 1356 Βοιωτίαν
1069 1310 1234 1369 ὥρμησε
1250 1327 1259 1336 ·
1297 1314 1364 1355 καὶ
1384 1316 1608 1370 διατρίψας
1634 1327 1666 1361 o
1691 1326 1738 1365 46

128 1381 282 1438 tigmine
298 1383 505 1426 Βοιωτίαν
520 1384 702 1433 ἐδίδαξεν
726 1382 878 1432 αὐτοὺς
902 1382 955 1424 τὰ
975 1383 1177 1424 Φοινίκων
1199 1381 1451 1438 ἀγνοοῦντας
1474 1381 1607 1439 γράμ-

124 1467 239 1506 ματα
249 1484 263 1505 ,
295 1452 362 1493 καὶ
393 1452 557 1505 ἓτίμουν
587 1451 714 1495 αὐτὸν
734 1453 800 1494 καὶ
821 1452 1017 1506 ἐποίησαν
1036 1449 1163 1493 αὐτὸν
1182 1452 1355 1502 βασιλέα
1375 1456 1449 1507 τῆς
1468 1454 1604 1496 Βοιω-
1628 1465 1658 1499 Β

126 1521 241 1570 τίας·
278 1515 330 1575 ἦν
350 1519 427 1577 γὰρ
449 1522 515 1562 καὶ
536 1520 690 1576 εὐειδὴς
710 1525 760 1578 τῇ
781 1521 863 1579 θέα
878 1534 887 1544 ·
930 1518 1043 1570 ὅστις
1070 1518 1276 1574 βασιλεύει
1297 1525 1380 1562 τῶν
1407 1524 1606 1564 Βοιωτῶν

69 1587 196 1645 ἓθὲτη
230 1586 307 1643 ξβ’.
379 1591 447 1632 καὶ
478 1588 649 1645 ἠγάγετο
680 1597 849 1646 γυναῖκα
883 1590 1037 1632 ἐκεῖθεν
1072 1586 1241 1642 ὀνόματι
1275 1586 1513 1645 Ἁρμονίαν·
1562 1592 1605 1641 ἐξ

124 1652 175 1713 ’ἧς
194 1657 284 1713 ἴσχε
306 1658 540 1714 θυγατέρας
563 1659 619 1711 ἓξ,
654 1659 743 1702 Ἰνώ
763 1661 829 1700 καὶ
847 1657 1022 1714 Ἀγαύην
1043 1659 1110 1699 καὶ
1129 1658 1312 1712 Σεμέλην
1332 1659 1398 1699 καὶ
1418 1658 1606 1715 Εὐρυνό-

124 1744 208 1782 μην
235 1727 303 1770 nal
325 1729 534 1770 Κλεανθῶ
554 1730 620 1769 καὶ
641 1727 894 1784 Εὐρυδίκην·
934 1728 1080 1774 αἵτινες
1110 1726 1292 1781 ἐλέγοντο
1316 1731 1532 1783 προϊοῦσαι
1560 1729 1605 1770 αἱ

217 1860 272 1894 10.
298 1858 495 1906 βασιλεῦον
517 1857 582 1892 Ch.
607 1870 683 1893 cum
707 1858 858 1900 Chron.,
882 1857 1142 1904 βασιλεύοντος
1165 1859 1233 1894 Ox.
1307 1859 1362 1897 13.
1391 1860 1599 1904 Βοιωτίαν]

218 1907 420 1942 Βοιωτείαν
445 1905 512 1938 Ox.
538 1905 596 1939 hic
620 1910 656 1939 et
678 1904 780 1938 infra.
878 1907 930 1940 17.
968 1907 1152 1942 Φοινικών
1175 1906 1244 1940 Ox.
1337 1907 1395 1941 21.
1424 1905 1515 1942 Ἰνοῖ,
1529 1906 1597 1940 Ox.

214 1956 252 1987 et
274 1963 352 1987 mox
376 1951 572 1988 Κλεανθῶ.
665 1951 747 1985 ibid.
773 1948 991 1998 Εὕρινόμην
1015 1958 1051 1988 et
1076 1950 1282 1999 Εὕριὸίκην
1309 1951 1377 1986 Ox.

121 2067 216 2112 lique
239 2066 401 2103 obvertit.
458 2065 615 2112 Cepheus
638 2069 752 2100 autem
783 2065 917 2101 minime
940 2066 1080 2110 videns,
1121 2066 1294 2102 concitato
1319 2078 1408 2112 equo
1431 2066 1468 2100 in
1491 2065 1597 2112 ipsum

120 2112 242 2148 irruit=
268 2113 411 2148 Perseus
433 2123 518 2148 vero
544 2123 645 2158 quem
667 2112 801 2147 latebat
825 2113 999 2159 Cepheum
1025 2113 1212 2155 caecutire,
1237 2112 1430 2148 existimans
1454 2113 1597 2157 Gorgo-

120 2158 212 2194 nium
235 2163 341 2206 caput
362 2170 429 2204 non
453 2159 544 2194 ultra
567 2158 657 2193 vires
678 2170 757 2192 suas
781 2170 935 2202 exerere,
959 2159 1094 2195 sibimet
1109 2159 1194 2194 illud
1212 2158 1383 2194 obvertit:
1410 2158 1501 2204 quod
1516 2158 1596 2193 dum

120 2204 297 2247 intuetur,
322 2209 529 2240 occaecatus
552 2204 626 2250 ipse
649 2204 746 2239 stetit
769 2209 875 2251 atque
895 2204 944 2240 sic
967 2205 1192 2252 interemptus
1216 2210 1276 2240 est.
1325 2205 1509 2239 Persarum
1532 2204 1595 2238 de-

120 2250 202 2285 inde
234 2251 334 2294 Rex,
372 2251 492 2286 Persei
515 2262 560 2286 ex
592 2250 810 2286 Andromeda
837 2249 946 2295 filius,
984 2253 1027 2286 ab
1052 2264 1117 2287 avo
1141 2264 1199 2287 suo
1225 2250 1363 2297 Cepheo
1385 2251 1498 2284 factus
1521 2254 1592 2284 estz

121 2297 183 2344 qui
206 2296 310 2332 etiam
338 2297 457 2343 jussit,
497 2302 537 2332 ut
560 2296 820 2331 abominandum
854 2296 937 2332 illud
962 2298 1137 2342 Gorgonis
1160 2301 1266 2343 caput
1297 2297 1377 2342 igne
1400 2297 1595 2331 absumere-

119 2347 196 2378 tur:
222 2355 290 2389 quo
313 2343 431 2385 facto,
463 2354 606 2389 regnum
629 2355 723 2378 suum
745 2343 922 2390 repetivit.
969 2343 1105 2379 Abhinc
1126 2343 1234 2390 igitur
1258 2343 1374 2378 Persei
1397 2353 1502 2387 genus
1523 2342 1594 2377 Ba-

118 2388 247 2435 bylone
267 2388 435 2435 regnavit.

212 2457 438 2504 Temporibus
460 2459 576 2492 autem
599 2457 823 2502 supradictis,
859 2459 1027 2501 Cadmus,
1066 2458 1234 2504 Agenoris
1256 2457 1365 2499 filius,
1399 2455 1591 2492 Phoenicia

120 2502 264 2547 relicta,
299 2503 478 2541 Boeotiam
511 2504 716 2548 occupavit:
750 2516 771 2540 a
793 2508 896 2560 patre
931 2506 1018 2540 enim
1041 2504 1156 2540 missus
1180 2504 1315 2544 suerat,
1352 2506 1392 2537 ut
1415 2503 1591 2548 Europam

121 2561 272 2585 sororem
294 2549 466 2584 inventam
487 2547 662 2583 liberaret.
709 2550 847 2587 Certior
871 2556 983 2587 autem
1007 2552 1118 2586 factus
1142 2561 1216 2584 eam
1239 2550 1275 2583 in
1299 2550 1407 2583 Creta
1429 2559 1590 2592 regnare,

121 2606 239 2630 versus
260 2596 439 2634 Boeotiam
470 2595 690 2640 properavit:
730 2597 791 2632 ubi
813 2597 938 2632 diutius
961 2601 1204 2638 commoratus,
1241 2595 1449 2630 Phoenicum
1470 2594 1588 2628 literas

122 2652 199 2682 eos,
237 2641 372 2676 illarum
396 2644 500 2675 antea
530 2641 686 2686 ignaros,
729 2643 857 2679 docuit.
906 2644 1070 2678 Cadmum
1100 2642 1220 2686 itaque
1243 2651 1368 2675 summo
1401 2639 1436 2674 in
1459 2641 1587 2675 honore

121 2686 332 2729 habuerunt,
367 2687 566 2732 Regemque
596 2699 671 2723 eum
694 2689 861 2725 Boeotiae
895 2690 1169 2729 constituerunt,
1206 2691 1284 2722 erat
1307 2687 1395 2720 enim
1418 2686 1587 2731 speciosus

121 2733 242 2766 forma.
289 2733 464 2777 Regnavit
484 2732 593 2777 igitur
624 2734 669 2768 ad
691 2735 869 2770 Boeotiam
892 2735 1038 2771 Cadmus
1062 2745 1124 2778 per
1160 2744 1264 2767 annos
1286 2742 1383 2774 mm,
1420 2732 1480 2767 ubi
1502 2744 1587 2766 uxo-

121 2789 196 2813 rem
219 2777 283 2812 sibi
305 2777 468 2824 sumpsit,
503 2778 636 2814 nomine
658 2781 898 2822 Harmoniam3
943 2792 985 2816 ex
1011 2790 1081 2825 qua
1102 2790 1161 2813 sex
1184 2778 1331 2824 suscepit
1353 2778 1464 2821 filias,
1499 2789 1586 2822 qua-

123 2835 197 2859 rum
219 2823 375 2866 nomina,
410 2823 490 2866 1¹¹⁰,
514 2826 653 2869 Agave,
685 2828 839 2870 Semele,
864 2826 1071 2867 antinoum,
1107 2825 1295 2867 Cleanthe,
1332 2828 1368 2860 et
1390 2824 1587 2871 Eurydice3
