1838 3230
395 169 1022 218 CHRONOGRAPHIA.
1076 172 1126 218 L.
1155 172 1311 222 XVIII·
1483 182 1583 233 467

115 307 200 335 των
233 294 319 335 τῶν
347 287 429 335 ὖπό
461 288 800 348 Ἀλαμουνδάρου
841 293 1136 351 πεμφθέντων,
1179 295 1248 338 καὶ
1287 295 1466 353 ἐντυχών
1497 305 1584 352 τοῖς

113 357 351 416 γράμμασιν
376 357 398 403 ὅ
420 358 546 411 αὐτὸς
564 358 771 415 βασιλεύς,
807 360 882 405 οὐκ
912 360 1120 408 ἐπαύσατο
1153 363 1451 423 ἐπιστρατεύειν
1475 368 1582 411 κατὰ

114 431 306 484 Περσῶν.
343 430 410 471 καὶ
430 428 600 484 πέμψας
617 428 830 486 Ῥουφῖνον
852 431 894 473 ἓν
915 433 1090 488 Περσίδι
1110 431 1376 491 πρεσβευτήν,
1409 433 1580 493 γράψας

117 496 231 556 αὐτῷ
247 501 322 540 τοῦ
343 496 551 554 ἀγαπῆσαι
581 500 742 555 φιλιάν·
814 499 909 555 τιμὴ
941 499 1020 558 γάρ
1051 501 1136 545 ἔστι
1176 503 1244 544 καὶ
1277 500 1378 554 δόξα
1412 509 1580 560 ποιῆσαι

81 563 191 615 5τᾶς
211 563 286 609 δύο
310 567 514 616 πολιτείας
531 567 574 610 ἐν
604 566 742 625 εἰρήνῃ
784 565 956 624 διάγειν·
1027 571 1062 612 εἲ
1094 570 1140 613 δὲ
1164 570 1225 627 μὴ
1255 575 1379 616 τοῦτο
1405 571 1578 630 ποιήσει,

111 633 188 690 τὴν
209 634 418 692 Περσικὴν
438 639 514 691 γῆν
533 634 583 678 δι’
607 636 788 690 ε’μαυτοῢ
808 634 1114 692 καταλήψομαι.

211 701 280 746 Ἐν
306 701 445 762 ταύτῷ
476 704 522 746 δὲ
546 704 819 762 κατεπέμφθη
846 707 914 748 καὶ
943 706 1110 763 Σέργιος
1132 703 1320 759 διάκονος
1339 708 1443 767 πρὸς
1455 709 1580 755 Ἀλα-

110 767 349 827 μοόνδαρον
381 771 556 826 βασιλέα
597 773 702 828 μετὰ
741 772 887 830 δώρων
915 779 1152 829 βασιλικῶν.
1235 777 1278 819 ἓν
1309 777 1422 838 αὐτῷ
1453 780 1498 824 δὲ
1519 784 1579 839 τα*

106 836 246 898 χρόνῳ
267 840 622 899 κατεπίμφθησαν
641 844 757 899 δῶρα
779 842 895 900 παρὰ
923 848 999 887 τοῢ
1043 843 1247 898 βασιλέως
1274 842 1485 899 Ῥωμαίων
1518 853 1577 908 τῷ

55 911 278 962 Ιοβασιλεῖ
287 911 478 965 Περσῶν·
547 908 700 964 ὁμοίως
721 911 765 953 δὲ
782 913 850 954 καὶ
871 909 898 967 ἦ
917 911 1145 969 Αὕγουστα
1165 914 1398 970 κατέπεμψε
1419 921 1472 974 τῇ
1494 922 1576 971 βα-
1598 919 1632 955 Ε

107 977 273 1034 σιλίσσῃ
303 980 505 1034 Περσῶν,
551 983 603 1037 τῇ
634 978 738 1037 οὔσῃ
776 980 903 1023 αὐτοῦ
933 981 1104 1040 ἀδελφῇ.
1180 984 1248 1025 καὶ
1277 984 1580 1039 καταλαβόντες
1603 989 1637 1023 0
1659 989 1728 1024 207

104 1042 317 1103 Ῥουφῖνος
337 1048 404 1088 καὶ
425 1046 680 1104 Στρατηγιος
701 1047 775 1104 τὴν
794 1048 1019 1104 Ἐδεσηνῶν
1047 1048 1164 1094 πόλιν
1209 1048 1418 1105 ἐμήνυσαν
1448 1053 1577 1097 Κωά-

110 1115 178 1171 δῃ,
205 1118 371 1166 βασιλεῖ
383 1118 573 1171 Περσῶν.
642 1118 709 1159 καὶ
733 1115 952 1171 ἀνεβάλετο
981 1123 1056 1162 τοῦ
1080 1119 1281 1171 δέξασθαι
1305 1118 1478 1175 αὗτοός,
1515 1120 1579 1166 ὅτι

110 1177 162 1238 ἦν
181 1182 352 1238 πέμψας
373 1184 480 1226 κατὰ
493 1182 703 1239 Ῥωμαίων
719 1187 946 1243 λαθραίως.

54 1259 98 1295 15
211 1251 280 1294 Ἐν
300 1251 412 1311 αὐτῷ
428 1254 474 1296 δὲ
494 1257 552 1311 τῷ
569 1251 708 1313 χρόνῳ
737 1256 804 1297 καὶ
834 1254 1074 1312 ἐμπρησμὸς
1101 1254 1252 1312 ἐγένετο
1279 1255 1322 1299 ἓν
1333 1254 1574 1319 Ἀντιοχείᾳ·

107 1318 218 1370 τινὸς
231 1320 309 1376 γὰρ
327 1318 576 1378 ὖφάψαντος
596 1322 747 1379 κηρούς
766 1324 809 1365 ἓν
827 1328 886 1383 τῷ
907 1321 1098 1383 θεάτρῳ,
1135 1326 1203 1367 καὶ
1224 1328 1299 1368 τοῦ
1323 1331 1452 1383 κηροῦ
1472 1325 1577 1370 στά-

101 1390 254 1439 ξαντος
270 1386 407 1432 ἐπάνω
423 1394 506 1434 τῶν
527 1388 672 1446 ξύλων,
692 1389 867 1450 ὑφῆψαν
886 1391 939 1436 τοὶ
957 1390 1075 1445 ξύλα·
1111 1395 1179 1437 καὶ
1201 1395 1439 1451 συνδρομῆς
1456 1412 1571 1452 γενο-
1597 1394 1626 1429 V
1650 1395 1696 1431 72

102 1457 228 1513 μένης
260 1455 456 1515 ἐσβέσθη.

202 1525 269 1568 Ἓν
301 1525 414 1586 αὐτῷ
449 1528 494 1571 δὲ
518 1531 579 1587 τῷ
601 1525 739 1587 χρόνῳ
758 1528 1031 1587 κατεπέμφθη
1064 1531 1121 1581 εἲς
1152 1530 1206 1573 τὰ
1238 1529 1461 1574 ἀνατολικὰ
1479 1533 1574 1589 Δη-

48 1594 329 1650 ammomum,
349 1595 636 1653 ἐπιφερόμενος
656 1599 723 1639 καὶ
740 1595 937 1653 χρήματα
961 1598 1034 1641 οὐκ
1056 1597 1169 1654 ὀλίγα
1193 1599 1247 1648 εἷς
1270 1598 1318 1642 τὸ
1341 1598 1572 1656 εὐτρεπίσαι

103 1662 211 1705 κατὰ
237 1661 355 1706 πόλιν
383 1663 570 1708 ἀπόθετα
600 1667 715 1708 σι’τυυ
745 1666 872 1708 ἕνεκεν
899 1670 974 1722 τῆς
995 1667 1100 1720 μετὰ
1128 1670 1306 1724 Περσῶν
1332 1672 1568 1724 συμβολῆς·

104 1732 172 1773 καὶ
193 1729 502 1786 καταλαβόντος
519 1732 649 1777 αῧτοῦ
663 1732 909 1789 Ἀντιόχειαν
929 1735 1102 1791 ἐξῆλθεν
1121 1736 1187 1778 ἐπὶ
1208 1734 1283 1791 τὴν
1301 1734 1568 1794 Ὀσδροηνήν.

197 1842 254 1878 10.
278 1838 474 1887 Αὖγούστα
497 1842 567 1877 Ox.
680 1842 735 1880 14.
757 1842 950 1889 λαθραίων
973 1843 1040 1878 Ox.
1159 1844 1218 1881 21.
1241 1842 1349 1889 μετὰ]
1382 1843 1475 1881 κατά
1501 1846 1570 1881 Ox.

196 1887 238 1922 V.
263 1888 308 1923 ad
331 1900 366 1935 p.
389 1891 447 1925 68.
469 1889 511 1923 B.
602 1889 658 1925 22.
683 1886 900 1937 Ὀσδροϊνήν
923 1891 992 1926 Ox.

100 1978 220 2025 itaque
251 1979 395 2025 Sergius
417 1981 569 2016 Romano
593 1981 797 2027 Imperatori
826 1981 943 2017 literas
971 1980 1015 2016 ab
1038 1979 1264 2016 Alamundaro
1286 1980 1455 2023 tradidit;
1492 1982 1570 2027 qui-

101 2025 164 2060 bus
186 2026 376 2071 Imperator
398 2027 568 2073 acceptis,
605 2028 648 2061 ab
673 2028 809 2073 incepto
833 2040 891 2063 suo
915 2027 959 2062 de
981 2027 1093 2062 Persis
1115 2026 1354 2072 aggrediendis
1375 2027 1482 2062 nihilo
1506 2029 1568 2062 de—

100 2071 244 2106 sistebat
266 2071 383 2107 minus.
431 2073 522 2114 Quin
543 2073 667 2107 Rufino
687 2085 834 2119 quoque,
858 2085 956 2119 quem
979 2073 1148 2118 Legatum
1167 2075 1203 2107 in
1224 2072 1396 2107 Persidem
1418 2073 1567 2116 miserat,

101 2128 168 2163 per
189 2117 306 2152 literas
329 2118 509 2161 innuebat,
547 2119 773 2154 Concordiam
805 2119 945 2154 efficere
967 2120 1140 2154 studeret=
1179 2118 1371 2154 Gloriosum
1395 2119 1564 2164 (dicens)

102 2164 168 2198 hoc
192 2168 244 2198 est
266 2169 303 2198 et
323 2164 426 2199 laude
449 2165 609 2210 dignum;
642 2165 668 2199 si
692 2164 951 2211 Rebuspublicis
974 2165 1103 2200 duabus
1125 2169 1243 2210 pacem
1265 2169 1442 2210 praestare
1463 2170 1565 2210 pote-

101 2208 160 2244 ris.
206 2209 268 2244 Sin
290 2211 357 2244 hoc
380 2211 594 2245 aversabitur
616 2211 732 2253 Persa,
756 2210 792 2245 in
814 2210 971 2256 regiones
995 2211 1064 2255 ejus
1087 2211 1162 2257 ipse
1184 2210 1395 2246 descendam.

191 2255 302 2291 Porro
336 2256 480 2302 Sergius
502 2257 605 2291 etiam
626 2257 814 2298 Diaconus,
852 2256 971 2291 eodem
996 2261 1153 2303 tempore
1184 2255 1411 2291 Alamundaro
1435 2254 1564 2299 missus,

101 2311 239 2336 munera
270 2301 303 2336 ei
326 2302 553 2347 Imperatoria
586 2302 728 2337 detulit=
766 2303 846 2344 Quo
868 2306 1024 2358 tempore
1054 2302 1157 2338 etiam
1179 2303 1369 2348 Imperator
1391 2301 1564 2335 Romano-

101 2356 175 2380 rum
196 2347 272 2392 regi
296 2348 484 2390 Persarum,
506 2349 594 2382 sicut
618 2352 652 2383 et
674 2347 815 2393 reginae
837 2359 947 2383 soron
969 2349 1041 2393 ejus
1063 2350 1228 2393 Augusta,
1251 2357 1390 2381 munera
1408 2346 1564 2381 transmi-

103 2397 228 2427 serunt.
298 2393 481 2428 Caeterum
514 2395 657 2429 Rufinus
691 2401 726 2428 et
759 2395 953 2439 strategius
985 2394 1146 2429 Edessam
1178 2392 1351 2428 venientes
1382 2392 1564 2426 adventum

103 2447 198 2471 suum
219 2438 329 2472 Coadi
348 2440 526 2474 Persarum
551 2441 627 2486 regi
650 2444 764 2475 notum
788 2441 952 2477 fecerunt.
998 2440 1066 2474 Hic
1088 2451 1172 2474 vero
1196 2449 1310 2473 eorum
1334 2436 1564 2472 admissionem

104 2485 437 2563 merarperendinavitz
481 2486 610 2532 quippe
641 2485 699 2532 qui
729 2486 904 2521 adversum
927 2485 1096 2521 Romanos
1126 2484 1308 2519 exercitum
1331 2483 1481 2518 clanculo
1504 2494 1566 2518 ex-

173 2534 296 2566 iverat.

103 2539 127 2574 p
193 2573 328 2610 Eisdem
350 2576 559 2623 temporibus
589 2576 778 2612 incendium
801 2576 1007 2612 Antiochiae
1030 2573 1192 2619 contigit:
1230 2573 1266 2608 in
1296 2574 1452 2608 Theatro
1476 2573 1562 2609 enim

104 2617 212 2653 cereis
236 2630 258 2653 a
280 2621 423 2664 quodam
446 2622 614 2665 accensis,
651 2629 688 2659 et
710 2623 834 2658 alicubi
856 2623 893 2657 in
926 2623 1020 2667 ligna
1044 2621 1188 2666 desuper
1211 2619 1432 2661 stillantibus,
1468 2619 1563 2664 ligna

103 2663 383 2708 conflagmbant3
405 2668 465 2703 sed
487 2674 714 2705 concurrente
735 2668 848 2703 statim
870 2668 998 2714 populo
1020 2666 1110 2712 ignis
1132 2665 1402 2710 extinguebatur.

194 2709 327 2744 Eodem
357 2715 509 2758 tempore
530 2714 567 2748 in
591 2715 754 2750 orientem
787 2714 901 2749 missus
924 2716 975 2747 est
997 2712 1261 2754 Demosthenes,
1303 2709 1370 2745 vim
1394 2710 1467 2745 auri
1487 2721 1561 2745 ma-

103 2766 203 2800 gnam
228 2758 432 2801 apportans,
458 2759 546 2806 unde
568 2760 714 2806 singulas
743 2771 807 2807 per
830 2760 928 2793 urbes
959 2757 1164 2803 repositoria
1187 2757 1358 2791 frumento
1379 2755 1416 2790 in
1438 2756 1560 2790 bellum

103 2800 274 2834 Persicum
296 2800 493 2838 instrueret.
538 2805 611 2841 Iter
630 2807 751 2852 itaque
773 2806 845 2850 ejus
869 2816 931 2851 per
954 2802 1164 2839 Antiochiam
1186 2801 1383 2845 instituens,
1411 2802 1562 2837 Osdroe-

102 2857 178 2882 nam
201 2847 370 2891 pervenit.
