1838 3230
218 197 335 245 0144
628 189 919 238 10ANN15
950 164 1295 238 M'ALALAE

326 312 465 356 Ἔστιν
489 308 561 356 οὖν
581 312 660 355 ἀπὸ
676 311 808 365 Ἀδὰμ
827 310 902 360 ἕως
919 309 1114 365 Ἐζεκίου,
1144 312 1346 366 βασιλέως
1358 311 1589 368 Ἰουδαίων,
1624 311 1694 370 ἔθνη

236 379 367 442 ,εσξς’.
434 376 485 436 ἦν
522 382 567 424 δὲ
601 378 692 424 τότε
725 380 789 422 ἐπὶ
824 379 996 432 Ἐζεκίου
1031 377 1247 439 προφήτης
1277 398 1340 432 τις
1365 386 1448 425 τῶν
1484 382 1706 428 Ἰουδαίων,

234 450 418 500 Ἡσαΐας.

184 530 217 565 D
336 516 513 573 Ἐγένετο
545 517 590 559 δὲ
616 516 657 558 ἐν
678 519 736 574 τῷ
762 514 1182 575 τεσσαρεσκαιδεκάτῳ
1205 515 1281 560 ἔτει
1300 521 1376 573 τῆς
1393 518 1603 572 βασιλείας
1621 521 1696 562 τοῦ

242 586 369 631 αὐτοῦ
400 586 594 637 Ἐζεκίου,
631 584 831 638 βασιλέως
850 584 1081 638 Ἰουδαίων,
1119 585 1243 641 ἀνέβη
1267 587 1539 643 Σεναχηρείμ,
1574 591 1730 641 βασι-5

241 656 333 704 λεύς
358 654 608 709 Ἀσσυρίων,
647 653 709 694 ἐπὶ
737 652 813 702 τὰς
839 651 971 703 πόλεις
999 658 1075 709 τῆς
1101 653 1302 704 Ἰουδαίας
1330 654 1404 704 τὰς
1423 651 1596 711 ὀχυράς,
1630 655 1701 698 καὶ

242 722 385 776 ἔλαβεν
410 720 550 771 αὐτάς.
623 722 690 763 καὶ
715 720 919 764 ἀπέστειλε
940 721 1132 775 βασιλεὺς
1158 722 1381 779 Ἀσσυρίων
1410 721 1622 778 Ῥαψάκην
1655 722 1701 766 ἐκ

243 789 402 845 Λάχεις
448 791 502 840 εἷς
548 788 814 846 Ἱερουσαλὴι
857 789 960 846 πρὸς
1005 790 1175 844 βασιλέα
1211 791 1385 852 Ἐζεκίαν
1428 791 1532 845 μετὰ
1572 787 1702 834 δυνά-

241 876 350 914 μεως
372 862 538 913 πολλῆς.
610 859 676 900 καὶ
699 857 793 913 ἵστη
817 859 858 900 ἐν
880 863 938 916 τῷ
959 856 1179 917 ὗὸραγωγῷ
1203 864 1276 914 τῆς
1304 857 1601 915 κολυμβήθρας
1625 862 1702 914 τῆς

243 926 329 970 ἄνω
365 927 405 969 ἓν
434 931 484 983 τῇ
518 924 600 984 ὁδῷ
627 930 701 969 τοῦ
732 926 858 981 ἀγροῦ
887 931 961 969 τοῦ
979 926 1175 983 κναφέως.
1246 929 1312 970 καὶ
1330 928 1477 982 ἐξῆλθε
1495 925 1602 983 ’πρὸς
1621 926 1699 969 αὖ·
1711 935 1756 970 10

242 995 315 1038 τὸν
339 995 540 1049 Ἐλιακεὶμ
575 992 596 1036 ὅ
628 998 702 1037 τοῦ
730 995 907 1037 Χελκίου
941 993 963 1037 ὁ
992 992 1203 1049 οῗκονόμος
1235 996 1302 1038 καὶ
1323 999 1489 1049 Σομνᾶς
1519 992 1541 1038 ὃ
1567 1011 1702 1052 γραμμ-

242 1063 395 1119 ματεύς
435 1065 503 1105 καὶ
543 1062 658 1112 Ἰωὰς
693 1061 713 1104 ὃ
753 1067 825 1105 τοῦ
866 1062 998 1120 Ἀσὰφ
1047 1061 1068 1106 ὅ
1109 1061 1548 1120 ὖπομνηματογράφος.
1635 1064 1704 1106 καὶ

244 1130 349 1174 εἶπεν
376 1129 514 1180 αὐτοῖς
544 1128 774 1186 Ῥαψάκης,
821 1131 974 1174 Εἴπατε
997 1131 1170 1191 Ἐζεκίᾳ,
1208 1129 1304 1174 τάδε
1333 1132 1433 1187 λέγει
1460 1129 1481 1174 ὃ
1511 1131 1703 1186 βασιλεὺς

240 1199 475 1254 Ἀσσυρίων.
550 1201 640 1241 Τίνι
666 1199 875 1249 πεποιθὼς
899 1198 954 1254 εἷ;
989 1200 1044 1254 μὴ
1067 1201 1109 1242 ἐν
1129 1203 1260 1257 βουλῇ
1282 1198 1307 1255 ἢ
1329 1200 1371 1242 εἶν
1391 1197 1524 1256 λόγοις
1539 1199 1703 1254 χειλέων

193 1284 227 1319 Ε
249 1266 476 1324 παράταξις
503 1267 675 1322 γίνεται,·
711 1269 778 1309 καὶ
807 1268 870 1308 ἐπὶ
898 1267 971 1322 τὴν
1001 1266 1158 1325 ῥάβδον
1188 1268 1262 1322 τὴν
1288 1269 1515 1323 καλαμίνην
1541 1267 1616 1323 τὴν
1635 1284 1700 1310 τε·
1713 1273 1759 1310 15

245 1336 485 1390 θλασμένην
506 1333 659 1390 ταύτην
678 1334 735 1376 ἐπ’
758 1335 994 1391 Λῖγυπτονς
1031 1335 1084 1385 ὃς·
1098 1335 1167 1378 ἐὰν
1189 1336 1246 1378 ἐπ’
1268 1335 1396 1391 αὐτὴν
1416 1337 1700 1392 ἔπιστηριχθῇ,

105 1422 137 1455 0
163 1419 231 1457 184
254 1401 516 1446 εἰσελεύσεται
543 1405 597 1453 εἷς
625 1403 698 1458 τὴν
723 1411 840 1459 χεῖρα
870 1403 1008 1446 αὐτοῦ.
1080 1402 1208 1454 οὕτως
1228 1405 1311 1447 ἐστὶ
1337 1403 1495 1460 Φαραώ
1514 1403 1705 1458 βασιλεὺς

247 1469 461 1527 Αἰγύπτου
482 1473 549 1513 καὶ
567 1468 713 1520 πάντες
733 1472 772 1514 οἳ
790 1470 1030 1522 πεποιθότες
1048 1471 1104 1513 ἐπ’
1129 1472 1253 1530 αὐτῷ.
1323 1473 1357 1514 εἰ
1375 1473 1419 1514 δὲ
1440 1472 1584 1527 λέγετε,
1614 1471 1705 1514 Ἐπὶ

251 1538 390 1596 κύριον
412 1539 482 1582 τὸν
502 1539 601 1582 θεὸν
622 1537 738 1594 ἡμῶν
758 1542 1031 1594 πεποίθαμεν,
1069 1542 1156 1583 νυνὶ
1184 1541 1360 1595 μίχθητε
1379 1543 1436 1597 τῷ
1459 1542 1584 1598 κυρίῳ
1603 1556 1702 1592 μου,

248 1612 306 1665 τῷ
329 1610 493 1662 βασιλεῖ
508 1606 753 1663 Ἀσσυρίων·
789 1610 856 1650 καὶ
880 1607 999 1651 δώσει
1018 1606 1114 1662 ὑμῖν
1133 1609 1350 1662 δισχιλίους
1361 1609 1536 1660 ἵππους,
1573 1609 1608 1650 εἰ
1628 1609 1761 1650 ὄπι-20

128 1691 160 1727 v
183 1691 226 1727 61
252 1674 424 1730 νήσεσθε
448 1674 658 1729 ἀναβάτας
678 1675 736 1718 ἐπ’
762 1675 913 1726 αὐτοὺς
933 1678 1085 1719 δοῦναι.
1156 1678 1222 1718 καὶ
1244 1680 1329 1725 πῶς
1351 1674 1577 1730 δυνήσεσθε
1599 1674 1706 1718 ἄπο-

250 1744 401 1799 βλὲψαι
423 1746 477 1793 εἷς
503 1742 721 1801 πρόσωπον
744 1742 952 1800 τοπάρχου
974 1743 1086 1799 ἓνόςς
1123 1744 1270 1787 οῗκέται
1291 1745 1388 1786 εῗσὶν
1410 1744 1449 1786 οἳ
1467 1741 1708 1793 πεποιθότες

253 1811 312 1854 ἐπ’
344 1812 554 1869 Αἴγυπτον
589 1813 645 1862 εἷς
668 1813 792 1856 ἵππον
818 1814 886 1855 καὶ
909 1811 1131 1868 ἀναβάτην.
1202 1814 1269 1856 καὶ
1285 1816 1357 1855 νῦν
1374 1811 1431 1868 μὴ
1451 1810 1545 1855 ἄνευ
1564 1813 1705 1869 κυρίου

345 1931 380 1967 4.
416 1931 517 1966 conf.
542 1931 668 1966 Esaiae
691 1943 767 1978 cap.
788 1932 846 1968 36.
869 1933 957 1979 Reg.
980 1932 1038 1968 IV.
1063 1935 1119 1970 18.
1256 1934 1311 1969 17.
1345 1929 1463 1975 οὕτως
1488 1943 1564 1967 cum
1585 1930 1706 1974 Esaia,

346 1978 432 2022 Reg.
458 1978 545 2020 Ch.,
567 1973 676 2019 οὗτος
698 1978 765 2013 Ox.

347 2079 400 2114 Ab
420 2079 546 2112 Adamo
567 2082 678 2114 autem
699 2080 742 2115 ad
757 2081 959 2123 Ezechiam,
981 2081 1060 2116 anni
1079 2083 1295 2117 numerantur
1312 2089 1583 2115 mmmmmccnxw.
1615 2078 1706 2114 Eze-

253 2124 354 2161 chiae
375 2125 601 2169 temporibus,
641 2126 731 2171 apud
753 2127 898 2161 Judaeos
921 2128 1139 2172 prophetavit
1160 2127 1264 2161 Isaias
1287 2127 1432 2171 quidam.

346 2170 395 2205 Et
416 2171 544 2204 factum
567 2174 618 2204 est
638 2170 674 2204 in
698 2171 825 2206 decimo
849 2177 886 2207 et
910 2178 1031 2218 quarto
1054 2184 1141 2207 anno
1165 2173 1336 2217 regnantis
1358 2170 1553 2213 Ezechiae,
1589 2181 1706 2205 ascen-

256 2216 309 2251 dit
332 2215 568 2256 Senacherim,
591 2227 653 2249 rex
676 2217 906 2262 Assyriorum,
935 2230 1037 2263 super
1059 2218 1212 2252 civitates
1233 2218 1383 2252 Judaeae
1406 2217 1568 2258 munitas,
1589 2221 1625 2250 et
1647 2227 1706 2250 ce-

255 2262 310 2307 pit
333 2273 399 2295 eas.
457 2260 506 2294 Et
526 2261 615 2295 misit
637 2272 699 2295 rex
720 2263 931 2307 Assyriorum
954 2264 1151 2305 Rabsacen‚
1186 2264 1230 2298 de
1252 2263 1406 2305 Laches,
1439 2262 1475 2296 in
1496 2261 1706 2295 Hierusalem

256 2311 293 2341 et
324 2318 438 2351 regem
470 2307 672 2348 Ezechiam,
708 2319 780 2341 cum
804 2308 837 2341 vi
867 2320 1000 2353 magna.
1045 2309 1094 2343 Et
1126 2310 1225 2343 stetit
1252 2308 1289 2342 in
1311 2308 1524 2354 aquaeductu
1557 2305 1707 2351 piscinae

256 2352 462 2397 superioris,
495 2351 531 2386 in
552 2352 610 2387 via
633 2352 707 2397 agri
731 2353 873 2387 fullonis.
921 2355 970 2389 Et.
992 2366 1144 2399 egressus
1167 2359 1219 2388 est
1242 2354 1286 2388 ad
1309 2365 1384 2389 eum
1407 2351 1596 2393 Eliadum,
1618 2350 1706 2385 filius

257 2398 439 2439 Chelciae,
463 2409 680 2439 oeconomus3
715 2402 751 2432 et
773 2399 932 2442 Somnas,
956 2401 1087 2441 scriba3
1120 2404 1156 2434 et
1178 2400 1277 2441 Joas‚
1300 2399 1388 2433 filius
1410 2397 1544 2442 Asaph,
1568 2407 1590 2430 a
1616 2407 1707 2431 com-

256 2443 442 2479 mentariis
488 2443 536 2477 Et
559 2443 647 2478 dixit
669 2443 716 2478 eis
738 2444 925 2478 Rabsaces=
963 2445 1068 2479 dicite
1091 2446 1286 2486 Ezechiae3
1320 2444 1415 2478 Haec
1439 2442 1522 2476 dicit
1543 2443 1618 2475 Rex
1642 2444 1707 2476 As-

258 2489 432 2532 syriorum.
479 2489 520 2522 In
544 2501 608 2534 quo
640 2489 796 2523 fiduciam
831 2490 951 2534 ponis?
988 2491 1161 2535 Numquid
1194 2491 1230 2524 in
1262 2488 1399 2524 consilio
1435 2492 1471 2522 et
1502 2486 1707 2522 sermonibus

257 2533 423 2568 labiorum
445 2534 608 2578 praelium
634 2535 701 2569 fit?
732 2539 767 2569 et
787 2546 874 2569 nunc
898 2547 997 2581 super
1019 2547 1118 2580 quem
1143 2534 1337 2569 confidisti?
1370 2545 1489 2579 nempe
1510 2544 1612 2578 super
1633 2533 1708 2567 vir-

258 2590 337 2623 gam
360 2580 575 2615 arundineam
609 2581 813 2615 confractam
835 2581 944 2622 illam,
979 2592 1080 2626 super
1102 2582 1312 2625 Aegyptum:
1354 2590 1461 2623 quae,
1493 2578 1520 2612 si
1543 2578 1707 2612 innitatur

258 2623 379 2668 aliquis
402 2636 504 2670 super
527 2638 620 2668 eam,
651 2625 794 2660 intrabit
815 2626 850 2660 in
871 2637 1002 2660 manum
1025 2627 1106 2669 ejus.
1153 2626 1212 2659 Sic
1235 2628 1286 2659 est
1308 2625 1484 2666 Phar-ach,
1506 2635 1569 2658 rex
1591 2625 1706 2668 Aegy-

259 2669 333 2711 pti,
371 2674 406 2703 et
428 2682 540 2705 omnes
573 2673 633 2716 qui
657 2672 830 2706 confidunt
849 2671 885 2706 in
908 2683 960 2707 eo.
1012 2671 1073 2704 Sin
1097 2674 1208 2704 autem
1240 2669 1372 2712 dicitis,
1408 2681 1511 2716 super
1532 2668 1707 2703 Dominum

258 2712 368 2748 Deum
391 2720 539 2750 nostrum
562 2716 775 2751 confidimusz
808 2729 894 2752 nunc
916 2715 1140 2751 admiscemini
1162 2715 1305 2750 Domino
1329 2727 1422 2757 meo,
1456 2713 1532 2760 regi
1554 2713 1708 2758 Assyrio-

260 2770 355 2800 rum;
390 2766 426 2794 et
448 2761 545 2795 dabit
567 2762 662 2797 vobis
687 2763 751 2796 duo
774 2763 876 2797 millia
897 2774 1075 2807 equorum,
1100 2762 1127 2795 si
1150 2760 1306 2806 poteritis
1331 2762 1496 2806 praebere
1519 2770 1707 2794 ascensores

261 2815 363 2848 super
395 2817 463 2839 eos.
518 2808 568 2841 Et
590 2808 753 2853 quomodo
785 2809 925 2853 potestis
956 2807 1108 2852 aspicere
1139 2806 1174 2840 iu
1197 2807 1318 2840 faciem
1348 2806 1445 2840 unius
1476 2804 1708 2851 Toparchae⁴3

260 2848 361 2885 Servi
391 2854 488 2893 sunt,
521 2853 581 2897 qui
613 2854 822 2890 confiderunt
850 2854 886 2889 in
905 2853 1084 2900 Aegyptiis
1116 2852 1152 2888 in
1182 2863 1304 2898 equum
1333 2856 1370 2887 et
1398 2862 1613 2888 ascensorem.
1660 2849 1709 2883 Et
