1838 3230
584 146 663 190 AN
664 146 697 189 N
705 144 1058 190 OTATIONES.
1451 150 1551 200 647

43 246 60 291 γ’
88 255 155 300 tus
177 260 338 314 ignotus
357 260 486 301 fuerit.
543 259 586 299 Si
605 273 702 300 vero
730 266 968 312 quaeratur,
1005 259 1111 300 unde
1137 260 1259 313 igitur
1289 261 1368 301 illis
1397 269 1551 303 tantum

53 342 60 366 5
90 317 175 357 auri
205 317 298 370 puri
315 324 402 358 erat
428 323 617 371 quantum
651 317 852 356 sufficeret
880 317 931 356 ad
958 330 1141 356 nummos
1166 317 1458 369 conficiendos3
1487 334 1551 360 re-

14 382 47 418 ’,“
88 374 326 427 spondemus
347 381 432 414 tum
447 374 613 424 fodinas,
632 378 716 413 tum
736 374 899 412 flumina
919 374 1087 414 aurifera
1103 374 1147 413 id
1163 374 1242 414 illis
1257 376 1550 428 suppeditasse;

23 448 25 454 ¹
84 429 266 483 adeoque
290 431 382 484 puri
412 432 499 471 auri
529 444 645 483 quam
671 430 818 482 impuri
853 431 1043 483 majorem
1066 431 1218 483 copiam
1246 432 1340 471 inde
1358 446 1424 472 eos
1447 430 1550 472 hau-

31 516 37 519 -
88 487 198 526 sisse.
256 486 384 538 Atque
401 488 444 526 in
465 487 542 526 hac
563 488 677 526 etiam
708 488 898 526 sententia
921 494 980 526 est
1001 488 1141 538 Georg.
1162 489 1345 539 Agricola
1358 518 1368 538 ‚
1399 489 1449 528 de
1470 490 1550 528 Na-

10 531 29 590 }
80 549 178 582 tura
197 544 392 583 sensilium
410 544 480 583 lib.
505 548 541 585 1.
569 557 656 594 cap.
681 546 719 585 2.
782 541 894 584 Certe
911 544 1059 597 quoties
1079 545 1250 582 animum
1273 544 1397 601 rgfbro
1416 543 1472 584 ad
1487 561 1549 584 eo-

34 638 38 642 ,
87 614 172 638 rum
192 599 362 654 scripta,
394 600 466 651 (de
483 600 683 640 veteribus
702 599 934 651 loquitur,)
963 598 1162 649 adducor,
1191 610 1234 639 ut
1253 599 1432 650 credam,
1457 600 1549 655 plus

86 657 177 709 puri
196 657 287 695 auri
303 671 449 710 semper
469 666 656 710 repertum
677 671 774 705 esse,
805 671 922 709 quam
946 654 1165 710 confec-ium
1194 673 1214 694 e
1242 667 1429 695 serrarum
1444 687 1456 709 ‚
1487 655 1552 696 vel

89 709 261 764 lapidum
278 712 503 766 generibus,
535 728 621 752 cum
644 711 784 766 quibus
811 710 908 750 solet
938 727 1016 751 esse
1041 713 1304 765 permixtum,
1336 720 1412 752 etc.
1469 713 1549 752 Sed

88 767 178 808 vide
209 769 420 809 Auctorem
448 770 591 822 ipsum.
650 768 724 807 Vel
759 768 793 806 si
820 767 898 806 hoc
931 770 1024 806 satis
1054 767 1105 806 ad
1133 782 1314 808 nummos
1344 769 1548 808 feriendos

87 823 195 863 haud
211 826 370 876 suisset,
399 840 541 864 aurum
558 825 758 864 habebant
781 825 948 862 metallis
968 825 1198 874 vilioribus,
1229 839 1340 874 aere,
1368 826 1547 878 plumbo,

89 887 163 920 etc.
182 883 448 934 permixtum,
480 882 586 934 quod
613 881 655 920 in
679 880 786 920 hunc
814 894 929 919 usum
957 894 1128 932 purgare
1160 883 1394 933 potuissent.
1451 883 1548 921 Ubi-

0 929 29 984 '⁴52‘
89 950 242 989 cunque
259 940 416 978 veroin
447 954 531 978 eam
550 938 800 976 metallorum
825 938 1037 976 mixturam
1051 968 1061 986 ‚
1094 938 1201 989 quod
1222 939 1420 978 Electrum
1441 939 1548 978 dice-

88 993 228 1045 batur,
263 996 514 1042 inciderunt,
552 995 813 1047 impurgalam
849 994 1008 1032 omnino
1041 995 1130 1032 usui
1163 1008 1234 1032 suo
1268 997 1548 1034 accommoda-

85 1057 194 1090 runt.
224 1052 302 1090 Sed
320 1059 360 1092 et
375 1053 546 1092 virtutes
566 1051 752 1103 quasdam
773 1051 1016 1103 peculiares,
1049 1064 1192 1102 easque
1220 1051 1378 1094 Electro
1407 1053 1548 1103 genui-

87 1121 140 1146 no
156 1121 273 1159 quam
293 1122 390 1148 auro
401 1123 503 1162 puro
521 1109 609 1161 ipso
627 1107 795 1160 majores
822 1107 1099 1145 attribuerunt.
1159 1109 1217 1145 Ex
1235 1121 1281 1146 eo
1299 1108 1415 1156 enim,
1438 1108 1548 1160 quod

85 1165 328 1205 Naturaliter
343 1166 420 1204 tale
443 1171 521 1213 est,
553 1165 711 1203 Venena
731 1163 975 1214 deprehendi
1003 1170 1171 1202 testatur
1194 1164 1360 1214 Plinius,
1391 1165 1459 1204 lib.
1479 1168 1546 1207 33.

87 1234 174 1273 cap.
205 1220 244 1262 4.
271 1223 336 1261 cui
359 1223 475 1261 etiam
507 1221 679 1259 concinit
711 1219 886 1258 Isidorus
919 1220 968 1258 de
995 1220 1144 1270 Origin.
1201 1219 1458 1276 Defaecatius
1491 1231 1548 1259 est

88 1277 250 1329 (inquit
267 1276 360 1334 ille)
390 1277 466 1318 hoc
487 1276 688 1316 metallum
719 1275 897 1314 omnibus
926 1275 1121 1316 metallis.-
1151 1282 1190 1315 et
1213 1277 1337 1328 paulo
1358 1282 1468 1328 post:
1499 1276 1548 1316 Si

86 1335 123 1371 ei
137 1333 324 1388 infundas
343 1349 548 1383 venenum,
578 1331 782 1372 stridorem
801 1331 899 1379 edit,
933 1343 966 1370 ec
993 1331 1142 1371 colores
1168 1334 1300 1372 varios
1318 1334 1360 1372 in
1385 1331 1546 1374 modum

85 1403 202 1429 arcus
218 1390 390 1431 coelestis
405 1392 556 1429 emim't.

199 1449 293 1500 Pag.
324 1447 418 1490 432.
462 1450 525 1490 10.
567 1443 756 1498 λαβόντες
784 1440 876 1486 ἄντ’
918 1440 1052 1485 αὐτῶν
1081 1445 1322 1497 μιλιαρίσια]
1355 1445 1544 1496 Mal-nocol-

83 1515 172 1544 σισν
189 1501 448 1546 Miliarisium
470 1503 629 1542 Nummi
648 1516 769 1554 genus
799 1507 858 1540 est
876 1515 896 1539 a
927 1501 1064 1539 Militia
1094 1501 1151 1539 sic
1173 1501 1322 1539 dictum
1337 1532 1348 1550 ,
1378 1501 1436 1539 uti
1457 1502 1546 1540 vult

85 1559 307 1609 Cedrenus,
338 1574 380 1612 p.
406 1562 499 1602 168.
529 1559 774 1612 Μιλιαρίσια
798 1556 841 1599 δὲ
874 1554 954 1598 eino*
972 1561 1047 1607 τῆς
1067 1559 1254 1610 μιλιτίας,
1285 1555 1413 1610 ἤγουν
1431 1569 1544 1608 στρα-

84 1616 199 1663 τείας.
269 1616 505 1666 Argenteum
537 1622 645 1663 erat,
685 1622 802 1666 atque
837 1614 934 1651 duas
972 1614 1153 1665 siliquas,
1196 1613 1239 1651 id
1268 1620 1349 1663 est,
1387 1621 1545 1666 partem

83 1671 357 1710 duodecimam
387 1672 555 1710 valebat.
622 1671 860 1710 Scholiastes
891 1670 1049 1709 Basilio.
1081 1670 1215 1720 Eclog.
1255 1674 1321 1712 23.
1377 1667 1452 1724 χρή
1486 1685 1544 1723 γι-

85 1725 277 1777 νώσκειν,
306 1725 367 1768 ὅτι
394 1725 439 1769 τό
470 1729 517 1768 ἓν
551 1724 736 1779 κεράτιον
763 1723 919 1777 φόλλεις
948 1726 1022 1767 εἰσὶ
1055 1723 1229 1777 δώδεκα,
1257 1724 1348 1778 ἤτοι.
1374 1729 1546 1780 μιλιαρι-

85 1786 175 1824 σίου
194 1781 239 1824 τὸ
256 1781 392 1837 ἥμισυ.
421 1781 469 1823 τοὶ
487 1778 563 1824 οὖν
582 1781 646 1836 ιβ’.
674 1779 835 1835 modun?
858 1783 932 1822 εἰσι
961 1783 1204 1835 νομίσματος
1231 1780 1368 1836 ἥμισυ.
1405 1780 1448 1823 τὸ
1465 1780 1542 1835 γοῖρ

82 1837 268 1893 οἷκέραιον
297 1836 474 1892 νόμισμα
508 1839 583 1892 ἔχει
616 1840 834 1891 μιλιαρίσια
862 1836 927 1891 ιβ’,
957 1837 1045 1889 ἤτοι
1071 1835 1243 1888 κεράτια.
1274 1835 1349 1890 κβ’.
1399 1837 1545 1877 Scien-

83 1895 174 1935 dum
200 1906 276 1943 est,
306 1895 490 1950 siliquam
510 1911 627 1934 unam
642 1894 773 1950 folles
799 1909 870 1932 xn-
900 1893 1048 1945 valere,
1077 1896 1156 1933 sive
1175 1892 1385 1935 Miliarisii
1417 1893 1544 1932 dimi-

83 1952 190 1991 diam
210 1963 382 2006 purtem:
413 1951 577 2005 siliquae
603 1953 722 2005 igitur
742 1965 814 1990 ΧΗ.
838 1949 971 1989 Solidi
995 1952 1103 1989 aurei
1134 1948 1300 1989 dimidia
1325 1965 1422 2003 pars
1441 1960 1540 1989 sunt.

85 2007 245 2049 Solidus
266 2010 364 2047 enim
378 2010 507 2063 justus
530 2006 746 2048 Miliarisia
773 2021 845 2054 xit,
875 2007 953 2045 sive
972 2005 1137 2060 siliquas
1152 2020 1264 2045 xxtv.
1282 2005 1398 2046 valet.

197 2068 292 2118 Peg.
317 2066 414 2108 432.
449 2069 512 2106 12.
555 2062 621 2105 τὸν
651 2059 776 2104 αὐτοῦ
804 2057 983 2114 ἀδελφόν
1010 2062 1200 2117 Μοῦγελ]
1233 2063 1349 2102 Hunc
1374 2061 1540 2116 Μοαγέ-

83 2137 158 2175 ραν
174 2129 294 2161 vocat
315 2122 528 2160 Cedrenus.

196 2176 300 2219 Jbid.
365 2176 607 2230 πτοηθέντες
652 2176 880 2229 Ρωμαίους]
931 2174 1156 2214 lnauditum
1203 2174 1281 2214 hoc
1327 2174 1539 2214 locutionis

108 2248 215 2273 enus.

82 2248 107 2286 g
192 2289 289 2343 Pag.
318 2289 413 2332 432.
444 2290 507 2333 15.
546 2288 589 2330 ἐν
618 2291 675 2342 τῷ
702 2286 897 2343 λεγομένῳ
924 2290 1044 2343 Ιερῷ]
1077 2284 1212 2341 Ιερόν,
1243 2285 1431 2333 Hierum,
1460 2286 1538 2324 Fa-

83 2360 178 2385 num
201 2353 258 2385 est
277 2347 601 2398 antiquissimum,
627 2345 713 2382 Jovi
739 2345 831 2383 Urio
855 2358 1008 2383 sacrum
1031 2344 1080 2383 ad
1102 2345 1235 2382 fauces
1259 2343 1370 2381 Ponti
1392 2343 1538 2381 Euxini

83 2404 123 2441 iu
153 2409 255 2447 terra
287 2403 455 2442 Asiatica
487 2403 671 2455 positum.
733 2402 787 2439 De
815 2400 891 2440 hoc
922 2400 1013 2440 vide
1035 2401 1075 2439 P.
1096 2400 1269 2451 Gyllium
1286 2398 1535 2453 desBosporo

84 2458 254 2498 Thracio
274 2459 344 2498 lib.
367 2465 405 2502 1.
430 2472 516 2512 cap.
537 2463 574 2502 2.
605 2460 654 2497 Et
679 2458 705 2497 l.
729 2462 767 2501 2.
786 2471 872 2510 cap.
895 2460 960 2499 19.

199 2518 292 2568 Pag-
323 2516 417 2558 435.
451 2519 488 2558 3.
530 2515 573 2556 ἐν
602 2510 712 2569 αὐτῷ
743 2512 786 2554 δὲ
815 2517 870 2567 τῷ
903 2510 1031 2568 χρόνῳ
1067 2510 1216 2564 συνέβη
1249 2507 1394 2558 Ινδοῦς
1421 2513 1534 2552 πολε·

84 2574 209 2624 μῆσαι
225 2569 326 2625 πρός
344 2570 530 2624 ἓαυτοιῖς]
562 2572 715 2612 Bellum
736 2570 813 2609 hoc
826 2570 1014 2610 Indorum
1033 2568 1232 2607 Cedrenus
1256 2567 1380 2606 refert
1398 2565 1449 2605 ad
1469 2567 1535 2605 Ju-

83 2628 240 2667 stiniani
274 2627 370 2680 Imp.
403 2628 472 2667 An.
502 2642 597 2677 xv.;
629 2627 854 2667 Anastasius
873 2640 971 2666 vero
992 2626 1042 2664 ad
1071 2624 1245 2677 ejusdem
1267 2636 1412 2662 annum
1429 2634 1534 2663 xv1.:

85 2685 155 2736 qui
185 2685 300 2723 etiam
329 2686 475 2734 Regum
501 2683 643 2725 horum
668 2685 836 2724 alterum
854 2683 1108 2731 Damianum,
1136 2681 1450 2729 Homeritarum,
1479 2680 1535 2718 al-

84 2748 210 2780 terum
232 2755 348 2791 veru,
378 2741 576 2790 Adadum,
608 2742 912 2781 Auxumilarum
944 2741 1107 2788 Regem,
1143 2744 1307 2787 vocant;
1339 2750 1455 2789 quem
1473 2743 1533 2775 ta·

85 2811 175 2838 men
193 2797 411 2850 Procopius
430 2798 618 2840 Persicor.
640 2799 707 2839 lib.
732 2803 766 2840 1.
796 2799 1073 2849 Ελλησθεαῖον
1092 2801 1219 2835 vocat.
