1838 3230
315 177 415 226 554
799 174 1265 220 ANNOTATIONES.

425 290 529 341 Pag-
558 293 652 333 212.
685 293 748 332 13.
781 286 995 341 Πομπήϊος
1010 291 1280 344 παρακληθεὶς
1299 287 1496 334 ἀνέδωκεν
1514 288 1646 348 αὐτῷ]
1671 293 1755 333 Imo

315 344 545 395 Antiochus,
576 347 668 385 licet
687 345 852 396 rogandi
872 345 1011 384 habuit
1037 347 1254 398 audaciam,
1282 350 1481 401 repulsam
1500 355 1628 388 tamen
1648 349 1755 389 tulit:

313 397 502 453 ἐτόλμησε
534 400 605 451 μὲν
632 398 707 455 γάρ
740 402 930 453 Avi-loxos·
968 398 1182 455 ἀπαιτῆσαι
1210 400 1352 453 mittis,
1397 401 1472 446 οὐκ
1502 401 1672 459 ἀπέλαβε
1699 402 1755 446 δὲ.

312 457 505 510 xiphilin.
525 458 629 509 Epit.
651 459 764 496 Dion.
791 457 882 496 vide
902 464 939 496 et
962 459 1126 510 Appian.
1148 460 1359 498 Alexandr.
1374 461 1416 499 in
1437 461 1617 513 Syriacis.

421 512 517 565 Pag·
551 518 646 556 212-
677 516 741 556 18.
784 514 825 553 οἰ
851 511 1073 562 σοφώτατοι
1098 517 1290 568 Ρωμαίων
1320 516 1503 568 ποιηταὶ]
1531 517 1589 556 Jo.
1608 518 1754 568 Grego-

312 568 417 618 rius,
447 567 681 622 Scriptores,
712 570 849 619 vertit5
892 569 969 608 hoc
985 571 1135 610 scilicet
1153 573 1315 611 Auctori
1339 573 1562 624 indulgens:
1606 586 1676 624 ego
1695 579 1756 612 ta-

311 638 400 662 men
440 625 626 663 vocabuli
662 626 1022 678 interpretationem
1059 628 1264 677 genuinam
1294 629 1466 667 retinere
1499 629 1641 677 malui,
1682 640 1755 667 nec

313 680 413 718 enim
443 681 544 718 tanti
574 688 653 731 est,
683 689 749 731 ut,
777 682 818 720 in
846 681 923 720 hoe
948 684 1130 721 Auctoris
1161 685 1283 723 famae
1314 686 1562 734 consulatur,
1597 686 1639 723 in
1669 685 1755 723 aliis

312 735 469 788 majoris
498 738 685 776 momenti
713 745 791 776 tam
821 738 992 788 graviter
1018 741 1226 790 peccantia.
1283 742 1495 779 Salustium
1514 747 1642 779 autem
1661 741 1757 778 Poe-

311 799 404 841 tam,
435 806 547 831 nemo
566 807 738 845 unquam
755 794 914 833 dixerit:
945 794 993 832 de
1013 795 1202 835 Cicerone
1223 810 1319 835 vero
1339 797 1416 835 hoc
1437 798 1471 835 ei
1491 796 1652 836 concedi
1669 797 1756 833 for-

311 855 416 886 tasse
437 850 601 900 poterit:
645 852 801 889 Poetam
821 850 923 888 enim
943 864 1029 889 eum
1048 851 1188 901 fuisse,
1228 853 1322 890 licet
1341 854 1408 892 vix
1427 853 1559 891 laurea
1580 852 1754 902 dignum,

310 911 449 943 testem
479 904 667 946 habemus
697 906 945 957 Juvenalem,
986 908 1064 946 Sat.
1086 912 1148 951 10.
1178 909 1245 947 ubi
1273 908 1380 947 hunc
1407 909 1490 962 ejus
1515 908 1755 948 versiculum

311 968 419 1000 citat.

533 1016 570 1056 Ο
584 1015 835 1069 fortunatam
855 1027 988 1057 natam
1006 1033 1066 1056 me
1087 1016 1251 1058 Consule
1268 1017 1450 1059 Romam.

310 1072 459 1112 Deinde
485 1073 653 1112 addens:

526 1129 682 1169 Antoni
697 1128 855 1182 gladios
875 1130 1002 1183 potuit
1021 1140 1275 1180 contemnere,
1304 1131 1340 1169 si
1356 1131 1415 1171 sic

530 1184 672 1224 Omnia
693 1185 872 1225 dixisset.
929 1184 1114 1223 Riclenda
1133 1197 1311 1239 poemata
1331 1184 1451 1236 malo,
1480 1192 1551 1225 etc.

393 1242 504 1280 Certe
526 1242 749 1280 Ciceronem
769 1243 946 1280 Poeticae
975 1255 1147 1293 operam,
1173 1242 1382 1294 juniorem,
1411 1241 1657 1295 impendisse,
1685 1254 1757 1279 ne-

309 1300 392 1348 gari
414 1312 492 1335 non
511 1303 661 1348 potest3
702 1297 771 1335 sed
796 1304 833 1335 et
854 1298 969 1335 etiam
990 1299 1160 1335 carmina
1180 1298 1354 1350 scripsit:
1385 1312 1435 1337 ex
1456 1299 1596 1350 quibus
1621 1297 1756 1335 Limo-

307 1367 420 1397 nem.
451 1367 590 1405 poema
611 1353 693 1404 ejus
720 1353 777 1391 sic
803 1353 972 1394 dictum.
1003 1353 1098 1391 citat
1124 1355 1320 1404 Donatus,
1349 1355 1531 1393 Pontium
1562 1354 1756 1391 Glaucum

307 1409 417 1448 aliud
436 1410 490 1448 ita
512 1410 764 1461 appellatum,
797 1407 1055 1456 Plutarchus,
1083 1409 1166 1460 ipse
1185 1411 1311 1456 etiam,
1344 1410 1392 1448 de
1414 1410 1494 1448 suis
1512 1409 1755 1461 temporibus

307 1473 386 1503 tres
407 1465 530 1503 libros
553 1466 724 1503 carmine
745 1478 787 1503 se
818 1466 1020 1517 scripsisse
1039 1471 1213 1503 testatur.
1269 1465 1346 1503 Sed
1364 1472 1400 1503 et
1423 1466 1545 1504 multa
1566 1479 1615 1503 ex
1635 1466 1756 1502 Grae-

308 1536 356 1560 co
373 1521 595 1570 transtulit5
627 1528 674 1559 ut
687 1521 794 1559 Arati
814 1521 1102 1560 Phaenomena:
1134 1521 1245 1573 cujus
1264 1522 1378 1560 etiam
1399 1535 1502 1560 nune
1522 1535 1613 1575 pars
1632 1526 1754 1570 extat,

310 1579 462 1629 aliaque
487 1583 699 1629 praeterea.
757 1578 941 1615 Attamen
966 1579 1103 1615 Poetae
1133 1578 1287 1615 nomine
1305 1591 1354 1615 an
1381 1577 1520 1627 dignus
1538 1577 1755 1615 censendus

309 1635 373 1683 sit,
405 1633 579 1672 dubitari
600 1639 742 1685 potest.
800 1634 960 1671 Tacitus
981 1632 1082 1672 enim
1113 1633 1298 1671 Carmina
1321 1631 1514 1672 Ciceronis
1537 1632 1670 1687 forum
1691 1648 1756 1670 re-

310 1688 458 1739 dolere,
486 1690 616 1743 potius
634 1704 749 1743 quam
772 1688 1005 1738 Castaliam,
1034 1689 1191 1738 asserit,
1223 1689 1342 1727 Cassii
1365 1689 1479 1727 etiam
1498 1688 1632 1727 Severi
1649 1687 1755 1740 apud

309 1748 497 1789 Senecam
525 1759 691 1797 poeseos
712 1746 988 1784 Ciceronianae
1018 1759 1182 1783 censura
1209 1744 1307 1782 haec
1335 1751 1410 1793 est,
1444 1743 1653 1797 Virgilium
1682 1742 1757 1783 illa

296 1800 484 1856 felicitas
512 1802 675 1853 ingenii,
705 1803 880 1840 oratione
909 1800 1058 1850 soluta,
1089 1800 1270 1854 reliquit:
1297 1799 1512 1840 Ciceronem
1539 1798 1757 1853 eloquentia

313 1872 385 1894 sua
405 1859 446 1896 in
468 1856 703 1896 carminibus
730 1856 912 1897 destituit.
968 1856 1067 1896 Vide
1089 1857 1248 1908 Gregor.
1281 1856 1498 1908 Gyraldum
1526 1856 1575 1894 de
1602 1857 1755 1910 Poetar.

311 1912 449 1951 histor.
476 1913 619 1963 dialog.

427 1973 520 2020 Pag.
551 1972 645 2010 212.
683 1971 749 2010 21.
795 1965 890 2021 μετοέ
915 1972 995 2009 τῶν
1019 1965 1278 2022 ὖπαρχόντων
1306 1963 1462 2016 αὐτῶν]
1501 1968 1580 2006 Ser.
1619 1963 1755 2008 αὐτοῦ.

315 2030 431 2076 atque
451 2024 517 2062 hie
538 2024 662 2074 ignoti
684 2023 802 2077 hujus
822 2024 1007 2063 Antiochi
1026 2026 1112 2063 finis
1134 2031 1228 2066 esto.

429 2084 520 2133 Pag-
549 2084 642 2122 213.
671 2080 710 2122 4.
759 2080 824 2133 ἔτη
854 2077 976 2135 σξγ’.]
1004 2083 1140 2132 Syriae
1167 2093 1327 2131 regnum
1356 2077 1649 2117 Macedonicum
1667 2091 1752 2116 cen.

314 2142 468 2175 tantum
485 2149 606 2173 annos
639 2136 821 2185 durasse,
857 2144 972 2187 atque
990 2145 1078 2188 post
1100 2137 1350 2187 Philippum,
1379 2133 1561 2173 Antiochi
1577 2133 1756 2185 Dionysii

313 2193 496 2240 fratrem,
530 2192 736 2242 defecisse,
765 2198 883 2232 testes
901 2193 1089 2232 habemus
1106 2193 1331 2240 Eusebium,
1361 2197 1400 2230 et
1423 2191 1606 2243 ἱστοριῶν
1635 2202 1757 2230 συνα-

312 2252 443 2302 γωγῆς
458 2249 685 2287 Auctorem.

428 2308 518 2357 Pag.
550 2303 642 2346 214.
670 2307 709 2344 2.
748 2302 812 2343 ἐπὶ
833 2302 896 2354 ἔτη
916 2301 1037 2356 υξδ’.]
1068 2305 1124 2342 De
1145 2304 1377 2342 Consulatus
1397 2301 1617 2349 duratione,
1647 2302 1756 2339 atze-

314 2360 429 2407 gibus
449 2361 598 2398 scilicet
616 2359 809 2411 expulsiS,
852 2359 902 2396 ad
922 2361 963 2398 C.
984 2361 1015 2399 J.
1035 2361 1236 2399 Caesarem
1261 2359 1511 2406 metatorem,
1541 2366 1679 2406 magna
1697 2363 1757 2395 est

312 2417 418 2455 inter
444 2423 623 2455 auctores
652 2416 878 2468 opinionum
915 2415 1132 2455 diversitas.
1202 2415 1292 2454 Chr.
1318 2414 1431 2453 Alex.
1463 2419 1602 2451 auctor
1634 2426 1755 2450 annos

313 2479 512 2510 enumerat
537 2478 688 2509 tantum
717 2484 897 2510 cccxcm.
938 2472 1149 2521 Eusebius,
1193 2483 1432 2510 ceccnxxm.
1470 2468 1756 2519 Excerptiones

314 2527 620 2578 Chronologicae
649 2527 700 2565 ad
720 2528 900 2575 Florum,
931 2541 991 2565 an.
1011 2541 1136 2567 nexu.
1158 2527 1266 2578 quod
1291 2525 1430 2564 incidit
1451 2525 1491 2563 in
1514 2539 1574 2563 an.
1598 2525 1645 2562 ab
1666 2524 1754 2564 urb.

315 2583 441 2622 Cond.
465 2597 594 2622 nocvt.
617 2583 696 2622 vid.
716 2584 814 2622 Scal.
838 2583 887 2621 de
906 2583 1069 2622 Emend.
1087 2585 1224 2635 Temp.

430 2643 524 2691 Pag.
556 2638 652 2681 214.
681 2640 720 2682 4.
758 2636 819 2680 διὸ
845 2639 997 2692 Καίσαρ
1017 2638 1187 2692 ἐλέγετο]
1219 2639 1271 2676 lta
1288 2637 1402 2675 etiam
1420 2635 1630 2684 Cedrenus,
1661 2635 1754 2674 Chr.

315 2695 531 2733 Alexandr.
566 2696 729 2746 Glycas,
766 2702 804 2733 et
828 2695 1097 2733 Constantinus
1130 2695 1343 2741 Manasses,
1384 2692 1453 2743 qui
1480 2698 1610 2730 tamen
1639 2692 1755 2729 etiam

318 2751 413 2788 alias
429 2752 595 2788 nominis
613 2751 781 2789 rationes
800 2752 962 2802 profert.
996 2753 1164 2788 Zonaras
1183 2764 1278 2788 vero
1298 2750 1497 2799 vulgatam
1515 2747 1616 2785 hanc
1633 2746 1756 2785 nomi-

319 2807 378 2845 nis
397 2806 514 2860 hujus
537 2807 724 2846 rationem
748 2808 883 2846 falsam
905 2820 984 2846 csse
1002 2807 1158 2857 asserit,
1186 2805 1248 2844 his
1269 2805 1418 2855 verbis,
1447 2806 1558 2846 Toni.
1582 2808 1621 2846 2.
1654 2800 1754 2842 Ελέ-
