1838 3230
451 161 1070 208 CHRONOGRAPHIA.
1127 159 1174 203 L.
1205 159 1277 204 VI.
1506 160 1603 212 155

128 285 183 330 τὰ
212 283 354 342 εὐτελῆ
384 285 500 340 δῶρα
527 286 587 342 τῷ
613 282 730 338 ἱερεῖ,
769 281 951 340 λέγοντες
980 279 1093 341 αὐτῷ
1125 278 1189 325 ὅτι
1215 277 1442 338 Λῗγῦπτιοί
1467 279 1601 335 ἐσμεν,

130 356 199 398 καὶ
227 354 415 414 ἤλθομεν
439 352 692 408 ἐπερωτῆσαι
728 351 804 408 τὴν
832 352 1028 404 Πυθίαν,
1064 351 1134 393 καὶ
1161 350 1205 393 ἐκ
1241 353 1316 393 τοῦ
1341 341 1500 405 μήκοιις
1530 353 1604 404 τῆς

131 421 232 468 ὃδοῦ
265 418 609 480 ἓληθαργήσαμεν
639 419 707 463 διὰ
753 421 797 464 τί
828 419 1014 477 ἤλθομεν
1054 419 1308 476 ἐπερωτῆσαι
1340 417 1368 476 ἢ
1412 420 1602 474 αἰτῆσαι·

129 491 219 536 ἀλλ’
242 487 354 544 εὖξαι
375 491 443 534 καὶ
465 487 722 547 ἐπερώτησον
741 489 817 546 τὴν
835 490 941 533 θεὰν
963 488 1031 532 διὰ
1051 489 1096 532 τί
1113 487 1311 545 ἤλθομεν.
1380 488 1448 531 καὶ
1473 488 1508 530 εἰ
1527 486 1604 541 μὲν

95 561 222 620 5εῗπῃ
241 558 339 617 ὖμῒν
360 559 430 603 διὰ
451 560 494 602 τί
507 557 657 615 ῆλθετε
668 592 682 612 ,
721 556 814 603 δότε
835 559 903 601 καὶ
921 558 975 601 τὰ
1001 556 1195 612 βασιλικὰ
1223 559 1338 615 δῶρα
1372 557 1441 599 καὶ
1467 555 1605 599 εἷ’πατε

127 633 188 689 τῷ
217 629 318 687 ἱερεῖ
344 632 498 684 μαθεῖν
532 630 568 670 εἶ
598 631 696 672 νικῶ
729 628 801 672 τὸν
829 627 1004 683 βασιλέα
1032 630 1210 684 Περσῶν
1238 626 1311 669 τὸν
1338 628 1495 683 Κῦρον.
1566 625 1606 668 οἳ

130 699 177 742 δὲ
207 696 405 752 λαβόντες
435 696 489 740 τὰ
517 699 632 755 δῶρα
666 697 862 753 ἀπῆλθον
893 698 950 747 εἷς
977 695 1171 753 Δελφοὺς
1202 697 1258 746 εἷς
1290 694 1336 738 τὸ
1370 692 1500 751 ἱερόν,
1536 695 1606 736 καὶ

129 766 287 811 ἔδωκαν
313 765 368 810 τὰ
398 767 515 824 δῶρα
538 767 591 813 τὰ
609 766 750 822 εὐτελῆ
761 799 774 820 ,
813 767 879 810 καὶ
902 764 1013 809 εἶπον
1035 764 1205 815 ἓαυτοῧς
1223 764 1501 821 Αἰγυπτίους,
1537 763 1607 806 καὶ

130 834 194 880 ὅτι
206 832 575 893 Ἐληθαργήσαμεν
594 835 657 879 διὸ
677 835 876 891 ἤλθομεν.
913 836 980 878 καὶ
1002 831 1220 884 ἀκούσαςὸ
1245 832 1373 890 ἱερεὺς
1391 828 1602 888 ἐξεπλάγη,
1628 845 1661 881 0
1687 845 1754 881 197

74 916 121 954 10
132 906 200 949 καὶ
220 902 438 961 δεξάμενος
455 904 510 947 τὰ
529 906 644 963 δῶρα
664 905 718 948 τὰ
739 905 895 960 εὐτελῆ,
917 902 1115 947 εἴσελθών
1127 901 1296 959 ηὔξατο,
1319 903 1385 944 καὶ
1401 900 1520 956 ἔλαβε
1533 900 1609 956 τὴν

130 971 346 1032 ἀπόκρισιν
363 970 520 1030 ταύτην
538 974 651 1031 παρὰ
669 978 745 1030 τῆς
764 974 950 1024 Πυθίας.
1007 970 1114 1016 Οἶδα
1131 969 1311 1027 ψάμμου
1328 970 1401 1014 τὸν
1422 969 1605 1028 ἀριθμὸν
1629 982 1660 1018 c

127 1045 198 1087 καὶ
215 1042 347 1101 μέτρα
369 1040 610 1099 &altit-1713·
648 1042 696 1086 οὐ
717 1043 934 1093 λαλέοντος
954 1042 999 1085 δὲ
1024 1038 1162 1085 ἀκούω
1196 1041 1264 1083 καὶ
1296 1043 1440 1097 κωφοῦ
1469 1039 1607 1095 ξυνίη-

111 1130 190 1173 Αμι.
255 1113 411 1165 παίζειν
440 1111 489 1155 δέ
515 1129 566 1167 με
598 1117 788 1169 πειρᾶται
817 1114 1000 1169 Κροῖσος
1031 1107 1053 1154 ὅ
1082 1108 1277 1165 βασιλεὺς
1307 1110 1374 1152 καὶ
1397 1109 1436 1152 οἶ
1454 1105 1605 1152 τούτου

130 1181 286 1225 Λυδοί.
342 1181 409 1223 καὶ
429 1180 609 1233 ἐξελθὼν
629 1180 650 1225 ὅ
672 1181 800 1239 ἱερεὺς
822 1179 929 1224 εἶπεν
947 1179 1109 1232 αὐτοῖς,
1151 1178 1238 1222 Οὖκ
1257 1178 1347 1221 ἐστὲ
1365 1176 1604 1235 Αἲγύπτιοι,

76 1261 122 1299 15
133 1249 240 1294 ἀλλὰ
257 1250 425 1303 Λυδοί,
462 1251 530 1293 καὶ
551 1250 624 1293 οὒκ
644 1248 971 1308 ἕληθαργήσατε,
1007 1248 1112 1291 ἀλλὰ
1131 1249 1340 1300 παίζοντες
1362 1246 1414 1290 τὰ
1432 1252 1528 1290 θεῖα
1550 1246 1608 1289 εἶ-

132 1317 283 1378 ρήκατε
313 1323 458 1363 ταῦτα.
529 1321 596 1362 καὶ
626 1320 863 1363 ἐπιδέδωκεν
895 1318 1036 1369 αὐτοῖς
1061 1314 1227 1375 γράψας
1255 1316 1328 1360 τὸν
1350 1315 1540 1373 χρησμὸν
1565 1316 1608 1359 ἓν

131 1385 343 1443 διπτύχοις
377 1389 434 1437 εἷς
458 1388 506 1431 τὸ
537 1389 683 1432 εἰδέναι
709 1391 893 1446 Κροῖσον
925 1387 971 1430 τὸ
994 1391 1158 1442 θαῦμα.
1228 1386 1486 1442 ἐκπλαγέντες
1505 1385 1550 1427 δὲ
1570 1385 1610 1427 οἳ

131 1455 384 1507 ἀπελθόντες
418 1455 684 1502 ἐπιδεδώκασι
712 1460 780 1501 καὶ
811 1457 864 1500 τὰ
897 1456 1002 1500 ἄλλα
1032 1454 1225 1510 βασιλικὰ
1258 1457 1373 1512 δῶρα
1402 1459 1459 1514 τῷ
1497 1455 1605 1511 ἱερεῖ,

132 1524 310 1576 εἰπόντες
329 1525 442 1585 αὐτῷ
465 1525 527 1570 ὅτι
546 1519 730 1585 Κροῖσος
752 1525 772 1570 ὅ
790 1526 984 1582 βασιλεὺς
1005 1523 1115 1582 ἡμᾶς
1136 1524 1336 1579 ἔπεμψεν,
1375 1523 1510 1579 ἐπειδὴ
1531 1520 1608 1565 πό-

75 1599 258 1651 ωλεμον
278 1595 355 1651 ἔχει
373 1596 476 1653 πρὸς
497 1599 663 1654 Κῦρον,
700 1596 774 1640 τὸν
795 1600 972 1654 Περσῶν
996 1594 1170 1650 βασιλέα
1184 1608 1194 1617 ·
1230 1593 1335 1636 ἀλλὰ
1358 1591 1472 1647 μάθε
1494 1591 1526 1635 εἶ
1547 1609 1609 1635 νι-

134 1669 190 1725 κᾷ
225 1662 365 1708 αὐτόν.
435 1667 503 1708 καὶ
539 1665 738 1710 εἰσελθὼν
773 1663 897 1708 πάλιν
929 1662 950 1708 ὅ
982 1663 1110 1721 ἱερεὺς
1137 1663 1204 1706 καὶ
1236 1659 1455 1717 εὐξάμενος
1488 1660 1608 1714 ἔλαβε
1632 1672 1664 1707 D

134 1733 208 1778 τὸν
233 1731 424 1791 χρησμὸν
458 1738 621 1779 τοῦτον.
692 1737 876 1792 Κροῖσος
903 1732 1026 1777 Ἅλυν
1054 1731 1241 1787 ποταμὸν
1264 1731 1414 1786 διαβὰς
1432 1729 1612 1787 μεγάλην
1637 1742 1670 1777 0
1697 1743 1764 1778 198

225 1843 260 1880 3.
285 1839 350 1878 διὰ
371 1854 436 1878 om.
459 1843 647 1879 Cedrenus.
725 1845 759 1879 5.
783 1841 869 1880 δότε
892 1843 969 1886 Ch„
994 1841 1180 1883 cedrenus,
1205 1841 1307 1886 δῶρα
1331 1840 1399 1875 Ox.
1481 1841 1537 1876 10.
1561 1837 1608 1875 τοὶ

227 1886 377 1936 εὐτελῆ]
400 1886 529 1937 εὐτελῆ
552 1891 621 1926 Ox.
715 1892 771 1929 13.
794 1892 937 1934 παίζειν
959 1889 1045 1934 ch„
1069 1890 1204 1934 παίζῃν
1226 1888 1295 1923 Ox.

134 1982 247 2018 culum
270 1981 457 2026 adeuntes,
480 1982 605 2018 viliora
627 1982 686 2017 illa
709 1982 800 2018 dona
822 1980 993 2018 sacerdoti
1013 1980 1164 2023 tradite3
1188 1980 1341 2015 dicentes
1363 1977 1419 2013 ei:
1443 1977 1608 2024 Aegyptii

135 2040 268 2072 sumne,
306 2034 342 2064 et
365 2029 555 2064 Oraculum
586 2029 773 2065 consulturi
804 2029 973 2064 venimus:
1017 2039 1061 2062 ex
1083 2026 1215 2062 itineris
1248 2031 1359 2061 autem
1382 2025 1609 2069 longitudine,

136 2075 270 2111 omnino
304 2075 401 2110 nobis
424 2075 571 2118 excidit,
606 2076 698 2121 quod
722 2074 930 2111 sciscitaturi
963 2085 1117 2109 essemus.
1164 2073 1289 2119 Itaque
1322 2073 1395 2118 ipse
1417 2071 1525 2105 Deam
1548 2083 1609 2105 ro-

135 2126 243 2168 gat-03
283 2134 463 2168 quamnam
486 2123 530 2157 ob
555 2134 690 2162 causam
724 2134 785 2157 nos
813 2123 878 2156 huc
901 2120 1136 2156 advenimus.“
1184 2120 1223 2153 Si
1248 2123 1360 2153 autem
1384 2117 1479 2151 dicat
1502 2116 1610 2159 vobis,

136 2179 296 2214 quorsum
318 2169 479 2211 venistis3
511 2174 583 2204 tum
607 2170 698 2203 dona
721 2169 823 2203 etiam
848 2167 946 2213 regia
968 2167 1019 2201 ini
1043 2165 1189 2207 dabitis;
1222 2166 1360 2211 insuper
1385 2175 1461 2198 eum
1485 2174 1610 2207 rogan-

135 2218 210 2257 tes,
233 2219 272 2250 ut
294 2216 382 2250 abA
410 2215 513 2249 olline
536 2215 687 2257 ediscat3
711 2221 824 2249 utrum
849 2226 913 2259 ego
931 2213 1080 2258 Cyrum,
1105 2213 1284 2247 Persarum
1308 2223 1444 2256 regem,
1468 2220 1611 2254 supera-

137 2263 235 2296 turus
258 2261 330 2296 sim.
377 2227 501 2307 Rogati
523 2261 661 2307 itaque,
694 2261 791 2296 donis
815 2259 987 2307 acceptis,
1023 2259 1194 2306 Delphos,
1226 2258 1269 2292 ad
1295 2257 1480 2292 oraculum
1503 2255 1612 2299 profi-

138 2306 330 2343 ciscunturz
373 2307 464 2343 dona
486 2313 601 2343 autem
624 2307 747 2343 viliora
770 2306 951 2342 Sacerdoti
983 2306 1189 2346 offerentes,
1223 2304 1340 2340 dicunt
1360 2315 1397 2337 se
1421 2300 1612 2346 Aegyptios

138 2364 233 2396 oese3
271 2354 408 2389 itineris
429 2365 512 2389 vero
536 2365 671 2389 causam
694 2353 758 2388 sibi
782 2353 957 2389 excidisse.
1003 2353 1081 2387 Hoc
1110 2351 1251 2394 audito,
1288 2348 1462 2394 obstupuit
1484 2348 1611 2381 Sacer-

138 2398 222 2439 dosz
247 2401 336 2435 dona
359 2405 471 2435 autem
496 2399 579 2436 vilia
602 2400 795 2446 accipiens,
818 2400 932 2434 fanum
955 2398 1167 2444 ingreditur:
1191 2397 1350 2442 votisque
1374 2392 1566 2438 conceptis,
1590 2404 1612 2426 a

139 2443 269 2490 Pythia
289 2446 372 2481 tulit
395 2447 463 2481 hoc
484 2458 691 2492 responsum.
738 2445 868 2488 „Novi
891 2458 956 2491 ego
981 2456 1105 2480 arenae
1128 2454 1311 2485 numerum,
1337 2447 1374 2476 et
1396 2439 1497 2475 maris
1515 2450 1609 2473 men-
1645 2461 1652 2469 ι

141 2501 264 2527 suram.
310 2492 422 2527 Audio
446 2493 547 2527 etiam
572 2505 637 2527 non
660 2493 872 2538 loquentem,
909 2499 1150 2536 tacentemque
1172 2489 1335 2534 intelligo.
1382 2487 1506 2531 Egone
1530 2490 1568 2520 ut
1591 2496 1614 2519 a

141 2535 272 2573 Croeso
311 2544 348 2573 et
379 2539 487 2583 Lydis
520 2540 594 2584 ejus
626 2539 752 2574 illudor
784 2538 932 2573 dolis‘3“
979 2539 1145 2583 Egressus
1169 2542 1281 2570 autem
1313 2534 1494 2573 sacerdos,
1530 2531 1613 2573 Vos,

141 2580 285 2636 inquit,
309 2585 474 2631 Aegyptii
497 2597 564 2619 non
589 2586 691 2628 estis,
725 2585 784 2620 sed
809 2584 919 2630 Lydi3
957 2596 1021 2618 nec
1043 2582 1213 2618 oblivione
1237 2579 1352 2626 capti,
1389 2578 1447 2617 sed
1473 2576 1612 2612 Numini

141 2628 338 2673 illudentes,
374 2632 459 2666 haec
489 2630 632 2666 dixistis.
681 2630 822 2668 Oraculi
858 2642 942 2665 vero
965 2640 1181 2675 responsum,
1219 2624 1401 2671 Diptychis
1425 2630 1613 2665 exaratum,

143 2675 315 2710 Sacerdos
345 2675 392 2711 eis
414 2677 579 2719 tradidit;
622 2682 661 2712 ut
684 2678 829 2713 Croesus
863 2674 1167 2712 Miraculuminde
1190 2672 1304 2707 sciret.
1352 2669 1477 2716 Legati
1500 2675 1612 2704 autem

142 2720 302 2763 attoniti,
326 2721 415 2756 dona
436 2723 538 2758 etiam
563 2723 765 2769 pretiosiora
787 2723 847 2758 ina
869 2721 1040 2758 sacerdoti
1064 2719 1283 2760 obtulerunt,
1307 2717 1479 2753 dicentes:
1504 2716 1613 2750 Croe-

142 2778 199 2802 sus
221 2778 286 2802 rex
309 2774 424 2802 noster
447 2781 520 2804 cum
544 2769 660 2816 Cyro,
686 2771 867 2805 Persarum
891 2780 994 2814 rege,
1019 2766 1144 2800 benum
1168 2764 1344 2799 habiturus
1367 2768 1438 2798 est:
1462 2773 1523 2797 nos
1545 2761 1615 2798 ita-

142 2825 213 2859 que
244 2813 336 2848 misit
359 2813 564 2857 consultum,
600 2827 644 2850 an
667 2816 825 2862 superior
857 2825 1019 2849 evasurus
1042 2811 1098 2846 sit.
1145 2810 1316 2846 Sacerdos
1345 2809 1463 2855 itaque
1489 2808 1614 2843 iterum

143 2858 333 2905 ingressus,
355 2865 392 2895 et
414 2865 599 2907 precatus,
631 2863 698 2897 hoc
718 2861 800 2898 tulit
821 2870 1026 2907 responsum.
1075 2881 1100 2901 ,,
1108 2855 1274 2902 Croesus,
1297 2855 1390 2904 Haly
1413 2854 1516 2891 fluvio
1539 2859 1614 2889 tra-
