1838 3230
273 219 339 266 20
784 196 1225 257 ANoN'YMI

273 348 316 375 τε
343 330 539 387 ὃιοίκησίς
562 348 622 381 τις
644 327 694 388 ἦν
715 331 757 374 ἓν
779 334 830 388 τῇ
855 327 965 373 δύσει
977 363 991 383 ,
1029 329 1135 374 ἀλλὰ
1166 328 1307 379 ἁπλῶς
1335 327 1476 387 ᾠκεῖτο
1501 332 1615 392 πᾷσα
1635 326 1662 385 ἦ
1681 333 1732 385 γῆ

272 401 397 455 ἐκείνη
438 400 517 442 ἀπὸ
553 404 635 444 τῶν
671 397 999 455 μετοικησιίντων
1029 400 1112 442 ἐκεῖ
1135 399 1178 441 ἐκ
1210 402 1284 453 τῆς
1310 401 1445 455 φυλῆς
1472 401 1548 440 τοῦ
1570 394 1728 454 Ἰάφεθ,

269 469 362 513 υἱοῦ
389 471 499 511 Νῶε.
1326 519 1327 522 ¹
1622 518 1624 522 ,

361 536 528 591 Ἔζησεν
547 536 591 578 δὲ
609 539 743 586 Πῖκος
764 533 785 578 ὅ
808 537 873 578 καὶ
900 535 1006 586 Ζεὺς
1034 533 1103 591 ἴτη
1132 533 1209 592 ρκ’,
1242 538 1403 591 κρατῶν
1425 533 1499 590 τὴν
1523 531 1639 576 δύσιν
1661 534 1730 576 καὶ

149 618 182 652 0
206 619 252 654 22
272 604 501 660 βασιλεύων
524 604 663 659 αὐτῆς.
734 606 800 647 καὶ
830 603 940 659 ἔσχεν
966 604 1083 654 υἱοὺς
1108 605 1285 653 πολλοὺς
1308 605 1374 646 καὶ
1396 602 1630 662 θυγατέρας
1649 601 1763 650 ἄπό5

267 678 350 717 τῶν
381 673 586 729 εὐπρεπῶν
616 677 828 728 γυναικῶν.
898 672 1010 727 ἔσχεν
1029 673 1072 715 δὲ
1094 673 1217 723 αὐτὸς
1238 676 1369 722 Πῖκος
1389 670 1409 714 ὃ
1431 672 1497 713 καὶ
1517 670 1623 721 Ζεὺς
1639 670 1730 714 υἱὸν

269 740 439 795 ὀνόματι
462 745 628 784 Φαῦνον
638 774 651 795 ,
689 740 735 785 ὃν
755 743 821 784 καὶ
835 739 987 797 Ἑρμῆν
1006 739 1190 785 ἐκάλεσεν
1207 743 1262 791 εἷς
1281 740 1411 795 ὄνομα
1428 743 1502 783 τοῦ
1519 736 1728 795 πλανήτου

266 811 449 866 ἀστέρος.

366 877 492 922 Μετὰ
513 878 557 920 δὲ
577 877 652 933 τὴν
673 876 863 932 τελευτὴν
881 881 955 920 τοῦ
980 876 1106 920 αὐτοῦ
1128 879 1261 921 Πίκου
1283 880 1358 920 τοῦ
1378 877 1444 919 καὶ
1463 875 1567 926 Διὸς
1584 875 1726 930 ἐβασί-

211 957 242 991 C
266 952 404 991 λευσεν
441 945 462 990 ὅ
491 946 580 996 υἱὸς
619 946 747 989 αὐτοῦ
789 950 955 996 Φαῦνος
989 943 1009 988 ὃ
1052 948 1117 989 καὶ
1154 944 1305 1002 Ἑρμῆς
1338 949 1411 999 τῆς
1447 944 1622 993 Ἰταλίας
1655 942 1724 999 ἴτη
1738 938 1783 992 10

262 1013 483 1073 τριάκοντα
507 1015 646 1067 πέντε,
678 1013 724 1064 ὃς
743 1010 793 1069 ἦν
816 1014 918 1071 ἀνὴρ
939 1019 1167 1071 πανοῦργος
1185 1016 1251 1066 καὶ
1269 1011 1582 1068 μαθηματικός·
1615 1010 1726 1062 ὅστις

263 1085 433 1141 ἐφεῦρεν
455 1083 502 1126 τὸ
520 1083 722 1138 μέταλλον
743 1087 817 1125 τοῦ
831 1084 1003 1140 χρυσίου
1023 1084 1064 1126 ἓν
1087 1088 1138 1141 τῇ
1164 1081 1276 1126 δύσει
1299 1085 1461 1137 πρῶτος
1483 1082 1550 1124 καὶ
1571 1080 1618 1124 τὸ
1637 1097 1724 1136 χω-

262 1151 401 1195 νεύειν.
473 1151 594 1208 γνοὺς
622 1152 667 1193 δὲ
696 1149 757 1194 ὅτι
791 1153 1118 1208 ὄιαφθονοῦνται
1149 1151 1261 1209 αὐτῷ
1285 1151 1323 1193 οἳ
1346 1150 1514 1206 ἀδελφοὶ
1535 1148 1662 1192 αὐτοῦ
1685 1149 1725 1192 οἳ

263 1220 343 1271 ἀπὸ
365 1225 447 1263 τῶν
467 1224 667 1276 γυναικῶν
688 1214 743 1262 ὧν
762 1218 874 1274 ἴσχεν
893 1223 1027 1269 Πΐκος
1047 1218 1067 1263 ὃ
1090 1222 1156 1262 καὶ
1180 1217 1307 1270 Ζεύς,
1347 1217 1368 1261 ὃ
1401 1218 1528 1260 αὐτοῦ
1558 1215 1695 1274 πατήρ
1709 1231 1720 1241 ·
1759 1224 1762 1228 ’

260 1287 488 1343 ἠβούλοντο
513 1287 589 1344 γὰρ
612 1288 738 1331 αἰτόν
759 1292 979 1344 φονεῦσαι,
1004 1287 1059 1338 ὥς
1076 1287 1188 1338 ὄντες
1208 1288 1372 1340 πολλοί,
1395 1287 1489 1342 περί
1501 1303 1580 1329 που
1598 1284 1719 1341 {ficlo-
1731 1296 1776 1332 15

258 1355 444 1412 μήκοντα
457 1371 466 1380 ·
501 1356 605 1411 μετὰ
623 1356 700 1412 γὰρ
724 1360 886 1399 πολλῶν
911 1354 1233 1412 συμμιγνύμενος
1252 1359 1451 1412 γυναικῶν
1469 1355 1721 1410 ἕτεκνοποίη-

261 1443 328 1468 σεν
351 1424 372 1468 ὅ
391 1423 497 1474 Ζεύς
512 1438 521 1448 ·
557 1424 660 1467 πολὺ
677 1426 848 1481 χρυσίον
869 1423 1223 1480 ἕγκολπωσάμενος
1245 1426 1299 1473 εἷς
1318 1421 1548 1478 ὑπερβολὴν
1569 1421 1721 1478 ἀνεχώ-

258 1511 394 1549 ρησεν,
418 1496 484 1536 καὶ
505 1492 721 1549 ἀπέρχεται
740 1495 794 1542 εἷς
815 1493 889 1548 τὴν
907 1493 1120 1548 Αἶᾷνυπτον
1139 1493 1242 1549 πρὸς
1259 1492 1333 1547 τὴν
1351 1491 1485 1547 φυλὴν
1504 1496 1578 1534 τοῦ
1596 1489 1716 1545 Χάμ,

255 1562 348 1604 υἱοῦ
379 1565 500 1613 Νῶε,
539 1562 681 1610 οἵτινες
712 1562 898 1612 ἐδέξαντο
932 1561 1058 1604 αὐτὸν
1090 1563 1131 1604 ἒν
1159 1566 1270 1618 τιμῇ.
1340 1561 1407 1602 καὶ
1428 1559 1623 1615 διέτριβεν
1641 1561 1725 1602 ε’κεῖ

255 1628 528 1686 ὖπερηφανῶν
555 1627 735 1682 πάντας,
774 1631 839 1671 καὶ
872 1635 1012 1686 φορῶν
1037 1630 1112 1685 τὴν
1134 1634 1290 1686 χρυσῆν
1314 1627 1464 1682 στολὴν
1486 1625 1774 1684 ἐφι).οσόφει20

201 1715 233 1750 1)
258 1699 371 1754 παρὰ
390 1705 474 1748 τοῖς
494 1699 750 1753 Αἰγυπτίοις,
777 1698 902 1753 λέγων
921 1698 1059 1748 αὐτοῖς
1074 1700 1267 1752 μαντείας
1284 1694 1515 1751 μελλόντων
1528 1709 1538 1719 ·
1567 1691 1619 1750 ἦν
1640 1696 1717 1753 γὰρ

196 1775 203 1783 ”
252 1764 370 1823 φύσει
402 1764 567 1823 σφόδρα
593 1763 772 1822 λογικός·
817 1767 884 1808 καὶ
917 1765 1191 1822 προσεκύνουν
1221 1763 1370 1817 αὐτόν,
1408 1764 1589 1819 λέγοντες
1616 1763 1716 1807 θεὸν

248 1833 419 1892 Ἑρμῆν,
451 1833 507 1884 ὥς
524 1834 701 1890 ,λέγοντα
728 1834 782 1876 τὰ
808 1835 1010 1888 μέλλοντα
1030 1837 1097 1877 καὶ
1121 1837 1387 1877 ὁίακονοῦντα
1409 1832 1549 1883 αὐτοῖς
1574 1833 1619 1876 ἐκ
1641 1837 1715 1875 τοῦ

339 1955 374 1990 9.
397 1952 528 1999 Πήκου
551 1954 621 1990 τοῦ
644 1954 734 1996 Ox,‚
761 1954 831 1990 τοῦ
857 1953 988 2000 Πήκου
1012 1954 1137 1991 Chron·
1163 1966 1198 2001 p.
1223 1926 1280 1988 44.
1305 1952 1347 1988 C.

250 2067 324 2091 cem
355 2059 592 2101 agrestemque
625 2056 732 2091 vitam
763 2056 894 2091 illarum
917 2057 1066 2102 partium
1088 2057 1243 2098 incolae,
1275 2054 1334 2101 qui
1357 2066 1398 2089 ex
1421 2053 1580 2100 Japhefi,
1610 2055 1713 2090 Noae

248 2102 333 2144 filii,
357 2102 466 2148 stirpe
488 2102 637 2147 profecti
661 2106 780 2144 erant,
806 2104 964 2147 agebant.
1720 2128 1722 2130 -

339 2147 439 2182 Vixit
462 2153 575 2182 autem
596 2148 733 2193 Jupiter
755 2148 858 2183 Picus
882 2160 986 2183 annos
1012 2161 1101 2191 cxx,
1125 2146 1323 2183 Occidentis
1345 2157 1428 2187 rex;
1452 2146 1638 2191 multosque
1665 2146 1709 2180 fi—

243 2193 307 2228 lios
339 2204 380 2227 ac
410 2193 499 2227 filias
532 2205 574 2227 ex
605 2194 855 2238 praestantibus
890 2195 999 2229 forma
1031 2194 1225 2229 mulieribus
1248 2191 1413 2237 suscepit=
1452 2191 1543 2226 inter
1566 2204 1650 2236 quos
1675 2193 1708 2227 ei

243 2243 342 2273 natus
367 2243 418 2273 est
440 2238 548 2282 filius,
572 2239 705 2274 nomine
726 2240 883 2282 Faunus,
909 2251 1007 2285 quem
1031 2241 1134 2275 etiam
1157 2251 1178 2274 a
1200 2240 1366 2274 Planetae
1388 2237 1542 2280 nomine,
1567 2238 1707 2272 Mercu-

245 2284 331 2319 rium
352 2285 502 2319 vocavit.
1502 2284 1513 2291 χ

335 2330 506 2364 Defuncto
528 2341 613 2364 vero
635 2330 723 2366 Jove
737 2330 833 2372 Pico,
856 2329 980 2364 Italiae
1002 2342 1142 2375 regnum
1165 2341 1229 2376 per
1252 2340 1355 2364 annos
1378 2339 1470 2362 xxxv
1492 2327 1707 2363 administra-

242 2374 295 2409 vit
318 2376 406 2410 filius
429 2377 503 2421 ejus
526 2376 681 2418 Faunus,
706 2375 765 2421 qui
789 2380 825 2410 et
847 2375 1038 2410 Mercurius
1062 2377 1173 2410 dictus
1197 2378 1260 2410 est.
1308 2373 1449 2408 Subtilis
1474 2378 1550 2408 erat
1572 2374 1628 2408 hic
1650 2374 1704 2408 in-

242 2420 356 2464 genii,
380 2422 570 2467 artiumque
592 2421 909 2456 Mathematicarum
933 2422 1085 2466 peritus3
1111 2422 1170 2468 qui
1193 2425 1228 2454 et
1252 2431 1370 2454 aurum
1393 2420 1518 2465 primus
1541 2419 1576 2453 in
1599 2419 1705 2454 Occi-

241 2467 345 2500 dente
374 2467 524 2513 reperit,
557 2468 696 2513 ejusque
728 2466 898 2501 conflandi
930 2467 1106 2501 rationem.
1154 2467 1278 2500 Verum
1309 2476 1384 2500 cum
1414 2465 1636 2500 intellexisset
1667 2477 1704 2500 se

243 2512 333 2556 apud
370 2514 498 2547 fratres
529 2525 606 2548 suos
640 2513 734 2559 patri
755 2512 832 2547 Jovi
857 2512 900 2546 de
921 2511 1024 2546 variis
1049 2512 1222 2558 pellicibus
1247 2515 1343 2546 natos
1365 2510 1496 2545 invidia
1518 2510 1703 2554 laborare3

243 2557 347 2601 (ejus
371 2559 457 2593 enim
479 2558 696 2593 interimendi
719 2558 890 2594 consilium
913 2563 1096 2602 ceperant;
1124 2563 1162 2591 ut
1185 2557 1244 2602 qui
1267 2559 1404 2590 numero
1429 2560 1540 2590 essent
1563 2557 1703 2592 circiter

241 2604 482 2647 septuaginta:
517 2604 655 2649 Jupiter
688 2604 774 2638 enim
799 2615 871 2638 cum
895 2603 1045 2647 plurimis
1069 2606 1290 2637 consueverat
1312 2601 1524 2644 mulieribus,
1557 2602 1703 2637 liberos·

241 2658 308 2691 que
331 2649 453 2683 multos
477 2662 519 2684 ex
543 2650 591 2685 eis
614 2649 835 2696 susceperat)
867 2648 996 2693 ingenti
1022 2649 1096 2683 auri
1118 2649 1271 2693 pondere
1295 2651 1500 2688 convasato,
1531 2648 1703 2694 Italiaque

239 2692 382 2735 relicta,
405 2694 441 2728 in
464 2696 656 2741 Aegyptum
680 2708 717 2730 se
740 2693 903 2736 contulit,
939 2693 983 2728 ad
1006 2699 1142 2739 gentem
1167 2705 1187 2727 a
1211 2694 1339 2728 chamo
1364 2693 1464 2726 Noae
1487 2693 1559 2728 filio
1583 2694 1702 2728 oriun-

239 2737 339 2779 dam3
375 2750 396 2772 a
427 2751 495 2784 qua
528 2741 778 2787 perhonorifice
801 2745 960 2784 exceptus
985 2745 1046 2776 est.
1094 2739 1164 2780 Qui
1188 2739 1265 2773 dum
1287 2737 1337 2772 ibi
1361 2738 1523 2782 degeret,
1558 2751 1643 2786 prae
1665 2750 1703 2773 se

239 2785 440 2829 contempsit
471 2798 604 2828 omnes3
636 2791 833 2831 vestemque
865 2786 976 2819 ferens
1000 2796 1157 2827 auream,
1190 2784 1496 2839 philosophabatur
1519 2785 1610 2831 apud
1633 2785 1701 2818 Ae-

240 2828 401 2874 gyptios,
434 2831 621 2876 futuraque
644 2832 692 2867 eis
714 2832 955 2878 praedicebat=
988 2831 1126 2865 Natura
1149 2841 1236 2865 enxm
1259 2841 1422 2876 perquam
1445 2834 1523 2865 erat
1544 2829 1701 2875 ingenio—

239 2885 303 2907 sus.
351 2874 547 2911 Adorarunt
568 2878 686 2922 itaque
710 2889 796 2919 eum,
819 2882 855 2912 et
876 2877 985 2912 Deum
1009 2876 1215 2912 Mercurium
1239 2875 1475 2923 appellarunt3
1499 2880 1539 2911 ut
1561 2873 1621 2922 qui
1642 2875 1699 2911 fu-
