1838 3230
441 151 1088 200 CHRONOGRAPHIA.
1145 150 1196 196 L.
1225 151 1276 196 11.
1523 156 1588 205 41

123 291 239 332 ματα
255 274 301 318 ἐκ
318 273 451 320 λίθων
468 275 535 319 καὶ
555 271 688 327 ξύλων
706 271 734 329 ἢ
751 271 1064 331 χρυσοτεύκτων
1079 271 1105 330 ἢ
1122 272 1392 332 ἐλεφαντίνων
1419 267 1590 327 τόπους,

124 345 282 394 θυσιάς
306 361 351 387 τε
379 342 541 395 τούτοις
560 345 627 387 καὶ
648 342 765 393 κενὰς
791 341 1035 401 πανηγύρεις
1053 341 1261 399 τεύχοντες
1283 341 1460 396 εὐσεβεῖν
1475 344 1594 398 νομί-

127 416 259 470 ζομεν.
329 414 558 471 μοναρχίαν
576 412 654 470 γὰρ
678 409 806 455 ἐδόκει
826 409 1006 465 δοξάζειν
1028 411 1049 456 ὁ
1070 412 1195 463 αὐτὸς
1210 415 1442 470 Σοφοκλῆς.

225 480 275 526 ‘0
315 483 361 526 δὲ
388 481 567 538 Κάδμος
598 481 764 533 ἐξέδωκε
794 481 871 536 τὴν
904 478 1053 526 ἑαυτοῦ
1085 481 1297 539 θυγατέρα
1322 480 1399 537 τὴν,
1422 477 1599 538 Ἀγαύην

92 549 277 607 5Ἐχίονΐ
294 569 372 595 τινι
396 555 647 611 συγκλητικῷ
661 565 671 575 ·
709 548 823 601 ὅστις
841 550 985 606 Ἐχίων
1006 551 1119 607 ἴσχεν
1148 552 1191 603 ἐξ
1222 550 1351 606 αὐτῆς
1378 549 1470 594 υἱὸν
1504 547 1601 599 ὀνό-

125 637 228 676 ματι
245 621 439 675 Πενθέα,
474 620 610 677 ἄνδρα
631 619 802 664 συνετὸν
822 621 889 663 καὶ
911 621 952 663 ἐν
973 618 1169 679 φρονήσει
1187 621 1254 663 καὶ
1273 621 1316 663 ἐν
1336 623 1449 664 πᾶσι.
1520 619 1598 675 τὴν

127 689 175 732 δέ
201 690 407 745 Σεμέλην,
443 690 520 746 τὴν
540 689 669 746 ἄλλην
689 689 818 734 αὖτοῦ
839 689 1075 747 θυγατέρα,
1114 687 1438 748 εὐπρεπεστάτην
1466 683 1595 733 οὖσαν
1618 691 1652 726 0
1675 689 1721 729 48

126 755 260 813 πάνυ,
295 759 466 817 ἐφίλησέ
488 775 550 810 τις
576 757 746 815 ὀνόματι
774 757 1065 814 Πολυμήδων,
1099 759 1190 810 υἱὸς
1217 759 1473 815 Αἶθερῖωνος
1498 775 1597 816 συγ-

126 830 345 884 κλητικοῦ,
382 829 426 872 ἐκ
445 832 520 872 τοῦ
536 828 676 885 γένους
692 829 972 885 καταγομένου
993 833 1067 872 τοῦ
1090 830 1226 872 Πίκου
1247 826 1375 878 Διός·
1411 827 1464 884 ἣν
1493 846 1600 886 προ-

69 908 120 945 10
130 895 388 955 τρεψάμενος
414 896 606 956 ἔφθειρεν
614 931 630 952 ,
659 897 730 956 ἀφ’
754 892 804 953 ῆς
829 897 940 954 ἴσχεν
972 895 1075 941 υἱόν.
1145 898 1213 941 καὶ
1235 897 1278 940 ἐν
1307 901 1366 957 τῷ
1390 896 1492 953 ἔχειν
1522 897 1600 940 αὗ-

127 965 205 1022 τὴν
239 967 283 1009 ἐν
314 968 460 1025 γαστρὶ
495 967 569 1011 τὸν
608 969 738 1010 παῖδα
781 972 979 1022 χειμῶνος
1019 966 1137 1018 ὄντος
1170 966 1352 1023 ἐγένοντο
1391 966 1601 1024 ἀστραπαὶ

128 1032 302 1092 μεγάλαι
336 1037 404 1079 καὶ
437 1037 635 1093 βρονταί·
671 1037 738 1080 καὶ
767 1035 960 1093 ἐθροήθη
980 1034 1007 1092 ἦ
1025 1034 1126 1093 κόρη
1148 1035 1305 1091 Σεμέλη
1318 1068 1331 1088 ,
1370 1037 1437 1079 καὶ
1458 1035 1506 1079 τὸ
1526 1036 1602 1091 μὲν

127 1104 286 1162 βρέφος
302 1105 519 1162 παρευθὺς
540 1106 723 1163 ἐγέννησε
745 1111 887 1161 μηνῶν
908 1103 1011 1149 ἑπτά
1021 1138 1035 1158 ,
1074 1104 1179 1160 αὐτὴ
1205 1104 1328 1160 δὲμὴ
1348 1103 1604 1161 ὖπενὲγκασα

128 1172 229 1224 τοὺς
249 1171 402 1225 πόνους
425 1172 680 1231 ἐτελεύτησε·
716 1176 784 1218 καὶ
813 1175 992 1231 ἔπεμψεν
1018 1172 1039 1218 ὃ
1070 1172 1247 1229 Κάδμος
1276 1173 1324 1217 τὸ
1356 1174 1515 1233 βρέφος
1546 1176 1602 1226 εἷς
1626 1178 1657 1214 V
1681 1179 1726 1215 17

75 1252 122 1289 15
131 1241 208 1298 τὴν
223 1244 388 1286 Νυσίαν
406 1241 558 1301 χώραν,
580 1243 697 1287 κᾶκεΐ
713 1242 872 1302 ἐτράφη
886 1259 896 1269 ·
934 1243 1003 1287 διὰ
1021 1247 1144 1286 τοῦτο
1166 1244 1211 1286 δὲ
1230 1241 1518 1301 συνεγράψατο
1541 1242 1604 1287 ὅτι

131 1308 154 1354 ὅ
176 1312 284 1363 Ζεὺς
300 1312 372 1355 τὸν
391 1312 534 1356 λοιπὸν
547 1311 702 1370 χρόνον
720 1317 796 1369 τῆς
812 1317 1015 1372 μητρικῆς
1033 1312 1161 1356 αὐτοῦ
1179 1312 1357 1370 γαστρὸς
1376 1314 1416 1356 ἐν
1435 1317 1494 1371 τῷ
1514 1313 1606 1372 ἲδίῳ

130 1377 271 1441 κόλπῳ
291 1379 490 1439 ἐφύλαξε,
527 1380 632 1426 διότι
650 1382 775 1441 μέρος
796 1385 899 1439 ζωῆς
919 1383 1008 1438 ἴσχε
1030 1381 1145 1439 παρὰ
1165 1381 1237 1425 τὸν
1255 1380 1404 1439 χρόνον
1424 1387 1501 1438 τῆς
1516 1400 1607 1439 γεν-

131 1447 287 1506 νήσεως
305 1449 435 1496 αὐτοῦ
455 1452 688 1510 ἐκτρωθείς,
724 1452 870 1504 καθὼς
888 1452 1168 1509 Παλαίφατος
1188 1449 1210 1494 ὃ
1235 1449 1481 1508 σοφώτατος
1506 1469 1608 1495 συν-

132 1517 359 1576 εγράψατο.
426 1518 565 1565 ὅντινα
595 1519 618 1565 ὃ
650 1520 780 1565 αὐτοῦ
814 1519 982 1572 πάππος
1009 1519 1187 1576 Κάδμος
1217 1518 1377 1564 Νύσιον
1405 1519 1605 1575 ἐκάλεσεν,

77 1587 220 1634 πάλλ’
244 1589 285 1633 οἱ
304 1591 438 1634 λοιποὶ
461 1588 519 1641 ὥς
548 1588 754 1646 θαύματά
776 1609 869 1635 τινα
890 1594 1087 1634 ποιοῦντα
1114 1590 1158 1633 ἐκ
1188 1594 1262 1645 τῆς
1290 1587 1462 1646 ἡλιακῆς
1488 1590 1608 1646 εὐχῆς

136 1655 343 1703 Διόνυσον
366 1658 662 1715 μετεκάλεσαν,
701 1658 757 1712 ὥς
785 1661 830 1704 ἐκ
862 1660 1000 1718 γένους
1031 1658 1132 1703 ὄντα
1160 1656 1380 1718 πατρῴου,
1417 1661 1485 1703 καὶ
1506 1659 1607 1703 ἀπε-

228 1802 264 1837 1.
287 1797 312 1848 ἢ
335 1801 478 1849 alterum
501 1801 629 1838 addidi.
720 1804 755 1839 2.
777 1802 911 1845 καινάς
935 1803 1004 1838 Ox.
1083 1803 1118 1839 5.
1141 1802 1282 1848 Αἰχίονι
1304 1822 1352 1829 -
1374 1801 1511 1848 Αἰχίων
1534 1802 1605 1841 Ox.

230 1849 286 1884 15.
325 1847 391 1884 dtu}
414 1849 528 1886 τοῦδε
551 1846 833 1895 συνεγράψατο]
868 1848 969 1892 „duic
1000 1850 1112 1885 τοῦτο
1138 1847 1201 1892 δὲ,
1232 1849 1448 1885 scribendum
1471 1861 1605 1888 censeo.

225 1894 380 1931 Fabulae
402 1896 504 1941 hujus
527 1896 677 1931 auctoris
699 1907 819 1931 nomen
843 1896 900 1930 hic
924 1896 1089 1931 excidisse
1111 1896 1270 1938 videtur3
1298 1895 1363 1931 nisi
1386 1897 1480 1932 forte
1503 1908 1611 1933 ‹tvva-r

226 1938 448 1992 γράψαντο,
470 1941 507 1977 in
529 1942 655 1990 plurali
676 1942 856 1989 legendum
878 1942 943 1986 sit3
967 1943 1060 1989 quod
1081 1942 1303 1979 verisimilius.
1313 1945 1339 1963 “
1386 1942 1452 1978 Ch.

129 2066 256 2111 fuu'ln',
278 2072 343 2104 mat
357 2069 533 2105 eburneas.
579 2070 648 2104 His
663 2070 744 2105 dum
762 2069 995 2112 immolamus,
1018 2069 1101 2105 dum
1122 2074 1216 2106 stato
1234 2071 1411 2117 Augustos
1431 2069 1488 2104 die
1510 2069 1605 2103 Red-

135 2114 249 2148 dimus
272 2114 436 2160 honam,
481 2127 552 2150 esse
581 2128 643 2150 nos
665 2128 779 2151 remur
800 2116 890 2162 pios.
957 2116 1146 2164 Sophocles
1178 2116 1267 2152 enim
1289 2116 1430 2152 sensisse
1452 2115 1604 2158 videtur,

135 2169 238 2195 unum
261 2172 332 2195 esse
354 2161 505 2196 universi
526 2162 783 2208 Imperatorem.

229 2206 377 2242 Cadmus
399 2212 511 2243 autem
534 2209 687 2254 Agaven»
709 2209 815 2243 filiam
837 2207 1004 2243 Aechioni
1027 2208 1181 2251 cuidam,
1205 2209 1283 2244 viro
1306 2208 1433 2251 nobili,
1456 2207 1604 2243 locavit:

137 2251 199 2297 qui
235 2264 278 2287 ex
311 2265 355 2288 ea
384 2254 490 2289 filium
514 2254 637 2290 habuit
659 2254 794 2290 nomine
816 2255 1028 2298 Pentheum,
1063 2255 1173 2291 virum
1196 2267 1353 2301 sagacem
1381 2259 1418 2289 et
1438 2254 1474 2288 in
1498 2253 1606 2288 omni-

136 2298 200 2333 bus
216 2299 427 2344 prudentem.
474 2300 639 2335 semelem
662 2313 758 2343 vero,
782 2300 887 2335 filiam
909 2301 1064 2344 alteram,
1087 2301 1250 2347 egregiae
1273 2303 1402 2336 formae
1425 2299 1605 2345 virginem,

136 2345 267 2380 amavit
289 2345 424 2391 quidam
447 2347 583 2382 nomine
605 2347 838 2393 Polymedon‚
879 2347 1093 2383 Aether-ionis
1116 2348 1155 2383 F.
1179 2359 1222 2383 ex
1244 2348 1340 2382 Jovis
1364 2346 1438 2382 Pici
1460 2357 1604 2391 genere:

136 2389 196 2436 qui
219 2403 293 2426 eam
315 2391 352 2426 in
370 2403 522 2428 amorem
548 2405 642 2428 suum
663 2394 810 2428 issectam
833 2394 1042 2440 compressit,
1065 2398 1102 2429 et
1125 2406 1167 2429 ex
1191 2406 1233 2428 ea
1254 2394 1360 2429 filium
1383 2393 1515 2427 habuit.
1541 2392 1609 2426 Se-

136 2437 225 2472 mele
248 2442 360 2473 autem
385 2438 463 2473 dum
487 2450 629 2485 puerum
652 2440 689 2474 in
712 2444 810 2475 utero
834 2446 987 2484 gereret,
1010 2441 1129 2486 ingens
1154 2439 1282 2475 accidit
1303 2443 1499 2485 tempestas,
1525 2437 1609 2472 hor-

137 2483 260 2519 rendos
284 2484 372 2520 coeli
395 2485 552 2530 fragores
587 2490 623 2520 et
654 2486 792 2530 fulgura
826 2485 1001 2521 emittens:
1045 2487 1165 2532 quibus
1200 2487 1452 2532 perterrefacta
1475 2484 1608 2526 mulier,

138 2528 266 2564 foetum
300 2530 413 2565 statim
445 2531 556 2566 edidit
584 2531 842 2577 septimestrem.
902 2533 1059 2578 Cumque
1088 2532 1265 2579 puerperii
1297 2531 1432 2566 dolores
1464 2530 1610 2565 sufferre

139 2585 207 2610 nou
229 2575 415 2621 potuisset,
451 2577 627 2624 expiravit
649 2578 743 2623 ipsa:
787 2577 953 2613 infantem
986 2590 1071 2614 vero
1096 2579 1245 2613 Cadmus
1267 2577 1303 2611 in
1326 2577 1470 2621 Nysiam
1494 2576 1609 2622 regio-

140 2631 215 2654 nem
247 2621 335 2657 misit
366 2623 610 2659 enutriendum.
660 2623 828 2666 Quoniam
860 2635 946 2659 vero
969 2625 1104 2667 foetus,
1148 2628 1226 2658 ante
1258 2623 1444 2668 legitimum
1478 2626 1610 2668 tempus

139 2665 294 2701 exclusus
316 2669 508 2714 portionem
532 2670 681 2716 aliquam
704 2670 799 2705 vitae
820 2681 904 2705 suae
927 2675 1030 2706 extra
1050 2681 1255 2705 communem
1278 2681 1370 2704 usum
1391 2679 1413 2702 a
1435 2668 1510 2704 Deo
1533 2680 1609 2703 sor-

138 2712 223 2748 titus
245 2716 317 2754 σείς
347 2713 427 2750 ideo
450 2715 670 2759 fabulantur,
692 2728 787 2758 eum,
812 2727 875 2762 per
896 2716 1067 2761 reliquum
1090 2721 1224 2761 tempus
1247 2721 1400 2751 materno
1424 2719 1523 2750 utero
1545 2715 1607 2749 de-

137 2758 267 2800 bitum,
302 2758 337 2792 in
359 2758 434 2805 ipso
458 2761 551 2796 Jovis
583 2761 657 2797 sinu
682 2767 891 2797 asservatum
924 2762 1046 2797 fuisse:
1084 2761 1184 2795 sicuti
1206 2762 1369 2807 scripturn
1391 2760 1530 2807 reliquit
1551 2773 1607 2795 sa-

138 2803 364 2851 pientissimus
386 2805 628 2852 Palaephatus.
675 2808 811 2843 Nomen
835 2814 946 2843 autem
970 2819 1076 2854 puero
1100 2819 1185 2842 avus
1209 2807 1302 2852 ejus,
1336 2807 1505 2850 Cadmus,
1527 2807 1607 2851 Ny-

139 2850 221 2887 sium
245 2850 363 2886 dedit:
401 2851 460 2887 alii
482 2863 564 2888 vero
587 2853 774 2901 Dionysum
797 2858 983 2897 vocarunt,
1016 2858 1179 2900 tanquam
1203 2865 1245 2889 ex
1268 2865 1396 2901 genere
1418 2853 1514 2891 Jovis
1535 2854 1607 2889 Pa·
