1838 3230
291 169 388 215 738
976 160 1247 206 BENTLEII

289 275 319 330 ἢ
349 274 766 331 συγκατὰτεθειμὲνως
836 272 1034 327 Αἰσχύλος
1070 278 1288 329 Προμηθεῖ
1311 272 1524 332 δεσμώτῃ.
1543 276 1647 326 lege,
1691 289 1740 317 ου

291 348 400 387 συγκ.
421 335 502 372 sine
519 347 705 372 consensu
725 342 760 370 et
779 332 1056 396 approbatione
1079 331 1311 386 reliquorum
1333 317 1500 371 deorum.
1554 331 1743 384 Respexit

290 390 468 429 adhunc
497 389 647 427 locum:
687 401 814 439 neque
843 389 945 426 enim
973 387 1094 426 alibi
1082 402 1124 425 111
1146 402 1190 426 ea
1215 388 1347 426 fabula
1382 388 1567 428 occurrit.
1624 387 1743 427 Plane

286 447 366 499 jam
383 446 587 498 imperitus
607 445 657 483 sit
676 450 846 496 opor,tet
877 449 943 481 aut
963 444 1011 482 ab
1036 444 1250 482 invidentia
1265 444 1434 493 laboret,
1464 444 1532 496 qui
1554 443 1604 483 de
1620 447 1743 494 θεμε-

288 505 416 554 ρῶπιν
434 507 572 539 contra
595 501 741 541 veniat.
798 499 1069 551 Experiamur,
1100 500 1222 551 quid'
1211 514 1252 538 1n
1267 501 1428 539 alteram
1449 496 1601 552 partem
1614 498 1743 569 possit

288 557 387 597 haec
409 557 644 596 observatio.
676 555 914 607 Hesychius.
930 559 1226 625 Eva6r905·‚*
1246 555 1486 608 ωστεμένας,
1515 553 1652 607 οῗχαιος
1672 551 1744 595 ou-

289 615 491 666 φεσίβοιαι
523 608 610 652 ἀντὶ
628 614 701 652 τοῦ
720 609 868 659 ὖαστοῖς
893 608 968 665 γὰρ
991 607 1140 663 βάκχας
1158 608 1285 659 ’ὑάδας
1312 612 1456 667 ἐᾝλεγον
1513 611 1741 662 Prodigiosa

289 686 406 751 plane
436 683 575 722 oratio.
636 682 752 720 Nune
781 682 954 721 vicissim
984 697 1002 722 ε
1029 688 1138 720 muta
1157 682 1196 720 in
1217 697 1280 732 αι,
1312 688 1353 721 et
1373 682 1472 733 lege.
1537 683 1743 729 Εναστρος

290 738 387 781 ὥστε
413 735 599 786 Μαινάς
646 735 790 790 Λχαιός
815 738 1073 802 Αλφεσιβοίοι.
1112 733 1200 778 οἷντὶ
1219 740 1294 778 τοῦ
1320 734 1410 785 Τας.
1449 734 1520 784 ταὶς
1540 733 1614 789 γοῖρ
1634 731 1742 776 Βάκ-

289 813 360 849 χας
375 791 510 842 Τᾶδας
534 794 679 847 ε’.λεγον
716 794 921 844 Agnoscis,
939 795 1090 845 opinor,
1105 793 1388 857 principium—
1366 793 1507 832 senarii
1528 806 1576 831 ex
1595 790 1742 831 Achaei

291 867 424 904 sabula
455 863 729 915 Alphesiboea.
799 864 986 902 Similiter
1011 878 1049 904 οι
1070 864 1215 916 passim
1235 864 1325 903 loco
1354 880 1391 904 v.
1420 861 1588 915 Hesych.
1619 862 1742 914 Κοίη-

293 939 366 975 μα,
395 920 557 974 γένημα.
600 933 675 971 pro
706 916 866 971 Κύημα.
910 926 948 957 et
973 920 1061 958 vice
1089 933 1202 958 versa
1219 923 1450 985 Στυχιοῦσι,
1495 920 1741 959 διατυποῦσι.

288 993 364 1030 plo
389 978 647 1026 Στοιχειοῦσι.
704 976 831 1014 Idem:
870 977 1139 1027 Στοιχείωσις,
1170 972 1426 1025 ὃιατύπωσις,
1455 973 1485 1027 ἦ
1512 989 1650 1026 πρωτη
1667 972 1741 1025 μοῖ-

287 1040 421 1086 θησις.
478 1033 614 1083 Itaque
633 1031 803 1070 Suidas'
792 1046 833 1070 m
853 1031 997 1070 Lexico
1018 1031 1283 1095 diphthongos
1312 1047 1353 1071 αι
1382 1037 1421 1070 et
1447 1046 1486 1072 οι
1504 1030 1629 1070 alieno
1650 1030 1739 1068 loco

288 1105 470 1156 proxime
496 1108 583 1139 aute
614 1117 632 1141 ε
670 1109 708 1140 et
737 1118 762 1142 υ
802 1101 1024 1140 collocavit.
1095 1102 1213 1140 Extat
1240 1101 1281 1139 111
1307 1100 1551 1140 Bibliotheca
1580 1100 1741 1152 publica
1797 1124 1799 1126 -

291 1159 435 1197 Oxonii
462 1158 562 1196 liber
592 1158 753 1208 antiqua
782 1171 902 1196 manu
932 1163 1112 1206 notatus,
1153 1157 1355 1196 continens
1387 1157 1494 1196 mille
1520 1157 1673 1207 regulas
1691 1156 1741 1195 de

288 1223 399 1255 recta
417 1213 612 1252 scribendi
625 1214 792 1252 ratione:
823 1227 987 1265 quarum
1000 1227 1050 1251 XL
1062 1213 1204 1252 docent
1213 1213 1368 1265 quando
1381 1229 1422 1253 αι
1441 1213 1610 1252 scribere
1622 1226 1742 1265 opor-

289 1291 383 1331 teat,
412 1289 450 1321 et
469 1282 627 1333 quando
655 1298 703 1323 v:
746 1283 999 1349 totidemque
1006 1283 1074 1321 ubi
1100 1299 1155 1331 οι,
1187 1290 1225 1322 et
1244 1283 1365 1323 ubiv
1339 1299 1377 1323 v.
1434 1283 1534 1321 Eum
1551 1282 1739 1332 codicem,

171 1348 199 1382 V
222 1348 268 1384 39
292 1354 380 1379 cum
411 1345 499 1376 ante
527 1338 631 1375 inter
658 1334 901 1385 ἀδεσπότους
943 1339 1134 1388 ferretur,
1184 1338 1427 1390 deprehendi
1456 1353 1506 1378 ex
1535 1339 1739 1391 prooemio

287 1394 467 1435 versibus
494 1393 655 1431 senariis
685 1394 833 1445 scripto
861 1394 984 1431 literis
1004 1408 1098 1445 prae
1127 1401 1322 1432 vetustate
1352 1408 1451 1445 pene
1467 1394 1739 1444 effugientibus

291 1452 471 1490 obtutum
502 1450 728 1498 oculorum,
778 1449 998 1499 Theognoti
1037 1462 1119 1487 esse
1151 1450 1424 1495 Grammatici,
1465 1463 1578 1501 quem
1603 1450 1740 1489 laudat

292 1506 498 1558 aliquoties
516 1505 592 1555 Ety
596 1505 775 1555 mologici
792 1505 973 1556 scriptor,
1010 1505 1058 1543 Et
1076 1505 1233 1556 quidem
1253 1505 1379 1543 omnia
1396 1505 1453 1542 ibi
1468 1505 1612 1556 reperi,
1640 1519 1739 1557 quae

291 1563 364 1601 iste
393 1561 619 1625 Theognoto
645 1567 809 1613 accepta
838 1561 986 1599 retulit.
1042 1561 1099 1599 De
1129 1566 1254 1599 aetate
1278 1560 1447 1599 hominis
1476 1562 1664 1600 rescisces
1690 1574 1740 1600 ex

291 1591 553 1670 praefatione,
583 1617 698 1669 cujus
716 1617 868 1655 initium
887 1623 958 1666 est,

511 1674 578 1726 Τῷ
606 1669 769 1728 δεσπότῃ
800 1688 898 1725 μου,
931 1670 1001 1712 καὶ
1029 1675 1144 1738 σοφῷ·
1175 1668 1413 1740 στεφηφόρῳ

508 1727 674 1778 Λέοντι,
710 1732 768 1783 τῷ
793 1731 1002 1797 κρατοῦντι
1028 1725 1188 1768 πάντων
1217 1728 1259 1769 ἐν
1287 1725 1427 1780 λόγοις,

511 1770 748 1837 Θεύγνωτος
767 1781 961 1837 εύγνωτός
988 1799 1047 1831 τις
1075 1799 1127 1831 ως
1157 1781 1213 1824 ὧν
1245 1783 1410 1835 οἰκέτης.

406 1839 692 1878 constitueram
721 1840 788 1878 1110
808 1841 1005 1892 Epistolae
1033 1840 1150 1877 finem
1178 1841 1399 1891 imponere:
1436 1839 1506 1878 sed
1527 1839 1739 1878 intervenit

294 1895 440 1933 amicus
466 1908 599 1943 meuS,
629 1897 782 1935 aurium
811 1897 982 1935 convitio
1011 1896 1200 1934 rationem
1219 1896 1452 1946 efflagitans,
1484 1909 1555 1933 cur
1573 1895 1737 1934 Joannes

292 1949 466 1989 IVIaZelas
496 1950 591 1988 mihi
619 1952 791 2001 dicatur,
821 1952 890 2003 qui
910 1967 931 1989 a
956 1952 1179 1990 Vossiorum
1214 1958 1396 2002 utroque,
1428 1951 1601 2000 Usserio,
1630 1951 1737 1989 aliis-

294 2019 370 2054 que
400 2006 577 2044 omnibus
610 2008 679 2058 qui
699 2008 741 2046 in
770 2007 878 2046 hunc
908 2021 1030 2059 usque
1058 2007 1161 2045 diem
1183 2007 1265 2060 ejus
1293 2007 1526 2045 mentionem
1545 1981 1736 2055 sederunt,

292 2059 449 2100 Malela
480 2062 713 2101 11011111131111.
779 2064 858 2114 Ego
886 2077 1003 2112 vero,
1031 2065 1212 2114 inquam,
1242 2077 1291 2101 ne
1318 2063 1362 2100 in
1380 2063 1555 2101 virorum
1579 2035 1737 2112 quiden}

170 2130 204 2163 0
227 2130 273 2164 73
295 2117 554 2155 maximorum
579 2119 736 2156 verba
722 2120 953 2170 juraverim:
983 2119 1080 2158 sed
1069 2133 1110 2156 111
1133 2120 1247 2158 3113111
1268 2118 1516 2167 sententiam,
1544 2117 1612 2156 ubi
1631 2131 1739 2155 com-

296 2172 455 2211 modum
481 2179 556 2221 est,
585 2187 807 2224 quanquam
829 2176 996 2224 invitus,
1029 2188 1114 2213 meo
1132 2174 1220 2226 jure
1248 2174 1420 2213 discedo.
1475 2175 1599 2223 Roget
1618 2173 1738 2222 igitur

297 2229 511 2280 quispiam,
542 2243 613 2267 cur
636 2228 793 2268 Malela
818 2231 950 2280 potius
977 2207 1025 2269 s⁷it
1051 2230 1311 2270 vocitandus?
1353 2229 1431 2267 hoc
1456 2229 1604 2267 scilicet
1621 2229 1698 2266 ab
1688 2229 1736 2266 iis

295 2297 524 2335 responsum
557 2286 694 2334 ferret,
739 2285 857 2337 Apud
895 2287 1189 2324 Constantinum
1215 2287 1271 2325 sic
1301 2285 1511 2337 appellati,
1556 2280 1736 2324 Ιωᾶννου

297 2342 371 2379 τοῦ
390 2339 551 2392 ἐπίκλην
573 2340 752 2389 Μαλέλα,
776 2348 813 2379 et
833 2342 939 2392 apud
959 2343 1251 2390 Damascenum‚
1273 2338 1451 2381 Ιωάννου
1467 2342 1540 2380 τοῦ
1555 2339 1621 2379 καὶ
1642 2343 1735 2379 Μα-

297 2391 417 2435 acita-
447 2409 638 2447 nusquam
667 2397 758 2435 alibi
789 2399 1101 2448 commemorali,
1130 2404 1399 2450 praeterquam
1425 2396 1529 2446 apud
1556 2397 1735 2433 Tzetzem

299 2447 479 2514 Ιωοὲντζης
498 2467 555 2499 τις
574 2452 766 2504 Μελέλης.
814 2452 942 2504 Atqui,
974 2454 1007 2491 si
1023 2454 1076 2491 ita
1093 2468 1156 2492 res
1175 2467 1215 2492 se
1232 2453 1362 2502 habet,
1397 2452 1513 2501 vulgo
1533 2457 1571 2488 et
1587 2451 1735 2503 passim

299 2508 473 2557 reperias
499 2510 571 2547 τοῦ
594 2510 762 2558 Σουίδα,
791 2511 863 2548 τοῦ
894 2510 1036 2575 Θωμοῖ,
1064 2513 1136 2550 τοῦ
1154 2507 1341 2562 Αριστὲα,
1369 2510 1443 2547 τοῦ
1467 2509 1635 2558 Φιλητᾶ,
1663 2509 1737 2547 τοῦ

303 2558 474 2614 Τριόπα,
501 2566 573 2603 τοῦ
589 2561 747 2606 Σκόπα,
777 2567 849 2604 τοῦ
870 2560 1070 2614 Κρατευα·
1100 2579 1173 2603 nec
1192 2572 1320 2602 tamen
1339 2569 1542 2614 propterea
1558 2563 1621 2600 vel
1642 2561 1734 2600 Sui-

300 2615 351 2654 ἄα
377 2619 648 2667 grammaticus
671 2620 838 2669 dicitur,
865 2620 930 2659 vel
959 2619 1109 2659 Thema
1141 2620 1375 2670 Apostolus,
1404 2619 1468 2657 vel
1498 2617 1656 2656 Aristeu
1688 2615 1734 2655 de

298 2685 424 2711 Lxxu.
440 2674 714 2726 interpretibus.
761 2676 874 2714 Ratio
896 2675 1080 2714 videlicet
1096 2676 1249 2726 linguae
1271 2688 1429 2725 graecae
1447 2673 1517 2712 vix
1539 2680 1606 2711 aut
1624 2673 1732 2711 nullo
1766 2678 1774 2687 ¹

296 2727 416 2765 modo
444 2730 636 2780 patiatur,
666 2738 711 2769 ut
738 2732 780 2769 in
809 2732 844 2769 A
871 2732 1022 2771 literam
1040 2732 1166 2770 virilia
1187 2731 1341 2768 nomina
1365 2744 1456 2768 casu
1474 2735 1582 2767 recto
1602 2728 1733 2768 termi-

297 2790 451 2825 nentur.
508 2786 634 2838 Atque
652 2801 696 2826 ea
713 2801 827 2826 causa
845 2793 914 2838 est,
945 2801 1016 2827 cur
1031 2787 1233 2840 peregrina
1248 2787 1422 2827 virorum
1437 2785 1604 2836 nomina,
1634 2797 1732 2835 quae
