<?xml version="1.0" encoding="UTF-8"?>
<!DOCTYPE html PUBLIC "-//W3C//DTD XHTML 1.0 Transitional//EN"
    "http://www.w3.org/TR/xhtml1/DTD/xhtml1-transitional.dtd">
<html xmlns="http://www.w3.org/1999/xhtml" xml:lang="en" lang="en">
 <head>
  <title>
</title>
<meta http-equiv="Content-Type" content="text/html;charset=utf-8" />
  <meta name='ocr-system' content='tesseract 3.04.00' />
  <meta name='ocr-capabilities' content='ocr_page ocr_carea ocr_par ocr_line ocrx_word'/>
</head>
<body>
  <div class='ocr_page' id='page_1' title='image "./corpusscriptorum28niebuoft_0552.png"; bbox 0 0 1838 3230; ppageno 0'>
   <div class='ocr_carea' id='block_1_1' title="bbox 266 164 1324 219">
    <p class='ocr_par' dir='ltr' id='par_1_1' title="bbox 266 164 1324 219">
     <span class='ocr_line' id='line_1_1' title="bbox 266 164 1324 219; baseline -0.008 0"><span class='ocrx_word' id='word_1_1' title='bbox 266 171 373 219; x_wconf 55' lang='lat'>&gt;470</span> <span class='ocrx_word' id='word_1_2' title='bbox 667 164 958 213; x_wconf 86' lang='lat' dir='ltr'><strong>IOANNIS</strong></span> <span class='ocrx_word' id='word_1_3' title='bbox 985 166 1324 211; x_wconf 88' lang='lat' dir='ltr'><strong>MALALAE</strong></span> 
     </span>
    </p>
   </div>
   <div class='ocr_carea' id='block_1_2' title="bbox 144 279 1796 1767">
    <p class='ocr_par' dir='ltr' id='par_1_2' title="bbox 274 279 1760 885">
     <span class='ocr_line' id='line_1_2' title="bbox 274 279 1722 343; baseline 0.001 -15"><span class='ocrx_word' id='word_1_4' title='bbox 274 286 363 328; x_wconf 87' lang='grc' dir='ltr'><strong><em>σΙον</em></strong></span> <span class='ocrx_word' id='word_1_5' title='bbox 383 281 790 342; x_wconf 85' lang='grc' dir='ltr'><strong><em>Μαρτυρουπόλεως·</em></strong></span> <span class='ocrx_word' id='word_1_6' title='bbox 825 279 878 341; x_wconf 77' lang='grc' dir='ltr'><strong><em>ἦν</em></strong></span> <span class='ocrx_word' id='word_1_7' title='bbox 898 285 976 343; x_wconf 80' lang='grc' dir='ltr'><strong><em>γὰρ</em></strong></span> <span class='ocrx_word' id='word_1_8' title='bbox 998 282 1192 340; x_wconf 82' lang='grc' dir='ltr'><strong><em>λαβόντες</em></strong></span> <span class='ocrx_word' id='word_1_9' title='bbox 1219 283 1431 343; x_wconf 81' lang='grc' dir='ltr'><strong><em>ἀπόκρισιν</em></strong></span> <span class='ocrx_word' id='word_1_10' title='bbox 1449 283 1532 329; x_wconf 78' lang='grc' dir='ltr'><strong>ὕπὸ</strong></span> <span class='ocrx_word' id='word_1_11' title='bbox 1549 289 1624 329; x_wconf 78' lang='grc' dir='ltr'><strong><em>τοῦ</em></strong></span> <span class='ocrx_word' id='word_1_12' title='bbox 1644 285 1722 330; x_wconf 76' lang='grc' dir='ltr'><strong>αὒ-</strong></span> 
     </span>
     <span class='ocr_line' id='line_1_3' title="bbox 274 348 1723 411; baseline 0.001 -15"><span class='ocrx_word' id='word_1_13' title='bbox 274 357 358 396; x_wconf 83' lang='grc' dir='ltr'><strong><em>τῶν</em></strong></span> <span class='ocrx_word' id='word_1_14' title='bbox 375 352 575 407; x_wconf 83' lang='grc' dir='ltr'><strong><em>βασιλέως</em></strong></span> <span class='ocrx_word' id='word_1_15' title='bbox 615 353 671 408; x_wconf 82' lang='grc' dir='ltr'><strong><em>μὴ</em></strong></span> <span class='ocrx_word' id='word_1_16' title='bbox 705 351 960 410; x_wconf 77' lang='grc' dir='ltr'><strong><em>ὖποστρέψαι</em></strong></span> <span class='ocrx_word' id='word_1_17' title='bbox 979 354 1020 397; x_wconf 70' lang='grc' dir='ltr'><strong><em>ἐν</em></strong></span> <span class='ocrx_word' id='word_1_18' title='bbox 1049 355 1244 411; x_wconf 79' lang='grc' dir='ltr'><strong><em>Περσίδι,</em></strong></span> <span class='ocrx_word' id='word_1_19' title='bbox 1282 354 1358 404; x_wconf 71' lang='grc' dir='ltr'><strong><em>ἕως</em></strong></span> <span class='ocrx_word' id='word_1_20' title='bbox 1383 348 1432 397; x_wconf 67' lang='grc' dir='ltr'><strong>οὗ</strong></span> <span class='ocrx_word' id='word_1_21' title='bbox 1457 353 1504 397; x_wconf 89' lang='grc' dir='ltr'><strong><em>τό</em></strong></span> <span class='ocrx_word' id='word_1_22' title='bbox 1525 353 1626 397; x_wconf 82' lang='grc' dir='ltr'><strong><em>αῧτὸ</em></strong></span> <span class='ocrx_word' id='word_1_23' title='bbox 1647 371 1723 397; x_wconf 85' lang='grc' dir='ltr'><strong>κα-</strong></span> 
     </span>
     <span class='ocr_line' id='line_1_4' title="bbox 275 415 1725 482; baseline 0 -18"><span class='ocrx_word' id='word_1_24' title='bbox 275 420 456 464; x_wconf 85' lang='grc' dir='ltr'><strong><em>στέλλιον</em></strong></span> <span class='ocrx_word' id='word_1_25' title='bbox 477 418 850 478; x_wconf 81' lang='grc' dir='ltr'><strong><em>ἀντιπαραλάβωσι.</em></strong></span> <span class='ocrx_word' id='word_1_26' title='bbox 920 423 987 464; x_wconf 82' lang='grc' dir='ltr'><strong>καὶ</strong></span> <span class='ocrx_word' id='word_1_27' title='bbox 1007 421 1236 472; x_wconf 73' lang='grc' dir='ltr'><strong><em>ἐπιστάντες</em></strong></span> <span class='ocrx_word' id='word_1_28' title='bbox 1255 426 1312 480; x_wconf 79' lang='grc' dir='ltr'><strong><em>τῷ</em></strong></span> <span class='ocrx_word' id='word_1_29' title='bbox 1333 419 1462 482; x_wconf 75' lang='grc' dir='ltr'><strong><em>τόπῳ,</em></strong></span> <span class='ocrx_word' id='word_1_30' title='bbox 1496 415 1725 478; x_wconf 65' lang='grc' dir='ltr'><strong><em>παρεκάθιι-</em></strong></span> 
     </span>
     <span class='ocr_line' id='line_1_5' title="bbox 277 487 1726 546; baseline 0 -14"><span class='ocrx_word' id='word_1_31' title='bbox 277 505 356 532; x_wconf 90' lang='grc' dir='ltr'><strong>σαν</strong></span> <span class='ocrx_word' id='word_1_32' title='bbox 389 492 658 543; x_wconf 79' lang='grc' dir='ltr'><strong><em>πολεμοῦντες</em></strong></span> <span class='ocrx_word' id='word_1_33' title='bbox 699 490 766 531; x_wconf 80' lang='grc' dir='ltr'><strong>καὶ</strong></span> <span class='ocrx_word' id='word_1_34' title='bbox 787 487 1104 546; x_wconf 79' lang='grc' dir='ltr'><strong><em>κατορύσσοντες</em></strong></span> <span class='ocrx_word' id='word_1_35' title='bbox 1131 488 1330 544; x_wconf 81' lang='grc' dir='ltr'><strong><em>κλίμακάς</em></strong></span> <span class='ocrx_word' id='word_1_36' title='bbox 1360 507 1403 533; x_wconf 87' lang='grc' dir='ltr'><strong>τε</strong></span> <span class='ocrx_word' id='word_1_37' title='bbox 1430 494 1639 540; x_wconf 85' lang='grc' dir='ltr'><strong><em>ποιοῦντες</em></strong></span> <span class='ocrx_word' id='word_1_38' title='bbox 1657 490 1726 532; x_wconf 71' lang='grc' dir='ltr'><strong>καὶ</strong></span> 
     </span>
     <span class='ocr_line' id='line_1_6' title="bbox 277 555 1760 615; baseline 0.001 -15"><span class='ocrx_word' id='word_1_39' title='bbox 277 561 336 615; x_wconf 79' lang='grc' dir='ltr'><strong><em>τῷ</em></strong></span> <span class='ocrx_word' id='word_1_40' title='bbox 358 557 474 610; x_wconf 87' lang='grc' dir='ltr'><strong><em>τείχει</em></strong></span> <span class='ocrx_word' id='word_1_41' title='bbox 495 557 830 613; x_wconf 75' lang='grc' dir='ltr'><strong><em>ἐπανορθοῦντες.</em></strong></span> <span class='ocrx_word' id='word_1_42' title='bbox 897 556 1066 615; x_wconf 70' lang='grc' dir='ltr'><strong><em>ὕστερον</em></strong></span> <span class='ocrx_word' id='word_1_43' title='bbox 1085 559 1130 600; x_wconf 81' lang='grc' dir='ltr'><strong>δὲ</strong></span> <span class='ocrx_word' id='word_1_44' title='bbox 1151 556 1304 613; x_wconf 80' lang='grc' dir='ltr'><strong><em>πύργον</em></strong></span> <span class='ocrx_word' id='word_1_45' title='bbox 1326 556 1490 613; x_wconf 81' lang='grc' dir='ltr'><strong><em>ὖψηλόν</em></strong></span> <span class='ocrx_word' id='word_1_46' title='bbox 1509 557 1576 600; x_wconf 77' lang='grc' dir='ltr'><strong><em>διὰ</em></strong></span> <span class='ocrx_word' id='word_1_47' title='bbox 1594 555 1760 608; x_wconf 75' lang='grc' dir='ltr'><strong><em>ξύλωνό</em></strong></span> 
     </span>
     <span class='ocr_line' id='line_1_7' title="bbox 277 621 1728 683; baseline 0.001 -17"><span class='ocrx_word' id='word_1_48' title='bbox 277 622 607 680; x_wconf 80' lang='grc' dir='ltr'><strong><em>μηχανησάμενοι</em></strong></span> <span class='ocrx_word' id='word_1_49' title='bbox 659 624 776 667; x_wconf 76' lang='grc' dir='ltr'><strong><em>οὐδέν</em></strong></span> <span class='ocrx_word' id='word_1_50' title='bbox 813 623 1083 680; x_wconf 75' lang='grc' dir='ltr'><strong><em>ἠδυνήθησαν</em></strong></span> <span class='ocrx_word' id='word_1_51' title='bbox 1117 625 1344 683; x_wconf 80' lang='grc' dir='ltr'><strong><em>ὠφελῆσαι·</em></strong></span> <span class='ocrx_word' id='word_1_52' title='bbox 1388 621 1439 681; x_wconf 84' lang='grc' dir='ltr'><strong><em>ἦν</em></strong></span> <span class='ocrx_word' id='word_1_53' title='bbox 1478 625 1556 682; x_wconf 82' lang='grc' dir='ltr'><strong><em>γὰρ</em></strong></span> <span class='ocrx_word' id='word_1_54' title='bbox 1603 625 1728 668; x_wconf 74' lang='grc' dir='ltr'><strong><em>ἐκεῖσε</em></strong></span> 
     </span>
     <span class='ocr_line' id='line_1_8' title="bbox 281 689 1729 749; baseline 0.001 -15"><span class='ocrx_word' id='word_1_55' title='bbox 281 693 523 748; x_wconf 74' lang='grc' dir='ltr'><strong><em>φοσσευθεὶς</em></strong></span> <span class='ocrx_word' id='word_1_56' title='bbox 559 691 661 748; x_wconf 85' lang='grc' dir='ltr'><strong><em>ἀνὴρ</em></strong></span> <span class='ocrx_word' id='word_1_57' title='bbox 694 689 848 749; x_wconf 82' lang='grc' dir='ltr'><strong><em>σοφός,</em></strong></span> <span class='ocrx_word' id='word_1_58' title='bbox 903 691 1014 743; x_wconf 84' lang='grc' dir='ltr'><strong><em>ὅστις</em></strong></span> <span class='ocrx_word' id='word_1_59' title='bbox 1056 691 1480 749; x_wconf 79' lang='grc' dir='ltr'><strong><em>ἀντιμηχανησάμενος</em></strong></span> <span class='ocrx_word' id='word_1_60' title='bbox 1517 699 1607 743; x_wconf 79' lang='grc' dir='ltr'><strong><em>ταῖς</em></strong></span> <span class='ocrx_word' id='word_1_61' title='bbox 1646 697 1729 736; x_wconf 86' lang='grc' dir='ltr'><strong>τῶν</strong></span> 
     </span>
     <span class='ocr_line' id='line_1_9' title="bbox 280 757 1731 819; baseline 0.001 -16"><span class='ocrx_word' id='word_1_62' title='bbox 280 763 456 816; x_wconf 80' lang='grc' dir='ltr'><strong><em>Περσῶν</em></strong></span> <span class='ocrx_word' id='word_1_63' title='bbox 473 760 719 814; x_wconf 75' lang='grc' dir='ltr'><strong><em>ἐπιβουλαῖς,</em></strong></span> <span class='ocrx_word' id='word_1_64' title='bbox 741 757 915 816; x_wconf 83' lang='grc' dir='ltr'><strong><em>ποιήσας</em></strong></span> <span class='ocrx_word' id='word_1_65' title='bbox 933 759 1087 804; x_wconf 67' lang='grc' dir='ltr'><strong><em>ἔσωθεν</em></strong></span> <span class='ocrx_word' id='word_1_66' title='bbox 1105 759 1362 819; x_wconf 71' lang='grc' dir='ltr'><strong><em>ὑψηλότερον</em></strong></span> <span class='ocrx_word' id='word_1_67' title='bbox 1383 760 1550 818; x_wconf 81' lang='grc' dir='ltr'><strong><em>πύργον,</em></strong></span> <span class='ocrx_word' id='word_1_68' title='bbox 1571 763 1731 804; x_wconf 81' lang='grc' dir='ltr'><strong><em>καὶτῶν</em></strong></span> 
     </span>
     <span class='ocr_line' id='line_1_10' title="bbox 281 825 1731 885; baseline 0.001 -15"><span class='ocrx_word' id='word_1_69' title='bbox 281 830 457 884; x_wconf 80' lang='grc' dir='ltr'><strong><em>Περσῶν</em></strong></span> <span class='ocrx_word' id='word_1_70' title='bbox 489 828 533 871; x_wconf 72' lang='grc' dir='ltr'><strong><em>ἐκ</em></strong></span> <span class='ocrx_word' id='word_1_71' title='bbox 561 832 635 871; x_wconf 79' lang='grc' dir='ltr'><strong><em>τοῦ</em></strong></span> <span class='ocrx_word' id='word_1_72' title='bbox 667 825 823 885; x_wconf 79' lang='grc' dir='ltr'><strong><em>πύργου</em></strong></span> <span class='ocrx_word' id='word_1_73' title='bbox 856 827 1009 878; x_wconf 70' lang='grc' dir='ltr'><strong><em>ἔξωθεν</em></strong></span> <span class='ocrx_word' id='word_1_74' title='bbox 1037 829 1298 884; x_wconf 76' lang='grc' dir='ltr'><strong><em>μαχομένων,</em></strong></span> <span class='ocrx_word' id='word_1_75' title='bbox 1334 833 1418 872; x_wconf 83' lang='grc' dir='ltr'><strong>τῶν</strong></span> <span class='ocrx_word' id='word_1_76' title='bbox 1451 830 1496 872; x_wconf 81' lang='grc' dir='ltr'><strong>δὲ</strong></span> <span class='ocrx_word' id='word_1_77' title='bbox 1520 827 1731 883; x_wconf 85' lang='grc' dir='ltr'><strong><em>Ῥωμαίων</em></strong></span> 
     </span>
    </p>

    <p class='ocr_par' dir='ltr' id='par_1_3' title="bbox 231 893 1792 1292">
     <span class='ocr_line' id='line_1_11' title="bbox 231 893 1787 953; baseline 0 -15"><span class='ocrx_word' id='word_1_78' title='bbox 231 894 262 930; x_wconf 77' lang='grc' dir='ltr'><strong>Β</strong></span> <span class='ocrx_word' id='word_1_79' title='bbox 286 894 442 938; x_wconf 67' lang='grc' dir='ltr'><strong><em>ἔσωθεν</em></strong></span> <span class='ocrx_word' id='word_1_80' title='bbox 453 895 496 938; x_wconf 74' lang='grc' dir='ltr'><strong><em>ἐκ</em></strong></span> <span class='ocrx_word' id='word_1_81' title='bbox 514 900 587 939; x_wconf 81' lang='grc' dir='ltr'><strong><em>τοῦ</em></strong></span> <span class='ocrx_word' id='word_1_82' title='bbox 606 893 760 953; x_wconf 81' lang='grc' dir='ltr'><strong><em>πύργου</em></strong></span> <span class='ocrx_word' id='word_1_83' title='bbox 772 895 1113 951; x_wconf 84' lang='grc' dir='ltr'><strong><em>ἀντιμαχομένων,</em></strong></span> <span class='ocrx_word' id='word_1_84' title='bbox 1132 897 1227 940; x_wconf 88' lang='grc' dir='ltr'><strong><em>κίων</em></strong></span> <span class='ocrx_word' id='word_1_85' title='bbox 1245 894 1430 952; x_wconf 74' lang='grc' dir='ltr'><strong><em>ἀπελύθη</em></strong></span> <span class='ocrx_word' id='word_1_86' title='bbox 1449 894 1528 940; x_wconf 68' lang='lat' dir='ltr'><strong>‘fimi</strong></span> <span class='ocrx_word' id='word_1_87' title='bbox 1545 894 1731 952; x_wconf 88' lang='grc' dir='ltr'><strong><em>μηχανή-</em></strong></span> <span class='ocrx_word' id='word_1_88' title='bbox 1742 903 1787 938; x_wconf 86' lang='grc'><strong>10</strong></span> 
     </span>
     <span class='ocr_line' id='line_1_12' title="bbox 285 962 1735 1021; baseline 0.001 -16"><span class='ocrx_word' id='word_1_89' title='bbox 285 979 416 1018; x_wconf 85' lang='grc' dir='ltr'><strong><em>ματος</em></strong></span> <span class='ocrx_word' id='word_1_90' title='bbox 433 964 500 1006; x_wconf 81' lang='grc' dir='ltr'><strong>καὶ</strong></span> <span class='ocrx_word' id='word_1_91' title='bbox 518 962 652 1006; x_wconf 87' lang='grc' dir='ltr'><strong><em>πάντα</em></strong></span> <span class='ocrx_word' id='word_1_92' title='bbox 668 964 938 1020; x_wconf 77' lang='grc' dir='ltr'><strong><em>κατέστρεψεν</em></strong></span> <span class='ocrx_word' id='word_1_93' title='bbox 957 964 1031 1014; x_wconf 69' lang='grc' dir='ltr'><strong><em>ἕως</em></strong></span> <span class='ocrx_word' id='word_1_94' title='bbox 1053 962 1254 1021; x_wconf 79' lang='grc' dir='ltr'><strong><em>ἐδάφους,</em></strong></span> <span class='ocrx_word' id='word_1_95' title='bbox 1291 966 1357 1007; x_wconf 82' lang='grc' dir='ltr'><strong>καὶ</strong></span> <span class='ocrx_word' id='word_1_96' title='bbox 1376 964 1544 1019; x_wconf 77' lang='grc' dir='ltr'><strong><em>Πέρσας</em></strong></span> <span class='ocrx_word' id='word_1_97' title='bbox 1569 965 1614 1007; x_wconf 72' lang='grc' dir='ltr'><strong>δὲ</strong></span> <span class='ocrx_word' id='word_1_98' title='bbox 1631 968 1735 1008; x_wconf 88' lang='grc' dir='ltr'><strong><em>πολ-</em></strong></span> 
     </span>
     <span class='ocr_line' id='line_1_13' title="bbox 287 1027 1731 1089; baseline 0.001 -16"><span class='ocrx_word' id='word_1_99' title='bbox 287 1031 383 1081; x_wconf 78' lang='grc' dir='ltr'><strong><em>λοὺς</em></strong></span> <span class='ocrx_word' id='word_1_100' title='bbox 400 1030 694 1076; x_wconf 84' lang='grc' dir='ltr'><strong><em>συναπώλεσεν.</em></strong></span> <span class='ocrx_word' id='word_1_101' title='bbox 764 1030 820 1081; x_wconf 77' lang='grc' dir='ltr'><strong><em>ὥς</em></strong></span> <span class='ocrx_word' id='word_1_102' title='bbox 849 1027 920 1075; x_wconf 78' lang='grc' dir='ltr'><strong><em>οὖν</em></strong></span> <span class='ocrx_word' id='word_1_103' title='bbox 949 1031 1055 1075; x_wconf 81' lang='grc' dir='ltr'><strong><em>εἶδον</em></strong></span> <span class='ocrx_word' id='word_1_104' title='bbox 1083 1032 1131 1075; x_wconf 85' lang='grc' dir='ltr'><strong><em>τὸ</em></strong></span> <span class='ocrx_word' id='word_1_105' title='bbox 1159 1031 1319 1089; x_wconf 77' lang='grc' dir='ltr'><strong><em>γεγονὸς</em></strong></span> <span class='ocrx_word' id='word_1_106' title='bbox 1347 1033 1385 1075; x_wconf 80' lang='grc' dir='ltr'><strong>οἶ</strong></span> <span class='ocrx_word' id='word_1_107' title='bbox 1405 1034 1539 1075; x_wconf 79' lang='grc' dir='ltr'><strong><em>λοιποὶ</em></strong></span> <span class='ocrx_word' id='word_1_108' title='bbox 1555 1032 1731 1089; x_wconf 88' lang='grc' dir='ltr'><strong><em>Πέρσαι,</em></strong></span> 
     </span>
     <span class='ocr_line' id='line_1_14' title="bbox 289 1096 1737 1157; baseline 0.001 -16"><span class='ocrx_word' id='word_1_109' title='bbox 289 1096 550 1155; x_wconf 75' lang='grc' dir='ltr'><strong><em>φθειρόμενοι</em></strong></span> <span class='ocrx_word' id='word_1_110' title='bbox 567 1101 634 1142; x_wconf 85' lang='grc' dir='ltr'><strong>καὶ</strong></span> <span class='ocrx_word' id='word_1_111' title='bbox 653 1097 869 1155; x_wconf 84' lang='grc' dir='ltr'><strong><em>ἀκηκοότες</em></strong></span> <span class='ocrx_word' id='word_1_112' title='bbox 891 1098 945 1150; x_wconf 80' lang='grc' dir='ltr'><strong><em>ὥς</em></strong></span> <span class='ocrx_word' id='word_1_113' title='bbox 970 1102 1101 1143; x_wconf 87' lang='grc' dir='ltr'><strong><em>Ζίττα</em></strong></span> <span class='ocrx_word' id='word_1_114' title='bbox 1131 1097 1415 1157; x_wconf 86' lang='grc' dir='ltr'><strong><em>στρατηλάτου</em></strong></span> <span class='ocrx_word' id='word_1_115' title='bbox 1437 1098 1646 1155; x_wconf 88' lang='grc' dir='ltr'><strong><em>Ῥωμαίων</em></strong></span> <span class='ocrx_word' id='word_1_116' title='bbox 1659 1117 1737 1142; x_wconf 85' lang='grc' dir='ltr'><strong>κα-</strong></span> 
     </span>
     <span class='ocr_line' id='line_1_15' title="bbox 288 1165 1736 1227; baseline 0.001 -19"><span class='ocrx_word' id='word_1_117' title='bbox 288 1166 531 1222; x_wconf 84' lang='grc' dir='ltr'><strong><em>τερχομένου</em></strong></span> <span class='ocrx_word' id='word_1_118' title='bbox 547 1167 649 1224; x_wconf 82' lang='grc' dir='ltr'><strong><em>πρὸς</em></strong></span> <span class='ocrx_word' id='word_1_119' title='bbox 664 1166 864 1222; x_wconf 76' lang='grc' dir='ltr'><strong><em>βοήθειαν</em></strong></span> <span class='ocrx_word' id='word_1_120' title='bbox 889 1165 1124 1211; x_wconf 68' lang='grc' dir='ltr'><strong><em>τῶνόντων</em></strong></span> <span class='ocrx_word' id='word_1_121' title='bbox 1155 1169 1197 1211; x_wconf 75' lang='grc' dir='ltr'><strong><em>ἐν</em></strong></span> <span class='ocrx_word' id='word_1_122' title='bbox 1216 1172 1275 1227; x_wconf 77' lang='grc' dir='ltr'><strong><em>τῷ</em></strong></span> <span class='ocrx_word' id='word_1_123' title='bbox 1302 1169 1545 1226; x_wconf 83' lang='grc' dir='ltr'><strong><em>καστελλίῳ,</em></strong></span> <span class='ocrx_word' id='word_1_124' title='bbox 1583 1165 1736 1223; x_wconf 78' lang='grc' dir='ltr'><strong><em>ἀνεχώ-</em></strong></span> 
     </span>
     <span class='ocr_line' id='line_1_16' title="bbox 289 1234 1792 1292; baseline 0 -16"><span class='ocrx_word' id='word_1_125' title='bbox 289 1250 421 1289; x_wconf 85' lang='grc' dir='ltr'><strong><em>ρησαν</em></strong></span> <span class='ocrx_word' id='word_1_126' title='bbox 457 1234 497 1277; x_wconf 81' lang='grc' dir='ltr'><strong>οἷ</strong></span> <span class='ocrx_word' id='word_1_127' title='bbox 534 1235 652 1277; x_wconf 80' lang='grc' dir='ltr'><strong><em>αὐτοὶ</em></strong></span> <span class='ocrx_word' id='word_1_128' title='bbox 689 1236 872 1292; x_wconf 78' lang='grc' dir='ltr'><strong><em>Πέρσαι,</em></strong></span> <span class='ocrx_word' id='word_1_129' title='bbox 905 1234 1152 1292; x_wconf 77' lang='grc' dir='ltr'><strong><em>φοβούμενοι</em></strong></span> <span class='ocrx_word' id='word_1_130' title='bbox 1179 1234 1326 1291; x_wconf 83' lang='grc' dir='ltr'><strong><em>μήπως</em></strong></span> <span class='ocrx_word' id='word_1_131' title='bbox 1350 1238 1417 1279; x_wconf 82' lang='grc' dir='ltr'><strong>καὶ</strong></span> <span class='ocrx_word' id='word_1_132' title='bbox 1448 1239 1737 1280; x_wconf 77' lang='grc' dir='ltr'><strong><em>κυκλευθῶσιν.</em></strong></span> <span class='ocrx_word' id='word_1_133' title='bbox 1749 1241 1792 1276; x_wconf 86' lang='grc'><strong>15</strong></span> 
     </span>
    </p>

    <p class='ocr_par' dir='ltr' id='par_1_4' title="bbox 144 1299 1740 1495">
     <span class='ocr_line' id='line_1_17' title="bbox 144 1299 1740 1357; baseline 0.004 -17"><span class='ocrx_word' id='word_1_134' title='bbox 144 1306 177 1340; x_wconf 95' lang='grc' dir='ltr'>Ο</span> <span class='ocrx_word' id='word_1_135' title='bbox 201 1305 269 1342; x_wconf 76' lang='grc'><strong>211</strong></span> <span class='ocrx_word' id='word_1_136' title='bbox 293 1299 472 1351; x_wconf 79' lang='grc' dir='ltr'><strong><em>ἀκούσας</em></strong></span> <span class='ocrx_word' id='word_1_137' title='bbox 502 1303 547 1345; x_wconf 77' lang='grc' dir='ltr'><strong>δὲ</strong></span> <span class='ocrx_word' id='word_1_138' title='bbox 576 1306 707 1346; x_wconf 75' lang='grc' dir='ltr'><strong><em>ταῦτα</em></strong></span> <span class='ocrx_word' id='word_1_139' title='bbox 733 1301 754 1346; x_wconf 83' lang='grc' dir='ltr'><strong><em>ὅ</em></strong></span> <span class='ocrx_word' id='word_1_140' title='bbox 785 1303 977 1357; x_wconf 77' lang='grc' dir='ltr'><strong><em>βασιλεῦς</em></strong></span> <span class='ocrx_word' id='word_1_141' title='bbox 995 1304 1279 1354; x_wconf 75' lang='grc' dir='ltr'><strong><em>’Ῑουστινιανός</em></strong></span> <span class='ocrx_word' id='word_1_142' title='bbox 1296 1302 1509 1348; x_wconf 83' lang='grc' dir='ltr'><strong><em>διεκώλυσε</em></strong></span> <span class='ocrx_word' id='word_1_143' title='bbox 1525 1303 1622 1354; x_wconf 76' lang='grc' dir='ltr'><strong><em>τοὺς</em></strong></span> <span class='ocrx_word' id='word_1_144' title='bbox 1642 1303 1740 1347; x_wconf 74' lang='grc' dir='ltr'><strong><em>ἑαυ-</em></strong></span> 
     </span>
     <span class='ocr_line' id='line_1_18' title="bbox 290 1370 1740 1428; baseline 0.002 -17"><span class='ocrx_word' id='word_1_145' title='bbox 290 1372 367 1412; x_wconf 80' lang='grc' dir='ltr'><strong><em>τοῦ</em></strong></span> <span class='ocrx_word' id='word_1_146' title='bbox 394 1370 644 1426; x_wconf 77' lang='grc' dir='ltr'><strong><em>πρεσβευτὰς</em></strong></span> <span class='ocrx_word' id='word_1_147' title='bbox 670 1374 744 1413; x_wconf 78' lang='grc' dir='ltr'><strong><em>τοῦ</em></strong></span> <span class='ocrx_word' id='word_1_148' title='bbox 776 1372 969 1414; x_wconf 68' lang='grc' dir='ltr'><strong><em>εἰσελθεῖν</em></strong></span> <span class='ocrx_word' id='word_1_149' title='bbox 1002 1372 1043 1413; x_wconf 75' lang='grc' dir='ltr'><strong><em>ἐν</em></strong></span> <span class='ocrx_word' id='word_1_150' title='bbox 1073 1373 1245 1428; x_wconf 82' lang='grc' dir='ltr'><strong><em>Περσίδι</em></strong></span> <span class='ocrx_word' id='word_1_151' title='bbox 1270 1370 1363 1428; x_wconf 68' lang='grc' dir='ltr'><strong><em>ἄχρι</em></strong></span> <span class='ocrx_word' id='word_1_152' title='bbox 1392 1371 1583 1428; x_wconf 73' lang='grc' dir='ltr'><strong><em>δευτέρας</em></strong></span> <span class='ocrx_word' id='word_1_153' title='bbox 1611 1373 1740 1415; x_wconf 78' lang='grc' dir='ltr'><strong><em>αὐτοῦ</em></strong></span> 
     </span>
     <span class='ocr_line' id='line_1_19' title="bbox 292 1434 1580 1495; baseline 0.002 -16"><span class='ocrx_word' id='word_1_154' title='bbox 292 1434 525 1493; x_wconf 79' lang='grc' dir='ltr'><strong><em>μηνύσεως,</em></strong></span> <span class='ocrx_word' id='word_1_155' title='bbox 562 1437 646 1480; x_wconf 77' lang='grc' dir='ltr'><strong><em>ἀλλ’</em></strong></span> <span class='ocrx_word' id='word_1_156' title='bbox 670 1437 828 1493; x_wconf 67' lang='grc' dir='ltr'><strong><em>ἔμειναν</em></strong></span> <span class='ocrx_word' id='word_1_157' title='bbox 850 1441 905 1488; x_wconf 81' lang='grc' dir='ltr'><strong>εἰς</strong></span> <span class='ocrx_word' id='word_1_158' title='bbox 922 1438 975 1481; x_wconf 81' lang='grc' dir='ltr'><strong><em>τὰ</em></strong></span> <span class='ocrx_word' id='word_1_159' title='bbox 986 1436 1189 1493; x_wconf 80' lang='grc' dir='ltr'><strong><em>Ῥωμαϊκὰ</em></strong></span> <span class='ocrx_word' id='word_1_160' title='bbox 1222 1438 1297 1482; x_wconf 76' lang='grc' dir='ltr'><strong><em>σὺν</em></strong></span> <span class='ocrx_word' id='word_1_161' title='bbox 1315 1445 1399 1488; x_wconf 82' lang='grc' dir='ltr'><strong><em>τοῖς</em></strong></span> <span class='ocrx_word' id='word_1_162' title='bbox 1421 1437 1580 1495; x_wconf 86' lang='grc' dir='ltr'><strong><em>δώροις.</em></strong></span> 
     </span>
    </p>

    <p class='ocr_par' dir='ltr' id='par_1_5' title="bbox 243 1502 1796 1767">
     <span class='ocr_line' id='line_1_20' title="bbox 243 1502 1741 1561; baseline 0.001 -14"><span class='ocrx_word' id='word_1_163' title='bbox 243 1504 275 1540; x_wconf 80' lang='lat'><em>0</em></span> <span class='ocrx_word' id='word_1_164' title='bbox 393 1502 441 1548; x_wconf 84' lang='lat' dir='ltr'><strong>‘O</strong></span> <span class='ocrx_word' id='word_1_165' title='bbox 461 1506 506 1547; x_wconf 78' lang='grc' dir='ltr'><strong>δὲ</strong></span> <span class='ocrx_word' id='word_1_166' title='bbox 525 1504 648 1555; x_wconf 81' lang='grc' dir='ltr'><strong><em>αὐτὸς</em></strong></span> <span class='ocrx_word' id='word_1_167' title='bbox 669 1506 859 1560; x_wconf 73' lang='grc' dir='ltr'><strong><em>βασιλεὺς</em></strong></span> <span class='ocrx_word' id='word_1_168' title='bbox 876 1507 1128 1561; x_wconf 77' lang='grc' dir='ltr'><strong><em>κατέπεμψεν</em></strong></span> <span class='ocrx_word' id='word_1_169' title='bbox 1146 1507 1188 1549; x_wconf 75' lang='grc' dir='ltr'><strong><em>ἐν</em></strong></span> <span class='ocrx_word' id='word_1_170' title='bbox 1207 1504 1358 1556; x_wconf 86' lang='grc' dir='ltr'><strong><em>πάσαις</em></strong></span> <span class='ocrx_word' id='word_1_171' title='bbox 1384 1514 1474 1556; x_wconf 77' lang='grc' dir='ltr'><strong><em>ταῖς</em></strong></span> <span class='ocrx_word' id='word_1_172' title='bbox 1501 1504 1640 1549; x_wconf 85' lang='grc' dir='ltr'><strong><em>πόλεσι</em></strong></span> <span class='ocrx_word' id='word_1_173' title='bbox 1669 1504 1741 1549; x_wconf 85' lang='grc' dir='ltr'><strong><em>νό-</em></strong></span> 
     </span>
     <span class='ocr_line' id='line_1_21' title="bbox 291 1572 1796 1631; baseline 0 -17"><span class='ocrx_word' id='word_1_174' title='bbox 291 1588 398 1627; x_wconf 91' lang='grc' dir='ltr'><strong><em>μους</em></strong></span> <span class='ocrx_word' id='word_1_175' title='bbox 428 1572 553 1615; x_wconf 70' lang='grc' dir='ltr'><strong><em>ἵνεκεν</em></strong></span> <span class='ocrx_word' id='word_1_176' title='bbox 579 1577 661 1616; x_wconf 84' lang='grc' dir='ltr'><strong>τῶν</strong></span> <span class='ocrx_word' id='word_1_177' title='bbox 691 1574 958 1629; x_wconf 79' lang='grc' dir='ltr'><strong><em>δικαζομένων</em></strong></span> <span class='ocrx_word' id='word_1_178' title='bbox 997 1576 1086 1630; x_wconf 77' lang='grc' dir='ltr'><strong><em>περὶ</em></strong></span> <span class='ocrx_word' id='word_1_179' title='bbox 1131 1578 1214 1617; x_wconf 82' lang='grc' dir='ltr'><strong><em>τῶν</em></strong></span> <span class='ocrx_word' id='word_1_180' title='bbox 1242 1574 1524 1631; x_wconf 78' lang='grc' dir='ltr'><strong><em>παρεχομένων</em></strong></span> <span class='ocrx_word' id='word_1_181' title='bbox 1553 1576 1796 1629; x_wconf 73' lang='grc' dir='ltr'><strong><em>δαπανη-ΞΟ</em></strong></span> 
     </span>
     <span class='ocr_line' id='line_1_22' title="bbox 293 1638 1742 1698; baseline 0.001 -16"><span class='ocrx_word' id='word_1_182' title='bbox 293 1638 435 1694; x_wconf 86' lang='grc' dir='ltr'><strong><em>μάτων</em></strong></span> <span class='ocrx_word' id='word_1_183' title='bbox 457 1640 499 1683; x_wconf 77' lang='grc' dir='ltr'><strong><em>ἐν</em></strong></span> <span class='ocrx_word' id='word_1_184' title='bbox 516 1647 607 1690; x_wconf 82' lang='grc' dir='ltr'><strong><em>ταῖς</em></strong></span> <span class='ocrx_word' id='word_1_185' title='bbox 626 1640 898 1698; x_wconf 76' lang='grc' dir='ltr'><strong><em>διαγνώσεσιν,</em></strong></span> <span class='ocrx_word' id='word_1_186' title='bbox 967 1640 1116 1697; x_wconf 81' lang='grc' dir='ltr'><strong><em>ὁμοίως</em></strong></span> <span class='ocrx_word' id='word_1_187' title='bbox 1143 1642 1188 1684; x_wconf 76' lang='grc' dir='ltr'><strong>δὲ</strong></span> <span class='ocrx_word' id='word_1_188' title='bbox 1216 1644 1283 1684; x_wconf 83' lang='grc' dir='ltr'><strong>καὶ</strong></span> <span class='ocrx_word' id='word_1_189' title='bbox 1306 1644 1395 1698; x_wconf 82' lang='grc' dir='ltr'><strong><em>περὶ</em></strong></span> <span class='ocrx_word' id='word_1_190' title='bbox 1416 1646 1499 1684; x_wconf 84' lang='grc' dir='ltr'><strong>τῶν</strong></span> <span class='ocrx_word' id='word_1_191' title='bbox 1517 1643 1742 1698; x_wconf 85' lang='grc' dir='ltr'><strong><em>παρεχομέ-</em></strong></span> 
     </span>
     <span class='ocr_line' id='line_1_23' title="bbox 293 1706 1743 1767; baseline 0.002 -17"><span class='ocrx_word' id='word_1_192' title='bbox 293 1724 376 1751; x_wconf 89' lang='grc' dir='ltr'><strong>νων</strong></span> <span class='ocrx_word' id='word_1_193' title='bbox 403 1706 689 1766; x_wconf 82' lang='grc' dir='ltr'><strong><em>σπορτούλων,</em></strong></span> <span class='ocrx_word' id='word_1_194' title='bbox 731 1710 933 1760; x_wconf 76' lang='grc' dir='ltr'><strong><em>θεσπίσας</em></strong></span> <span class='ocrx_word' id='word_1_195' title='bbox 958 1709 1114 1766; x_wconf 81' lang='grc' dir='ltr'><strong><em>μηδένα</em></strong></span> <span class='ocrx_word' id='word_1_196' title='bbox 1131 1713 1287 1765; x_wconf 80' lang='grc' dir='ltr'><strong><em>τολμᾶν</em></strong></span> <span class='ocrx_word' id='word_1_197' title='bbox 1306 1707 1529 1765; x_wconf 84' lang='grc' dir='ltr'><strong><em>λαμβάνειν</em></strong></span> <span class='ocrx_word' id='word_1_198' title='bbox 1558 1710 1743 1767; x_wconf 87' lang='grc' dir='ltr'><strong><em>περαιτέ-</em></strong></span> 
     </span>
    </p>
   </div>
   <div class='ocr_carea' id='block_1_3' title="bbox 387 1811 1743 1909">
    <p class='ocr_par' dir='ltr' id='par_1_6' title="bbox 387 1811 1743 1909">
     <span class='ocr_line' id='line_1_24' title="bbox 390 1811 1743 1865; baseline 0.001 -13"><span class='ocrx_word' id='word_1_199' title='bbox 390 1817 424 1852; x_wconf 83' lang='grc'><strong>1.</strong></span> <span class='ocrx_word' id='word_1_200' title='bbox 447 1811 509 1862; x_wconf 88' lang='grc' dir='ltr'><strong><em>ἦν]</em></strong></span> <span class='ocrx_word' id='word_1_201' title='bbox 531 1816 601 1853; x_wconf 88' lang='lat' dir='ltr'><strong>Pro</strong></span> <span class='ocrx_word' id='word_1_202' title='bbox 618 1811 712 1863; x_wconf 84' lang='grc' dir='ltr'><strong><em>ἦσαν</em></strong></span> <span class='ocrx_word' id='word_1_203' title='bbox 727 1820 779 1852; x_wconf 86' lang='lat' dir='ltr'><strong>est</strong></span> <span class='ocrx_word' id='word_1_204' title='bbox 795 1821 830 1853; x_wconf 89' lang='lat' dir='ltr'><strong>et</strong></span> <span class='ocrx_word' id='word_1_205' title='bbox 845 1829 878 1863; x_wconf 87' lang='lat' dir='ltr'><strong>p.</strong></span> <span class='ocrx_word' id='word_1_206' title='bbox 891 1819 946 1854; x_wconf 88' lang='lat'><strong>56.</strong></span> <span class='ocrx_word' id='word_1_207' title='bbox 960 1818 1000 1852; x_wconf 92' lang='lat' dir='ltr'><strong>B.</strong></span> <span class='ocrx_word' id='word_1_208' title='bbox 1047 1816 1081 1854; x_wconf 86' lang='lat'><strong>4.</strong></span> <span class='ocrx_word' id='word_1_209' title='bbox 1097 1815 1383 1862; x_wconf 79' lang='grc' dir='ltr'><strong><em>κατορύσσοντες</em></strong></span> <span class='ocrx_word' id='word_1_210' title='bbox 1399 1817 1475 1861; x_wconf 70' lang='lat' dir='ltr'><strong>Ch„</strong></span> <span class='ocrx_word' id='word_1_211' title='bbox 1494 1815 1743 1865; x_wconf 73' lang='grc' dir='ltr'><strong><em>κατορύσσαν-</em></strong></span> 
     </span>
     <span class='ocr_line' id='line_1_25' title="bbox 387 1862 1072 1909; baseline 0 -11"><span class='ocrx_word' id='word_1_212' title='bbox 387 1874 447 1904; x_wconf 83' lang='grc' dir='ltr'><strong>τες</strong></span> <span class='ocrx_word' id='word_1_213' title='bbox 468 1863 537 1898; x_wconf 86' lang='lat' dir='ltr'><strong>Ox.</strong></span> <span class='ocrx_word' id='word_1_214' title='bbox 644 1865 703 1900; x_wconf 76' lang='lat'><strong>22.</strong></span> <span class='ocrx_word' id='word_1_215' title='bbox 727 1862 981 1909; x_wconf 80' lang='grc' dir='ltr'><strong><em>σπορτούλλων</em></strong></span> <span class='ocrx_word' id='word_1_216' title='bbox 1003 1864 1072 1899; x_wconf 90' lang='lat' dir='ltr'><strong>Ox.</strong></span> 
     </span>
    </p>
   </div>
   <div class='ocr_carea' id='block_1_4' title="bbox 299 1953 1751 2862">
    <p class='ocr_par' dir='ltr' id='par_1_7' title="bbox 299 1953 1750 2668">
     <span class='ocr_line' id='line_1_26' title="bbox 299 1953 1744 2001; baseline 0.001 -13"><span class='ocrx_word' id='word_1_217' title='bbox 299 1955 413 1988; x_wconf 87' lang='lat' dir='ltr'><strong>terent</strong></span> <span class='ocrx_word' id='word_1_218' title='bbox 443 1964 606 1998; x_wconf 86' lang='lat' dir='ltr'><strong>unquam,</strong></span> <span class='ocrx_word' id='word_1_219' title='bbox 639 1953 702 1988; x_wconf 90' lang='lat' dir='ltr'><strong>nisi</strong></span> <span class='ocrx_word' id='word_1_220' title='bbox 736 1954 914 1990; x_wconf 83' lang='lat' dir='ltr'><strong>Castellum</strong></span> <span class='ocrx_word' id='word_1_221' title='bbox 935 1954 1017 1990; x_wconf 88' lang='lat' dir='ltr'><strong>illud</strong></span> <span class='ocrx_word' id='word_1_222' title='bbox 1051 1955 1143 2001; x_wconf 89' lang='lat' dir='ltr'><strong>prius</strong></span> <span class='ocrx_word' id='word_1_223' title='bbox 1171 1958 1439 2000; x_wconf 79' lang='lat' dir='ltr'><strong>recuperassent.</strong></span> <span class='ocrx_word' id='word_1_224' title='bbox 1483 1953 1744 1999; x_wconf 74' lang='lat' dir='ltr'><strong>Martyropolim</strong></span> 
     </span>
     <span class='ocr_line' id='line_1_27' title="bbox 299 1998 1744 2047; baseline 0 -14"><span class='ocrx_word' id='word_1_225' title='bbox 299 1998 418 2042; x_wconf 80' lang='lat' dir='ltr'><strong>itaque</strong></span> <span class='ocrx_word' id='word_1_226' title='bbox 439 2009 546 2043; x_wconf 86' lang='lat' dir='ltr'><strong>prope</strong></span> <span class='ocrx_word' id='word_1_227' title='bbox 569 1999 779 2042; x_wconf 86' lang='lat' dir='ltr'><strong>accedentes,</strong></span> <span class='ocrx_word' id='word_1_228' title='bbox 801 2000 910 2035; x_wconf 88' lang='lat' dir='ltr'><strong>locum</strong></span> <span class='ocrx_word' id='word_1_229' title='bbox 933 2003 1159 2047; x_wconf 84' lang='lat' dir='ltr'><strong>appetebant:</strong></span> <span class='ocrx_word' id='word_1_230' title='bbox 1196 2001 1404 2046; x_wconf 84' lang='lat' dir='ltr'><strong>castelloque</strong></span> <span class='ocrx_word' id='word_1_231' title='bbox 1426 2000 1632 2041; x_wconf 77' lang='lat' dir='ltr'><strong>incubantes,</strong></span> <span class='ocrx_word' id='word_1_232' title='bbox 1655 1999 1744 2044; x_wconf 88' lang='lat' dir='ltr'><strong>quod</strong></span> 
     </span>
     <span class='ocr_line' id='line_1_28' title="bbox 300 2044 1745 2092; baseline 0 -14"><span class='ocrx_word' id='word_1_233' title='bbox 300 2047 460 2090; x_wconf 78' lang='lat' dir='ltr'><strong>poterant</strong></span> <span class='ocrx_word' id='word_1_234' title='bbox 482 2044 591 2084; x_wconf 87' lang='lat' dir='ltr'><strong>armis,</strong></span> <span class='ocrx_word' id='word_1_235' title='bbox 621 2050 680 2079; x_wconf 82' lang='lat' dir='ltr'><strong>aut</strong></span> <span class='ocrx_word' id='word_1_236' title='bbox 703 2046 875 2088; x_wconf 87' lang='lat' dir='ltr'><strong>cuniculis,</strong></span> <span class='ocrx_word' id='word_1_237' title='bbox 905 2047 1039 2092; x_wconf 83' lang='lat' dir='ltr'><strong>experti</strong></span> <span class='ocrx_word' id='word_1_238' title='bbox 1062 2050 1149 2088; x_wconf 88' lang='lat' dir='ltr'><strong>sunt,</strong></span> <span class='ocrx_word' id='word_1_239' title='bbox 1171 2047 1277 2082; x_wconf 85' lang='lat' dir='ltr'><strong>scalas</strong></span> <span class='ocrx_word' id='word_1_240' title='bbox 1300 2046 1401 2080; x_wconf 87' lang='lat' dir='ltr'><strong>etiam</strong></span> <span class='ocrx_word' id='word_1_241' title='bbox 1425 2045 1640 2086; x_wconf 80' lang='lat' dir='ltr'><strong>fabricantes,</strong></span> <span class='ocrx_word' id='word_1_242' title='bbox 1673 2057 1745 2079; x_wconf 87' lang='lat' dir='ltr'><strong>mu-</strong></span> 
     </span>
     <span class='ocr_line' id='line_1_29' title="bbox 299 2088 1746 2137; baseline 0 -14"><span class='ocrx_word' id='word_1_243' title='bbox 299 2100 408 2133; x_wconf 89' lang='lat' dir='ltr'><strong>roque</strong></span> <span class='ocrx_word' id='word_1_244' title='bbox 430 2088 636 2124; x_wconf 81' lang='lat' dir='ltr'><strong>adhibentes.</strong></span> <span class='ocrx_word' id='word_1_245' title='bbox 684 2091 775 2132; x_wconf 80' lang='lat' dir='ltr'><strong>Quin</strong></span> <span class='ocrx_word' id='word_1_246' title='bbox 796 2091 925 2126; x_wconf 88' lang='lat' dir='ltr'><strong>demum</strong></span> <span class='ocrx_word' id='word_1_247' title='bbox 948 2104 1082 2137; x_wconf 88' lang='lat' dir='ltr'><strong>quoque</strong></span> <span class='ocrx_word' id='word_1_248' title='bbox 1103 2092 1221 2127; x_wconf 89' lang='lat' dir='ltr'><strong>turrim</strong></span> <span class='ocrx_word' id='word_1_249' title='bbox 1243 2091 1425 2133; x_wconf 83' lang='lat' dir='ltr'><strong>excelsam,</strong></span> <span class='ocrx_word' id='word_1_250' title='bbox 1449 2102 1492 2125; x_wconf 86' lang='lat' dir='ltr'><strong>ex</strong></span> <span class='ocrx_word' id='word_1_251' title='bbox 1512 2091 1613 2134; x_wconf 86' lang='lat' dir='ltr'><strong>lignis</strong></span> <span class='ocrx_word' id='word_1_252' title='bbox 1636 2090 1746 2124; x_wconf 80' lang='lat' dir='ltr'><strong>fabri-</strong></span> 
     </span>
     <span class='ocr_line' id='line_1_30' title="bbox 301 2134 1745 2179; baseline -0.001 -9"><span class='ocrx_word' id='word_1_253' title='bbox 301 2137 424 2176; x_wconf 86' lang='lat' dir='ltr'><strong>catam,</strong></span> <span class='ocrx_word' id='word_1_254' title='bbox 448 2134 658 2169; x_wconf 74' lang='lat' dir='ltr'><strong>excitabantt</strong></span> <span class='ocrx_word' id='word_1_255' title='bbox 682 2137 742 2170; x_wconf 85' lang='lat' dir='ltr'><strong>sed</strong></span> <span class='ocrx_word' id='word_1_256' title='bbox 763 2137 891 2172; x_wconf 81' lang='lat' dir='ltr'><strong>frustra</strong></span> <span class='ocrx_word' id='word_1_257' title='bbox 913 2139 998 2172; x_wconf 85' lang='lat' dir='ltr'><strong>haec</strong></span> <span class='ocrx_word' id='word_1_258' title='bbox 1017 2137 1146 2179; x_wconf 86' lang='lat' dir='ltr'><strong>omnia;</strong></span> <span class='ocrx_word' id='word_1_259' title='bbox 1170 2149 1211 2172; x_wconf 89' lang='lat' dir='ltr'><strong>ex</strong></span> <span class='ocrx_word' id='word_1_260' title='bbox 1233 2137 1371 2172; x_wconf 84' lang='lat' dir='ltr'><strong>obsessis</strong></span> <span class='ocrx_word' id='word_1_261' title='bbox 1392 2136 1479 2171; x_wconf 88' lang='lat' dir='ltr'><strong>enim</strong></span> <span class='ocrx_word' id='word_1_262' title='bbox 1497 2140 1573 2170; x_wconf 87' lang='lat' dir='ltr'><strong>erat</strong></span> <span class='ocrx_word' id='word_1_263' title='bbox 1593 2135 1745 2179; x_wconf 84' lang='lat' dir='ltr'><strong>quidam,</strong></span> 
     </span>
     <span class='ocr_line' id='line_1_31' title="bbox 300 2178 1747 2228; baseline -0.001 -13"><span class='ocrx_word' id='word_1_264' title='bbox 300 2178 525 2215; x_wconf 85' lang='lat' dir='ltr'><strong>Mechanicae</strong></span> <span class='ocrx_word' id='word_1_265' title='bbox 548 2179 647 2213; x_wconf 81' lang='lat' dir='ltr'><strong>etiam</strong></span> <span class='ocrx_word' id='word_1_266' title='bbox 671 2181 752 2215; x_wconf 83' lang='lat' dir='ltr'><strong>artis</strong></span> <span class='ocrx_word' id='word_1_267' title='bbox 775 2182 923 2227; x_wconf 82' lang='lat' dir='ltr'><strong>peritus,</strong></span> <span class='ocrx_word' id='word_1_268' title='bbox 950 2183 1009 2228; x_wconf 89' lang='lat' dir='ltr'><strong>qui</strong></span> <span class='ocrx_word' id='word_1_269' title='bbox 1031 2183 1209 2218; x_wconf 82' lang='lat' dir='ltr'><strong>Persarum</strong></span> <span class='ocrx_word' id='word_1_270' title='bbox 1231 2182 1361 2217; x_wconf 87' lang='lat' dir='ltr'><strong>technis</strong></span> <span class='ocrx_word' id='word_1_271' title='bbox 1383 2186 1501 2216; x_wconf 86' lang='lat' dir='ltr'><strong>contra</strong></span> <span class='ocrx_word' id='word_1_272' title='bbox 1522 2180 1659 2215; x_wconf 77' lang='lat' dir='ltr'><strong>technas</strong></span> <span class='ocrx_word' id='word_1_273' title='bbox 1683 2192 1747 2226; x_wconf 88' lang='lat' dir='ltr'><strong>op-</strong></span> 
     </span>
     <span class='ocr_line' id='line_1_32' title="bbox 301 2224 1746 2272; baseline 0.001 -13"><span class='ocrx_word' id='word_1_274' title='bbox 301 2224 478 2272; x_wconf 86' lang='lat' dir='ltr'><strong>ponendo,</strong></span> <span class='ocrx_word' id='word_1_275' title='bbox 500 2224 622 2259; x_wconf 86' lang='lat' dir='ltr'><strong>turrim</strong></span> <span class='ocrx_word' id='word_1_276' title='bbox 645 2226 860 2261; x_wconf 84' lang='lat' dir='ltr'><strong>excelsiorem</strong></span> <span class='ocrx_word' id='word_1_277' title='bbox 880 2227 969 2262; x_wconf 87' lang='lat' dir='ltr'><strong>intus</strong></span> <span class='ocrx_word' id='word_1_278' title='bbox 991 2232 1201 2263; x_wconf 83' lang='lat' dir='ltr'><strong>extruxerat.</strong></span> <span class='ocrx_word' id='word_1_279' title='bbox 1247 2227 1384 2262; x_wconf 77' lang='lat' dir='ltr'><strong>Interim</strong></span> <span class='ocrx_word' id='word_1_280' title='bbox 1406 2238 1508 2267; x_wconf 87' lang='lat' dir='ltr'><strong>vero,</strong></span> <span class='ocrx_word' id='word_1_281' title='bbox 1532 2226 1609 2259; x_wconf 89' lang='lat' dir='ltr'><strong>dum</strong></span> <span class='ocrx_word' id='word_1_282' title='bbox 1632 2238 1652 2260; x_wconf 88' lang='lat' dir='ltr'><strong>e</strong></span> <span class='ocrx_word' id='word_1_283' title='bbox 1673 2231 1746 2261; x_wconf 91' lang='lat' dir='ltr'><strong>tur-</strong></span> 
     </span>
     <span class='ocr_line' id='line_1_33' title="bbox 301 2269 1748 2318; baseline 0.001 -13"><span class='ocrx_word' id='word_1_284' title='bbox 301 2270 394 2305; x_wconf 82' lang='lat' dir='ltr'><strong>ribus</strong></span> <span class='ocrx_word' id='word_1_285' title='bbox 415 2269 551 2314; x_wconf 90' lang='lat' dir='ltr'><strong>utrique</strong></span> <span class='ocrx_word' id='word_1_286' title='bbox 570 2270 636 2304; x_wconf 88' lang='lat' dir='ltr'><strong>suis</strong></span> <span class='ocrx_word' id='word_1_287' title='bbox 656 2283 692 2305; x_wconf 91' lang='lat' dir='ltr'><strong>se</strong></span> <span class='ocrx_word' id='word_1_288' title='bbox 714 2271 856 2306; x_wconf 86' lang='lat' dir='ltr'><strong>invicem</strong></span> <span class='ocrx_word' id='word_1_289' title='bbox 878 2273 1102 2318; x_wconf 82' lang='lat' dir='ltr'><strong>impetebant,</strong></span> <span class='ocrx_word' id='word_1_290' title='bbox 1138 2274 1263 2308; x_wconf 85' lang='lat' dir='ltr'><strong>Persae</strong></span> <span class='ocrx_word' id='word_1_291' title='bbox 1285 2273 1419 2318; x_wconf 89' lang='lat' dir='ltr'><strong>quidem</strong></span> <span class='ocrx_word' id='word_1_292' title='bbox 1441 2270 1542 2312; x_wconf 85' lang='lat' dir='ltr'><strong>foris,</strong></span> <span class='ocrx_word' id='word_1_293' title='bbox 1574 2271 1662 2305; x_wconf 87' lang='lat' dir='ltr'><strong>intus</strong></span> <span class='ocrx_word' id='word_1_294' title='bbox 1686 2283 1748 2306; x_wconf 86' lang='lat' dir='ltr'><strong>au-</strong></span> 
     </span>
     <span class='ocr_line' id='line_1_34' title="bbox 302 2315 1748 2362; baseline 0 -11"><span class='ocrx_word' id='word_1_295' title='bbox 302 2320 371 2351; x_wconf 87' lang='lat' dir='ltr'><strong>tem</strong></span> <span class='ocrx_word' id='word_1_296' title='bbox 394 2315 552 2356; x_wconf 83' lang='lat' dir='ltr'><strong>Romani3</strong></span> <span class='ocrx_word' id='word_1_297' title='bbox 575 2326 616 2348; x_wconf 87' lang='lat' dir='ltr'><strong>ex</strong></span> <span class='ocrx_word' id='word_1_298' title='bbox 638 2316 790 2351; x_wconf 83' lang='lat' dir='ltr'><strong>machina</strong></span> <span class='ocrx_word' id='word_1_299' title='bbox 807 2319 951 2362; x_wconf 87' lang='lat' dir='ltr'><strong>quadam</strong></span> <span class='ocrx_word' id='word_1_300' title='bbox 975 2319 1091 2353; x_wconf 86' lang='lat' dir='ltr'><strong>emissa</strong></span> <span class='ocrx_word' id='word_1_301' title='bbox 1114 2322 1166 2353; x_wconf 89' lang='lat' dir='ltr'><strong>est</strong></span> <span class='ocrx_word' id='word_1_302' title='bbox 1189 2318 1351 2359; x_wconf 88' lang='lat' dir='ltr'><strong>columna,</strong></span> <span class='ocrx_word' id='word_1_303' title='bbox 1373 2328 1460 2361; x_wconf 86' lang='lat' dir='ltr'><strong>quae</strong></span> <span class='ocrx_word' id='word_1_304' title='bbox 1479 2317 1657 2352; x_wconf 83' lang='lat' dir='ltr'><strong>adversam</strong></span> <span class='ocrx_word' id='word_1_305' title='bbox 1673 2322 1748 2351; x_wconf 86' lang='lat' dir='ltr'><strong>tur-</strong></span> 
     </span>
     <span class='ocr_line' id='line_1_35' title="bbox 302 2360 1747 2407; baseline 0.001 -12"><span class='ocrx_word' id='word_1_306' title='bbox 302 2361 367 2396; x_wconf 86' lang='lat' dir='ltr'><strong>rim</strong></span> <span class='ocrx_word' id='word_1_307' title='bbox 389 2360 536 2394; x_wconf 77' lang='lat' dir='ltr'><strong>funditus</strong></span> <span class='ocrx_word' id='word_1_308' title='bbox 566 2362 783 2403; x_wconf 83' lang='lat' dir='ltr'><strong>subvertens,</strong></span> <span class='ocrx_word' id='word_1_309' title='bbox 820 2363 917 2397; x_wconf 84' lang='lat' dir='ltr'><strong>ruina</strong></span> <span class='ocrx_word' id='word_1_310' title='bbox 947 2364 1046 2398; x_wconf 89' lang='lat' dir='ltr'><strong>etiam</strong></span> <span class='ocrx_word' id='word_1_311' title='bbox 1075 2364 1253 2398; x_wconf 87' lang='lat' dir='ltr'><strong>Persarum</strong></span> <span class='ocrx_word' id='word_1_312' title='bbox 1284 2362 1538 2407; x_wconf 85' lang='lat' dir='ltr'><strong>quamplurimos</strong></span> <span class='ocrx_word' id='word_1_313' title='bbox 1570 2362 1747 2407; x_wconf 85' lang='lat' dir='ltr'><strong>oppressit.</strong></span> 
     </span>
     <span class='ocr_line' id='line_1_36' title="bbox 303 2405 1748 2454; baseline 0.001 -15"><span class='ocrx_word' id='word_1_314' title='bbox 303 2406 444 2439; x_wconf 87' lang='lat' dir='ltr'><strong>Caeteri</strong></span> <span class='ocrx_word' id='word_1_315' title='bbox 464 2405 581 2450; x_wconf 85' lang='lat' dir='ltr'><strong>igitur,</strong></span> <span class='ocrx_word' id='word_1_316' title='bbox 603 2406 662 2441; x_wconf 87' lang='lat' dir='ltr'><strong>ubi</strong></span> <span class='ocrx_word' id='word_1_317' title='bbox 684 2407 774 2454; x_wconf 91' lang='lat' dir='ltr'><strong>quod</strong></span> <span class='ocrx_word' id='word_1_318' title='bbox 796 2407 921 2441; x_wconf 85' lang='lat' dir='ltr'><strong>factum</strong></span> <span class='ocrx_word' id='word_1_319' title='bbox 944 2412 994 2442; x_wconf 89' lang='lat' dir='ltr'><strong>est</strong></span> <span class='ocrx_word' id='word_1_320' title='bbox 1017 2408 1178 2444; x_wconf 85' lang='lat' dir='ltr'><strong>vidissent</strong></span> <span class='ocrx_word' id='word_1_321' title='bbox 1207 2413 1244 2442; x_wconf 89' lang='lat' dir='ltr'><strong>et</strong></span> <span class='ocrx_word' id='word_1_322' title='bbox 1264 2408 1389 2442; x_wconf 87' lang='lat' dir='ltr'><strong>viribus</strong></span> <span class='ocrx_word' id='word_1_323' title='bbox 1412 2407 1513 2441; x_wconf 84' lang='lat' dir='ltr'><strong>etiam</strong></span> <span class='ocrx_word' id='word_1_324' title='bbox 1534 2407 1600 2452; x_wconf 87' lang='lat' dir='ltr'><strong>ipsi</strong></span> <span class='ocrx_word' id='word_1_325' title='bbox 1625 2407 1748 2449; x_wconf 78' lang='lat' dir='ltr'><strong>fracti3</strong></span> 
     </span>
     <span class='ocr_line' id='line_1_37' title="bbox 303 2450 1749 2497; baseline 0.001 -11"><span class='ocrx_word' id='word_1_326' title='bbox 303 2450 479 2486; x_wconf 85' lang='lat' dir='ltr'><strong>audientes</strong></span> <span class='ocrx_word' id='word_1_327' title='bbox 501 2455 679 2496; x_wconf 86' lang='lat' dir='ltr'><strong>praeterea</strong></span> <span class='ocrx_word' id='word_1_328' title='bbox 700 2453 838 2494; x_wconf 87' lang='lat' dir='ltr'><strong>Zittam,</strong></span> <span class='ocrx_word' id='word_1_329' title='bbox 861 2452 1087 2488; x_wconf 87' lang='lat' dir='ltr'><strong>Romanorum</strong></span> <span class='ocrx_word' id='word_1_330' title='bbox 1109 2454 1247 2494; x_wconf 86' lang='lat' dir='ltr'><strong>Ducem,</strong></span> <span class='ocrx_word' id='word_1_331' title='bbox 1270 2453 1470 2487; x_wconf 76' lang='lat' dir='ltr'><strong>castellanis</strong></span> <span class='ocrx_word' id='word_1_332' title='bbox 1493 2451 1665 2497; x_wconf 84' lang='lat' dir='ltr'><strong>suppetias</strong></span> <span class='ocrx_word' id='word_1_333' title='bbox 1685 2452 1749 2487; x_wconf 88' lang='lat' dir='ltr'><strong>ad-</strong></span> 
     </span>
     <span class='ocr_line' id='line_1_38' title="bbox 302 2495 1750 2540; baseline 0.002 -10"><span class='ocrx_word' id='word_1_334' title='bbox 302 2495 444 2538; x_wconf 86' lang='lat' dir='ltr'><strong>venire;</strong></span> <span class='ocrx_word' id='word_1_335' title='bbox 479 2504 691 2533; x_wconf 78' lang='lat' dir='ltr'><strong>recesserunt</strong></span> <span class='ocrx_word' id='word_1_336' title='bbox 710 2497 807 2540; x_wconf 85' lang='lat' dir='ltr'><strong>inde,</strong></span> <span class='ocrx_word' id='word_1_337' title='bbox 840 2501 1024 2532; x_wconf 82' lang='lat' dir='ltr'><strong>metuentes</strong></span> <span class='ocrx_word' id='word_1_338' title='bbox 1047 2499 1111 2533; x_wconf 87' lang='lat' dir='ltr'><strong>sibi</strong></span> <span class='ocrx_word' id='word_1_339' title='bbox 1141 2511 1184 2533; x_wconf 92' lang='lat' dir='ltr'><strong>ne</strong></span> <span class='ocrx_word' id='word_1_340' title='bbox 1207 2500 1248 2532; x_wconf 87' lang='lat' dir='ltr'><strong>ab</strong></span> <span class='ocrx_word' id='word_1_341' title='bbox 1272 2498 1421 2533; x_wconf 87' lang='lat' dir='ltr'><strong>hostibus</strong></span> <span class='ocrx_word' id='word_1_342' title='bbox 1451 2498 1750 2533; x_wconf 82' lang='lat' dir='ltr'><strong>circumdarentur.</strong></span> 
     </span>
     <span class='ocr_line' id='line_1_39' title="bbox 302 2541 1749 2590; baseline 0.001 -15"><span class='ocrx_word' id='word_1_343' title='bbox 302 2541 357 2575; x_wconf 91' lang='lat' dir='ltr'><strong>De</strong></span> <span class='ocrx_word' id='word_1_344' title='bbox 379 2541 431 2575; x_wconf 87' lang='lat' dir='ltr'><strong>his</strong></span> <span class='ocrx_word' id='word_1_345' title='bbox 454 2546 564 2575; x_wconf 85' lang='lat' dir='ltr'><strong>autem</strong></span> <span class='ocrx_word' id='word_1_346' title='bbox 587 2545 711 2580; x_wconf 83' lang='lat' dir='ltr'><strong>certior</strong></span> <span class='ocrx_word' id='word_1_347' title='bbox 733 2544 843 2577; x_wconf 83' lang='lat' dir='ltr'><strong>factus</strong></span> <span class='ocrx_word' id='word_1_348' title='bbox 863 2543 1067 2577; x_wconf 86' lang='lat' dir='ltr'><strong>Justinianus</strong></span> <span class='ocrx_word' id='word_1_349' title='bbox 1089 2544 1288 2590; x_wconf 86' lang='lat' dir='ltr'><strong>Imperator,</strong></span> <span class='ocrx_word' id='word_1_350' title='bbox 1311 2543 1451 2586; x_wconf 83' lang='lat' dir='ltr'><strong>Legatis</strong></span> <span class='ocrx_word' id='word_1_351' title='bbox 1473 2543 1540 2578; x_wconf 87' lang='lat' dir='ltr'><strong>suis</strong></span> <span class='ocrx_word' id='word_1_352' title='bbox 1563 2543 1682 2585; x_wconf 82' lang='lat' dir='ltr'><strong>edixit,</strong></span> <span class='ocrx_word' id='word_1_353' title='bbox 1704 2554 1749 2577; x_wconf 86' lang='lat' dir='ltr'><strong>ne</strong></span> 
     </span>
     <span class='ocr_line' id='line_1_40' title="bbox 303 2587 1748 2634; baseline 0.001 -14"><span class='ocrx_word' id='word_1_354' title='bbox 303 2590 384 2620; x_wconf 84' lang='lat' dir='ltr'><strong>ante</strong></span> <span class='ocrx_word' id='word_1_355' title='bbox 406 2587 442 2620; x_wconf 88' lang='lat' dir='ltr'><strong>in</strong></span> <span class='ocrx_word' id='word_1_356' title='bbox 465 2587 636 2622; x_wconf 87' lang='lat' dir='ltr'><strong>Persidem</strong></span> <span class='ocrx_word' id='word_1_357' title='bbox 659 2589 973 2634; x_wconf 84' lang='lat' dir='ltr'><strong>proficiscerentur,</strong></span> <span class='ocrx_word' id='word_1_358' title='bbox 1014 2600 1112 2632; x_wconf 89' lang='lat' dir='ltr'><strong>quam</strong></span> <span class='ocrx_word' id='word_1_359' title='bbox 1135 2588 1280 2623; x_wconf 85' lang='lat' dir='ltr'><strong>secundo</strong></span> <span class='ocrx_word' id='word_1_360' title='bbox 1303 2588 1367 2621; x_wconf 90' lang='lat' dir='ltr'><strong>hoc</strong></span> <span class='ocrx_word' id='word_1_361' title='bbox 1389 2588 1452 2622; x_wconf 89' lang='lat' dir='ltr'><strong>illis</strong></span> <span class='ocrx_word' id='word_1_362' title='bbox 1476 2589 1632 2623; x_wconf 87' lang='lat' dir='ltr'><strong>innueret</strong></span> <span class='ocrx_word' id='word_1_363' title='bbox 1653 2588 1748 2634; x_wconf 80' lang='lat' dir='ltr'><strong>ipse3</strong></span> 
     </span>
     <span class='ocr_line' id='line_1_41' title="bbox 303 2633 1504 2668; baseline 0.002 -2"><span class='ocrx_word' id='word_1_364' title='bbox 303 2633 363 2666; x_wconf 81' lang='lat' dir='ltr'><strong>sed</strong></span> <span class='ocrx_word' id='word_1_365' title='bbox 386 2643 461 2666; x_wconf 87' lang='lat' dir='ltr'><strong>cum</strong></span> <span class='ocrx_word' id='word_1_366' title='bbox 483 2634 672 2668; x_wconf 88' lang='lat' dir='ltr'><strong>muneribus</strong></span> <span class='ocrx_word' id='word_1_367' title='bbox 694 2634 760 2668; x_wconf 82' lang='lat' dir='ltr'><strong>suis</strong></span> <span class='ocrx_word' id='word_1_368' title='bbox 781 2633 873 2667; x_wconf 83' lang='lat' dir='ltr'><strong>intra</strong></span> <span class='ocrx_word' id='word_1_369' title='bbox 894 2633 976 2667; x_wconf 81' lang='lat' dir='ltr'><strong>fines</strong></span> <span class='ocrx_word' id='word_1_370' title='bbox 999 2633 1165 2667; x_wconf 82' lang='lat' dir='ltr'><strong>Romanos</strong></span> <span class='ocrx_word' id='word_1_371' title='bbox 1188 2645 1259 2668; x_wconf 80' lang='lat' dir='ltr'><strong>sese</strong></span> <span class='ocrx_word' id='word_1_372' title='bbox 1280 2633 1504 2668; x_wconf 82' lang='lat' dir='ltr'><strong>continerent.</strong></span> 
     </span>
    </p>

    <p class='ocr_par' dir='ltr' id='par_1_8' title="bbox 304 2677 1751 2862">
     <span class='ocr_line' id='line_1_42' title="bbox 396 2677 1750 2724; baseline 0.001 -14"><span class='ocrx_word' id='word_1_373' title='bbox 396 2677 488 2711; x_wconf 90' lang='lat' dir='ltr'><strong>Idem</strong></span> <span class='ocrx_word' id='word_1_374' title='bbox 510 2677 707 2724; x_wconf 82' lang='lat' dir='ltr'><strong>imperator,</strong></span> <span class='ocrx_word' id='word_1_375' title='bbox 729 2679 765 2713; x_wconf 90' lang='lat' dir='ltr'><strong>in</strong></span> <span class='ocrx_word' id='word_1_376' title='bbox 787 2678 932 2724; x_wconf 83' lang='lat' dir='ltr'><strong>gratiam</strong></span> <span class='ocrx_word' id='word_1_377' title='bbox 953 2689 1064 2713; x_wconf 88' lang='lat' dir='ltr'><strong>eorum</strong></span> <span class='ocrx_word' id='word_1_378' title='bbox 1089 2678 1145 2724; x_wconf 90' lang='lat' dir='ltr'><strong>qui</strong></span> <span class='ocrx_word' id='word_1_379' title='bbox 1168 2678 1203 2712; x_wconf 89' lang='lat' dir='ltr'><strong>in</strong></span> <span class='ocrx_word' id='word_1_380' title='bbox 1222 2679 1276 2722; x_wconf 85' lang='lat' dir='ltr'><strong>jus</strong></span> <span class='ocrx_word' id='word_1_381' title='bbox 1297 2678 1411 2712; x_wconf 84' lang='lat' dir='ltr'><strong>vocati</strong></span> <span class='ocrx_word' id='word_1_382' title='bbox 1433 2682 1521 2720; x_wconf 88' lang='lat' dir='ltr'><strong>sunt,</strong></span> <span class='ocrx_word' id='word_1_383' title='bbox 1545 2679 1638 2722; x_wconf 85' lang='lat' dir='ltr'><strong>leges</strong></span> <span class='ocrx_word' id='word_1_384' title='bbox 1661 2689 1750 2723; x_wconf 83' lang='lat' dir='ltr'><strong>quae</strong></span> 
     </span>
     <span class='ocr_line' id='line_1_43' title="bbox 304 2722 1751 2768; baseline 0.001 -13"><span class='ocrx_word' id='word_1_385' title='bbox 304 2723 488 2766; x_wconf 77' lang='lat' dir='ltr'><strong>sumptibus</strong></span> <span class='ocrx_word' id='word_1_386' title='bbox 511 2722 547 2757; x_wconf 92' lang='lat' dir='ltr'><strong>in</strong></span> <span class='ocrx_word' id='word_1_387' title='bbox 570 2724 828 2767; x_wconf 82' lang='lat' dir='ltr'><strong>dijudicationes</strong></span> <span class='ocrx_word' id='word_1_388' title='bbox 850 2723 957 2758; x_wconf 86' lang='lat' dir='ltr'><strong>litium</strong></span> <span class='ocrx_word' id='word_1_389' title='bbox 978 2723 1154 2765; x_wconf 83' lang='lat' dir='ltr'><strong>faciendis,</strong></span> <span class='ocrx_word' id='word_1_390' title='bbox 1178 2724 1308 2757; x_wconf 88' lang='lat' dir='ltr'><strong>modum</strong></span> <span class='ocrx_word' id='word_1_391' title='bbox 1332 2724 1614 2768; x_wconf 84' lang='lat' dir='ltr'><strong>praescriberent,</strong></span> <span class='ocrx_word' id='word_1_392' title='bbox 1637 2723 1751 2768; x_wconf 83' lang='lat' dir='ltr'><strong>singu·-</strong></span> 
     </span>
     <span class='ocr_line' id='line_1_44' title="bbox 304 2767 1750 2814; baseline 0.002 -16"><span class='ocrx_word' id='word_1_393' title='bbox 304 2767 352 2799; x_wconf 78' lang='lat' dir='ltr'><strong>las</strong></span> <span class='ocrx_word' id='word_1_394' title='bbox 377 2767 511 2811; x_wconf 75' lang='lat' dir='ltr'><strong>imperii</strong></span> <span class='ocrx_word' id='word_1_395' title='bbox 544 2780 607 2814; x_wconf 85' lang='lat' dir='ltr'><strong>per</strong></span> <span class='ocrx_word' id='word_1_396' title='bbox 630 2770 729 2804; x_wconf 86' lang='lat' dir='ltr'><strong>urbes</strong></span> <span class='ocrx_word' id='word_1_397' title='bbox 760 2769 880 2803; x_wconf 85' lang='lat' dir='ltr'><strong>emisit.</strong></span> <span class='ocrx_word' id='word_1_398' title='bbox 926 2768 1150 2803; x_wconf 85' lang='lat' dir='ltr'><strong>Consimiliter</strong></span> <span class='ocrx_word' id='word_1_399' title='bbox 1174 2780 1309 2813; x_wconf 81' lang='lat' dir='ltr'><strong>quoque</strong></span> <span class='ocrx_word' id='word_1_400' title='bbox 1340 2769 1383 2802; x_wconf 90' lang='lat' dir='ltr'><strong>de</strong></span> <span class='ocrx_word' id='word_1_401' title='bbox 1405 2769 1564 2814; x_wconf 82' lang='lat' dir='ltr'><strong>sportulis</strong></span> <span class='ocrx_word' id='word_1_402' title='bbox 1586 2768 1750 2803; x_wconf 85' lang='lat' dir='ltr'><strong>solvendis</strong></span> 
     </span>
     <span class='ocr_line' id='line_1_45' title="bbox 304 2811 1751 2862; baseline 0.001 -17"><span class='ocrx_word' id='word_1_403' title='bbox 304 2811 429 2847; x_wconf 76' lang='lat' dir='ltr'><strong>Edicto</strong></span> <span class='ocrx_word' id='word_1_404' title='bbox 454 2812 562 2861; x_wconf 81' lang='lat' dir='ltr'><strong>cavit,</strong></span> <span class='ocrx_word' id='word_1_405' title='bbox 585 2825 628 2850; x_wconf 84' lang='lat' dir='ltr'><strong>ne.</strong></span> <span class='ocrx_word' id='word_1_406' title='bbox 651 2814 724 2861; x_wconf 80' lang='lat' dir='ltr'><strong>quis</strong></span> <span class='ocrx_word' id='word_1_407' title='bbox 747 2815 837 2851; x_wconf 84' lang='lat' dir='ltr'><strong>ultra</strong></span> <span class='ocrx_word' id='word_1_408' title='bbox 860 2814 1040 2852; x_wconf 80' lang='lat' dir='ltr'><strong>dimensum</strong></span> <span class='ocrx_word' id='word_1_409' title='bbox 1064 2825 1176 2858; x_wconf 71' lang='lat' dir='ltr'><strong>suum,</strong></span> <span class='ocrx_word' id='word_1_410' title='bbox 1200 2814 1330 2861; x_wconf 84' lang='lat' dir='ltr'><strong>legibus</strong></span> <span class='ocrx_word' id='word_1_411' title='bbox 1353 2814 1417 2850; x_wconf 82' lang='lat' dir='ltr'><strong>sibi</strong></span> <span class='ocrx_word' id='word_1_412' title='bbox 1438 2814 1673 2862; x_wconf 83' lang='lat' dir='ltr'><strong>praefinitum,</strong></span> <span class='ocrx_word' id='word_1_413' title='bbox 1696 2824 1751 2848; x_wconf 86' lang='lat' dir='ltr'><strong>su-</strong></span> 
     </span>
    </p>
   </div>
  </div>
 </body>
</html>
