1838 3230
449 173 1083 220 CHRONOGRAPHIA.
1138 173 1188 218 L.
1218 174 1270 219 V.
1502 180 1596 227 131

124 312 194 340 ται
210 295 321 354 ’πρὸς
339 295 411 341 τὸν
427 294 610 352 Ἀχιλλέα
633 291 771 353 κρύφα
792 296 860 339 καὶ
879 293 900 340 ὅ
916 295 1158 354 Δηίφοβος,
1197 293 1218 339 ὅ
1249 294 1428 353 ἀδελφὸς
1453 294 1598 350 αὐτοῦ,

124 368 460 423 παρακαλοῦντες
479 365 607 409 αὐτὸν
625 366 715 422 περὶ
733 369 810 408 τοῦ
828 362 963 421 γάμου
983 369 1058 421 τῆς
1074 364 1327 421 Πολυξένης,
1397 366 1465 408 καὶ
1487 365 1601 422 δέχε-

125 451 195 478 ται
219 433 373 486 αὐτοὺς
399 432 422 479 ὅ
444 433 647 490 Ἀχιλλεὺς
675 433 763 477 κατ’
786 435 894 477 ἰδίαν
914 432 1156 491 ἇγνώστως,
1190 434 1320 491 μηδὲν
1338 431 1602 486 ὖποπτεῦσας

127 507 291 561 φαῦλον
307 502 442 547 διὰτὸ
463 504 506 546 ἐν
521 507 583 562 τῷ
601 506 676 546 τοῦ
691 499 945 553 Ἀπόλλωνος
963 502 1076 547 ἄλσει
1095 501 1210 547 εἶναι.
1279 503 1348 547 καὶ
1369 501 1391 547 ὅ
1408 504 1484 559 μὲν
1502 501 1602 548 floi-
1625 515 1659 551 Ο
1685 517 1752 553 166

91 583 190 631 5ρις
219 570 275 623 ὥς
301 571 410 632 ὅρκῳ
435 575 616 627 βεβαιῶν
646 570 700 615 τὰ
728 571 814 627 μετ’
845 571 974 616 αὐτοῦ
997 574 1065 615 καὶ
1084 577 1160 616 τοῦ
1175 571 1392 628 Ἀχιλλέως
1409 573 1602 630 εἰρημένα

125 640 242 698 παρὰ
267 641 340 685 τὸν
364 641 511 696 βωμὸν
532 642 713 684 ἵσταται.
785 641 1101 698 περιπλακέντος
1127 642 1174 685 δὲ
1200 645 1276 685 τοῦ
1297 639 1520 699 Δηιφόβου
1541 647 1601 703 τῷ

118 709 297 766 Ἀχιλλεῖ·
300 742 315 764 ,
351 711 420 753 καὶ
452 707 474 754 ὅ
504 708 644 766 Πάρις
673 708 754 753 ἀπὸ
779 714 862 754 τῶν
880 715 1089 768 πλευρῶν,
1125 710 1256 754 αὐτοῦ
1274 715 1603 768 καταφιλοῦντος

125 776 253 822 αὐτόν
259 811 274 832 ,
309 776 526 834 ἐβάπτισεν
555 777 578 821 ὃ
608 778 824 836 ἐπεφέρετο
851 780 981 838 ξίφος.
1052 783 1129 823 τοῦ
1156 780 1203 822 δέ
1225 778 1448 838 Δηιφόβου
1468 798 1601 824 κατα-

123 845 296 903 σχόντος
325 847 399 891 τόν
421 847 628 904 Ἀχιλλέα,
667 848 860 905 δευτέραν
889 847 1118 906 ἐπιφέρεται
1148 848 1308 905 πληγὴν
1336 847 1357 892 ὅ
1380 846 1520 907 Πάρις
1538 853 1599 910 τῷ

67 915 311 974 1οἈχιλλεῖ,
349 918 418 960 καὶ
443 917 588 961 λοιπὸν
612 916 779 967 ἔκλυτος
809 916 962 974 ἐγένετο
985 919 1054 960 καὶ
1074 916 1201 961 ἔπεσε.
1269 918 1339 960 καὶ
1367 918 1598 975 ἐξέρχονται
1621 932 1652 968 Β

122 985 164 1029 οἱ
190 987 282 1043 περὶ
311 983 485 1043 Πάριδα
510 987 577 1029 καὶ
602 987 822 1043 Δηίφοβον
851 984 1094 1037 ἀνυπόπτως
1121 985 1179 1029 δι’
1202 984 1331 1042 ἄλλης
1354 984 1499 1037 ἐξόδου
1521 993 1598 1031 τοῦ

122 1053 276 1105 ἄλσους
289 1068 300 1080 ·
335 1052 392 1105 ὥς
411 1055 456 1118 δὲ
475 1054 622 1113 μικρὸν
640 1054 805 1110 ἀπεῖχον
815 1087 830 1108 ,
865 1053 1007 1114 δρόμῳ
1033 1058 1174 1114 πολλῷ
1191 1052 1445 1112 χρησάμενοι
1464 1055 1599 1112 ἀπῆλ-

120 1127 205 1167 θον
228 1125 285 1174 εἷς
302 1123 378 1179 τὴν
395 1121 527 1168 πόλιν.
594 1123 695 1167 ἰδὼν
714 1124 760 1167 δὲ
779 1122 929 1174 αὐτοὺς
949 1122 971 1167 ὅ
995 1123 1221 1174 Ὀδυσσεὺς
1237 1122 1316 1181 ἔφη
1338 1123 1442 1180 πρὸς
1459 1126 1599 1168 Αἴαν-

119 1209 176 1236 τα
203 1194 273 1236 καὶ
300 1190 518 1249 Διομήδην
551 1190 613 1236 ὅτι
646 1192 734 1236 Οὔκ
765 1190 928 1249 ἀγαθόν
957 1210 997 1235 τι
1029 1193 1129 1236 εἰσὶν
1160 1190 1429 1250 ἐργασάμενοι
1460 1188 1595 1237 οὗτοι·

67 1260 368 1317 15εἰσέλθωμεν
386 1261 491 1319 πρὸς
507 1261 581 1305 τὸν
592 1260 789 1316 Ἀχιλλέα.
833 1259 1088 1311 εῗσελθόντες
1107 1256 1180 1305 οὗν
1203 1263 1258 1312 εἷς
1272 1261 1320 1305 τὸ
1343 1253 1470 1313 ἄλσος
1489 1261 1600 1319 δρῶ-

122 1346 165 1374 σι
186 1329 261 1374 τὸν
284 1330 359 1374 σὸν
379 1330 541 1388 γενέτην
562 1329 747 1386 Ἀχιλλέα
767 1329 947 1386 κείμενον
965 1330 1080 1389 παρὰ
1097 1330 1171 1374 τὸν
1191 1330 1337 1386 βωμὸν
1357 1331 1413 1381 εἰς
1430 1331 1479 1374 τὸ
1500 1330 1597 1375 ἔδα-

119 1415 202 1457 φος
234 1399 556 1458 καθῃμαγμένον
587 1400 655 1442 καὶ
685 1398 742 1443 ξ’τι
773 1399 1010 1454 ἐμπνέοντα.
1079 1397 1185 1443 εἶπεν
1207 1395 1281 1443 οὖν
1301 1398 1406 1457 πρὸς
1427 1399 1553 1444 αὐτὸν
1574 1398 1597 1445 ὅ

117 1468 216 1524 ἐμὸς
243 1467 422 1526 ἀδελφὸς
448 1469 586 1522 Αἴας,
613 1464 697 1511 Ἦν
719 1468 803 1526 ἄρα
823 1468 996 1525 ἀληθῶς
1017 1465 1128 1519 ὅστις
1153 1466 1392 1526 ἀνθρώπων
1411 1466 1594 1525 ἠδύνατο

117 1538 274 1580 κτεῖναί
291 1554 337 1582 σε
359 1537 464 1596 ἀλκῇ
485 1537 736 1596 διαφέροντα
757 1535 947 1593 πάντων,·
982 1537 1070 1580 ἀλλ’
1092 1535 1120 1593 ἦ
1150 1537 1202 1593 σὴ
1234 1537 1455 1595 προπέτεια
1479 1536 1595 1581 ἀπιό-

62 1606 214 1651 2ολεσέ
239 1623 298 1651 σε.
370 1604 392 1650 ὃ
428 1607 474 1650 δὲ
496 1606 698 1662 Ἀχιλλεὺς
726 1604 832 1660 εἷπε,
869 1605 996 1666 Δόλῳ
1025 1603 1267 1663 εἲργάσαντό
1293 1623 1345 1660 με
1367 1604 1507 1663 Πάρις
1528 1608 1595 1649 καὶ
1621 1616 1650 1650 c

118 1675 338 1732 Δηίφοβος
359 1675 428 1718 διὰ
443 1676 695 1731 Πολυξένην.
757 1676 825 1718 καὶ
846 1673 1091 1730 ἐτελεύτησε.
1147 1674 1290 1732 νεκρὸν
1307 1675 1352 1717 δὲ
1366 1672 1592 1730 γενόμενον,
1618 1685 1652 1720 Ο
1679 1687 1747 1723 167

116 1741 408 1799 βαστάσαντος
450 1743 579 1787 αὐτοῦ
618 1743 665 1787 τὸ
705 1748 825 1798 σῶμα
863 1748 938 1787 τοῦ
970 1744 1070 1798 ἐμοῦ
1102 1742 1284 1800 ἀδελφοῦ
1311 1742 1499 1794 Αἴαντος
1531 1743 1592 1786 ἐπ’

119 1810 267 1868 ὤμων,
309 1811 504 1870 φέρουσιν
532 1814 588 1863 εἷς
613 1812 688 1863 τὰς
710 1810 874 1868 σκηνάς.
946 1809 1101 1863 ῗδόντες
1122 1813 1167 1855 δὲ
1186 1812 1226 1855 οἶ
1243 1815 1385 1869 Τρῶες
1407 1812 1593 1870 ἐξέρχον-

211 1905 268 1947 14.
299 1906 539 1955 ἐργασάμενοι
563 1909 626 1944 Ch.
639 1934 651 1952 ,
671 1906 927 1956 εἰργασᾶμενοι
950 1909 1018 1944 Ox.
1111 1910 1167 1946 17.
1197 1906 1486 1956 καθῃμαγμένον
1509 1908 1590 1951 Ch„

206 1955 486 2003 κατῃμαγμένον
510 1956 578 1990 Ox.

114 2034 320 2081 Deiphobo,
358 2036 443 2071 clam
466 2034 670 2077 intervenit;
702 2046 825 2080 nempe
851 2034 894 2069 de
917 2033 1046 2081 nuptiis
1069 2045 1144 2069 eum
1166 2033 1466 2080 interpellaturus:
1501 2045 1589 2080 quos

115 2085 154 2116 et
174 2081 311 2116 seorsim
342 2081 479 2128 excepit
502 2081 670 2123 Achilles,
709 2081 780 2116 doli
802 2082 963 2126 ignarus,
1000 2080 1152 2126 nihilque
1182 2080 1262 2115 mali
1294 2081 1508 2126 suspicatus,
1545 2092 1587 2115 eo

115 2127 211 2173 quod
233 2128 400 2175 Apollinis
421 2133 533 2163 essent
554 2128 590 2162 in
612 2127 700 2163 luco.
748 2127 797 2162 Et
820 2127 956 2173 quidem
978 2126 1076 2161 Paris
1098 2127 1143 2162 ad
1167 2126 1270 2161 Aram
1293 2126 1467 2168 constitit,
1508 2131 1588 2160 tan-

115 2184 218 2254 quam
241 2185 331 2220 quae
352 2175 444 2210 inter
471 2187 508 2210 se
531 2180 634 2220 pacta
666 2174 828 2216 fuerant,
864 2174 1056 2218 juramento
1079 2173 1283 2207 firmaturus.
1341 2172 1479 2206 Interim
1504 2183 1588 2206 vero

111 2264 114 2267 ι
141 2231 194 2254 um
217 2231 254 2255 se
276 2223 389 2255 mutuo
421 2221 585 2255 tenebant
619 2221 776 2266 amplexu
799 2219 998 2265 Deiphobus
1031 2222 1067 2254 et
1101 2219 1274 2260 Achilles3
1310 2218 1410 2252 Paris
1434 2229 1456 2252 a
1478 2217 1587 2252 latere

115 2265 276 2307 veniens,
312 2266 472 2301 Achillem
496 2267 610 2312 gladio
635 2278 733 2312 quem
757 2266 893 2300 ferebat
917 2265 1134 2310 transadigit.
1182 2265 1254 2299 Sed
1278 2269 1314 2299 et
1336 2263 1485 2309 repetito
1510 2263 1587 2297 vul-

113 2322 199 2346 nere
222 2313 417 2355 confossus,
451 2313 530 2347 dum
554 2325 574 2348 a
598 2313 778 2358 Deiphobo
803 2311 1041 2355 distineretur,
1081 2310 1247 2352 Achilles,
1285 2309 1434 2345 concidit
1465 2308 1585 2343 exani-

117 2357 190 2392 mis.
237 2358 335 2394 Paris
358 2363 491 2402 autem,
534 2363 569 2393 et
591 2359 812 2404 Deiphobus,
850 2370 913 2405 per
936 2357 1173 2393 diverticulum
1200 2356 1267 2391 luci
1291 2355 1378 2391 viam
1401 2354 1467 2390 sibi
1488 2354 1587 2389 inve—

114 2403 268 2447 nientes,
307 2405 394 2440 clam
424 2405 574 2440 omnibus
607 2410 805 2439 evaserunt=
848 2404 1091 2451 paululumque
1125 2402 1316 2449 progressi,
1355 2401 1461 2436 citato
1485 2411 1584 2434 cursu

114 2448 183 2484 im
212 2450 250 2485 in
280 2452 400 2486 urbem
433 2451 684 2487 accelerabant.
744 2451 838 2492 Quos
873 2462 948 2485 cum
981 2450 1158 2496 conspexit
1191 2449 1338 2490 Ulisses‚
1372 2447 1511 2491 Ajacem
1544 2458 1585 2481 ac

114 2494 312 2532 Diomedem
341 2498 528 2539 allocutus3
582 2497 697 2540 „Non
729 2501 781 2531 est
815 2495 979 2542 (inquit)
1011 2495 1092 2531 boni
1124 2495 1282 2541 aliquod,
1324 2504 1390 2538 quo
1426 2491 1584 2537 occupati

115 2544 194 2575 sunt
213 2541 291 2576 istit
325 2542 407 2588 quin
430 2543 540 2589 igitur
562 2542 992 2588 Achillfprospiciamusf‘
1037 2542 1166 2576 Lucum
1190 2542 1310 2584 itaque
1333 2538 1496 2583 ingressi,
1519 2549 1584 2584 pa-

115 2592 203 2620 trem
225 2591 316 2623 tuum
339 2588 457 2623 vident
480 2594 711 2631 cruentatum,
736 2588 825 2623 humi
849 2590 952 2634 Juxta
976 2587 1085 2622 altare
1109 2590 1331 2633 prostratum,
1355 2589 1391 2619 et
1414 2588 1582 2618 extremos

111 2633 183 2677 jam
206 2633 342 2678 spiritus
365 2636 589 2671 anhelantem.
635 2635 735 2670 Dixit
757 2639 868 2670 autem
886 2634 918 2669 ei
942 2635 1051 2669 frater
1072 2645 1163 2668 meus
1184 2632 1291 2675 Ajax3
1315 2629 1581 2675 „Quisquamne

115 2677 226 2723 igitur
246 2682 303 2721 te,
325 2681 511 2717 mortalium
533 2681 734 2723 fortissime,
755 2681 952 2716 interficere
975 2680 1140 2726 poterat?
1180 2677 1274 2718 Quin
1298 2676 1409 2722 potius
1432 2680 1492 2710 tua
1514 2675 1581 2709 tibi

115 2723 291 2759 temeritas
314 2726 419 2761 exitio
443 2728 548 2762 fuit.“
593 2753 617 2771 ,,
626 2728 746 2770 Immo,
771 2727 884 2773 inquit
909 2726 1077 2767 Achilles,
1103 2723 1202 2758 Paris
1226 2735 1279 2758 me
1302 2722 1579 2768 Deiphobusque,

115 2770 327 2815 Polyxenam
349 2777 605 2817 praetexentes,
641 2774 719 2808 dolo
742 2773 1029 2808 circumvenere.“
1076 2771 1154 2805 Nec
1177 2770 1278 2815 plura
1300 2769 1456 2811 locutus,
1483 2767 1581 2812 expi-

115 2818 218 2851 ravit.
268 2816 443 2852 Mortuum
456 2818 598 2864 itaque‚
631 2820 776 2854 humeris
799 2819 864 2853 suis
883 2817 1092 2864 impositum,
1121 2815 1166 2850 ad
1183 2820 1295 2850 castra
1311 2813 1491 2849 deferebat
1508 2814 1583 2848 fra-

114 2868 170 2898 ter
192 2874 283 2899 meus
312 2864 418 2909 Ajaxae
458 2876 525 2911 quo
547 2865 640 2910 viso,
678 2869 860 2911 erumpunt
891 2863 1051 2900 contiuuo
1075 2862 1240 2907 TroJani,
1280 2859 1420 2896 Achillis
1443 2871 1581 2907 corpus,
