1838 3230
309 157 407 207 520
592 170 597 179 ⁸
794 149 1254 197 ANNOTATIONES.

389 270 516 322 Peg.
545 270 612 311 91.
642 271 682 310 9
727 263 1034 320 ευχαράκτηρος]
1061 264 1256 320 χαρακτὴρ
1292 265 1360 305 hio
1399 266 1449 306 de
1474 266 1574 306 facie
1595 272 1746 308 tantum

311 325 391 364 dici
421 324 625 377 apparebit
650 323 809 361 cuilibet
837 323 968 360 locum
997 322 1103 361 hunc
1128 323 1379 374 sequentibus
1411 324 1639 363 conferenti.
1675 323 1748 363 lib.

311 382 413 419 enim
444 384 507 422 11.
547 380 599 418 M.
628 378 844 417 Antoninus
877 377 1023 417 Philos.
1059 376 1415 431 λεπτοχαράκτηρος
1442 379 1611 431 dicitur,
1658 392 1748 419 cum

310 437 422 488 prius
443 431 687 483 κονδοειδὴς,
717 440 865 483 curtus,
895 440 933 472 et
961 432 1105 484 λεπτὸς,
1135 435 1289 485 gracilis
1315 435 1443 473 (lictus
1459 435 1638 475 fuisset.
1667 435 1748 475 Ve-

311 506 397 532 rum
422 492 460 528 S.
490 490 599 528 Pauli
627 489 932 529 characterisma
961 490 1029 529 lib.
1056 494 1121 532 10.
1150 504 1191 542 p.
1213 491 1305 533 235.
1332 490 1483 541 datum,
1526 504 1608 530 rem
1633 496 1753 531 extra*

310 546 616 586 controversiam
645 546 770 597 ponit.
825 545 884 583 Ibi
916 546 1016 583 enim
1043 560 1130 583 cum
1161 546 1270 596 prius
1306 553 1389 584 tum
1417 547 1598 599 corporis
1625 547 1771 586 totius*

309 604 556 650 lineamenta,
583 607 667 639 tum
685 602 818 639 vultus
838 601 1089 652 capillitiique
1108 602 1231 651 color,
1259 601 1452 653 descripta
1469 603 1635 652 fuerant,
1663 608 1750 642 tan-

311 659 399 696 dem
424 657 534 695 addit
557 663 692 704 autor,
721 656 973 709 υπογελωντα
983 657 1092 723 ἔχων
1116 655 1186 697 τόν
1205 661 1447 710 χαρακτῆρα,
1476 657 1624 696 vultum
1653 657 1749 698 ridi.

311 712 478 752 bundam
496 713 531 750 ei
549 713 737 760 tiibuens,
767 708 1134 764 μακροχαρᾶκτηρος
1154 713 1297 763 itaque,
1315 712 1434 768 facie
1453 711 1582 766 longa,
1612 717 1749 756 λεπτο-

308 765 563 823 χαράκτηρος,
588 767 697 821 facie
713 769 826 818 tenui,
857 781 927 806 seu
946 781 1070 835 ρανυα
1090 769 1307 806 necessario
1327 768 1516 807 vertenda
1536 776 1639 809 sunt.

422 827 517 876 Peg.
545 827 612 866 92.
642 826 680 865 6.
713 820 985 876 μετωνόμασεν
1004 820 1122 864 αυτόν
1139 823 1426 890 Αλέξανδρον.]
1457 825 1552 864 [sac.
1570 825 1749 877 Porphy-

309 892 391 930 rog.
414 880 506 933 περὶ
533 894 615 920 των
641 882 875 931 καταλειφθ.
911 877 991 920 υπὸ
1021 882 1093 920 τοῦ
1135 876 1322 931 Ομήρου,
1371 893 1458 918 eum
1484 880 1752 920 Alexandrum

307 937 419 988 plius
437 936 585 974 dictum
606 935 723 973 fuisse
744 936 900 983 asserit3
939 935 1087 973 Deinde
1104 949 1199 975 vero
1219 934 1410 985 Paridem,
1439 932 1519 977 ἄπο
1535 951 1605 977 του
1624 936 1750 989 περιέ-

307 1007 387 1040 ναι,
418 992 527 1042 quod
543 992 664 1029 vitata
686 998 822 1040 morte,
853 1004 941 1030 cum
959 1005 985 1029 a
1001 998 1123 1031 matre
1140 991 1339 1043 expositus
1355 992 1505 1042 suisset,
1536 953 1695 1032 adhuce
1683 1005 1748 1031 su-

307 1053 458 1100 perstes
480 1053 592 1086 esset.

416 1105 519 1155 Pag.
549 1106 617 1146 92.
646 1106 684 1144 7
714 1098 876 1155 ὀνόματι
894 1098 1111 1170 Ἀμανδρᾳ]
1153 1103 1337 1157 Μανδρω
1362 1102 1480 1142 habet
1499 1101 1714 1149 Cedrenus

419 1157 524 1199 Ibid.
556 1155 733 1212 γεηπόνῳ
755 1158 855 1209 τινι]
885 1160 967 1197 Ser.
985 1156 1154 1214 γηπὸνω.

421 1217 609 1266 Pag.92.
642 1217 705 1255 10.
749 1212 918 1265 ποιήσας
948 1213 990 1254 δὲ
1018 1219 1143 1266 τεῖχος
1170 1214 1212 1254 ἐν
1240 1216 1298 1269 τῷ
1325 1209 1433 1269 αυτῷ
1454 1210 1585 1270 αγρῷ]
1613 1214 1747 1263 Vicus,

307 1282 421 1309 muro
450 1270 620 1318 cinctus,
649 1269 763 1307 Urbis
793 1270 923 1307 statim
953 1284 1091 1308 nomen
1123 1271 1268 1321 ubique
1298 1270 1405 1323 apud
1428 1255 1615 1309 Antorem
1642 1270 1749 1310 hunc

307 1325 382 1363 sibi
400 1325 537 1363 sumit:
567 1326 743 1376 exempla
763 1324 881 1376 hujus
896 1326 955 1363 lei
970 1326 1201 1374 frequentia.

421 1383 515 1432 Pag
546 1383 612 1423 93-
643 1384 681 1421 2.
711 1377 918 1432 λεγόμενον
937 1379 1101 1432 κεστόν]
1130 1377 1261 1420 κεστὸν
1280 1376 1434 1431 ἷμαντα,
1465 1381 1572 1432 apud
1590 1381 1747 1420 Homer.

309 1448 383 1474 acu
403 1435 562 1502 pictum
575 1436 723 1474 lorum:
754 1436 942 1486 significat
964 1436 1091 1484 etiam,
1124 1436 1329 1486 Cingulum
1347 1437 1544 1487 Nuptiale.
1576 1437 1747 1505 Hesych.

308 1489 461 1532 ,Κεστόν
492 1487 653 1543 ἷμαντα,
688 1488 753 1531 τὸν
788 1493 968 1532 ποικίλον
988 1489 1149 1544 ἱμάντα,
1179 1489 1207 1544 ἢ
1226 1495 1372 1543 χιτῶνα
1391 1493 1591 1542 ποικίλον,
1620 1489 1649 1545 ἢ
1678 1508 1748 1534 τον

308 1550 378 1599 τῆς
393 1547 660 1600 Αφροδίτης”
644 1562 797 1598 ιμαντα.

422 1605 513 1654 Pag.
543 1606 607 1645 93-
639 1606 676 1645 8
724 1603 765 1642 οἵ
787 1599 954 1651 α’δελφοὶ
982 1598 1104 1643 αὐτοῦ
1121 1598 1289 1655 παντες]
1329 1599 1466 1652 αυτοῦ,
1493 1602 1680 1642 hocloco
1697 1603 1749 1642 ad.

308 1657 491 1696 Paridem
507 1657 755 1696 referendum
773 1658 941 1699 videtur.

424 1716 516 1766 Pag.
546 1716 612 1755 93
645 1716 709 1755 16.
738 1729 932 1766 τοπαρχας
946 1716 1016 1762 τῆς
1037 1709 1238 1766 Ευρωπης
1257 1710 1406 1765 χώρας]
1436 1713 1644 1765 Europam,
1672 1727 1747 1766 pro

311 1768 494 1819 Graecia,
525 1775 564 1807 et
584 1769 797 1815 Helladem,
820 1783 893 1833 pro
919 1770 1198 1821 Peloponneso,
1229 1770 1338 1822 apud
1352 1769 1459 1808 hunc
1477 1776 1653 1808 nostrum
1670 1770 1751 1809 sre-

310 1831 476 1875 quenter
493 1825 590 1877 poni
610 1838 729 1876 supra
749 1826 979 1863 monuimus.

423 1883 516 1932 Pag.
546 1883 613 1933 94·
646 1884 681 1921 1
727 1884 777 1936 τῇ
808 1879 1109 1933 βασιλευομένη,
1148 1878 1237 1932 ἤτοι
1268 1879 1586 1936 τοπαρχουμὲνῃ]
1628 1884 1750 1921 Βασι-

309 1931 438 1974 λεύειν
469 1950 541 1986 per
574 1950 713 1974 vocem
746 1941 953 1988 τοπαοχεῖν
999 1937 1079 1973 feie
1111 1937 1267 1988 reponit
1304 1937 1430 1975 Autor
1465 1943 1618 1986 noster,
1657 1936 1748 1986 quia

306 2004 384 2042 Jam
407 1991 511 2039 olim,
540 1999 629 2029 ante
649 1992 858 2044 Scriptoris
872 1992 990 2043 hujus
1016 1998 1190 2041 aetatem,
1219 1996 1290 2032 τοῦ
1318 1991 1506 2045 βασιλέως
1533 1992 1744 2044 appellatio

309 2046 539 2097 imperatori
556 2048 729 2084 Romano
752 2048 1002 2099 appropriata
1023 2048 1169 2096 fuerat3
1197 2049 1319 2098 Reges
1337 2054 1464 2086 autem
1484 2048 1569 2096 alii,
1597 2047 1747 2085 Princi-

310 2114 459 2152 pesque
481 2115 626 2152 omneS‚
654 2110 829 2153 excepto,
860 2110 905 2141 ut
927 2110 1090 2155 apparet
1106 2117 1156 2141 ex
1177 2103 1312 2142 eodem
1327 2103 1580 2154 Luitprando,
1611 2104 1744 2152 Legat.

312 2157 362 2194 ad
382 2156 546 2208 Niceph.
567 2158 750 2206 Bulgaro,
781 2160 910 2212 ῤ’ῆγες,
939 2161 1062 2210 Reges
1081 2159 1276 2198 vocabulo
1293 2160 1451 2207 Latino,
1481 2165 1519 2196 et
1540 2173 1742 2209 τοπαρχαι,

311 2213 551 2251 dicebantur.
607 2212 822 2264 Imperatm
825 2228 864 2252 es
884 2215 998 2252 etiam
998 2189 1215 2252 0Romanos
1235 2214 1353 2265 hujus
1371 2214 1535 2251 nominis
1555 2213 1744 2252 honorem

312 2268 397 2305 aliis
414 2269 605 2306 invidisse
628 2275 791 2319 apparet
812 2283 861 2306 ex
877 2271 1141 2321 Lustprandu,
1172 2271 1238 2320 qui
1264 2271 1461 2320 Legation.
1479 2269 1528 2306 ad
1553 2269 1745 2319 Nicepho-

311 2337 397 2361 rum
420 2324 589 2362 Phoeam
609 2338 679 2374 pro
702 2323 856 2361 Othone
875 2325 925 2361 M.
946 2326 1061 2373 obiit3
1092 2326 1160 2363 ubi
1178 2325 1426 2375 Imperatoris
1444 2326 1602 2362 fratrem
1623 2324 1743 2362 habes

271 2387 277 2393 ”
310 2379 387 2416 hac
406 2379 454 2418 de
478 2393 520 2417 re
540 2393 629 2417 cum
649 2379 887 2430 Luitprando
910 2380 1144 2429 litigantem,
1174 2381 1305 2418 verbis
1323 2380 1440 2419 hisce.
1502 2378 1650 2418 Octavo
1668 2396 1749 2418 au—

311 2445 409 2484 iem,
438 2433 481 2472 id
502 2444 576 2482 esi,
607 2433 781 2473 Sabbmo
808 2435 933 2487 primo
959 2434 1103 2473 (liet-um
1127 2440 1378 2485 Pentecostes,
1409 2445 1496 2472 anie
1510 2434 1650 2486 fratris
1666 2438 1745 2488 ejus

312 2491 457 2528 Leonis
479 2489 748 2540 Cur-opalaiae,
768 2500 802 2527 et
819 2489 1053 2541 Logoilzeiae
1067 2492 1318 2542 praesentiam
1339 2506 1419 2528 sum
1442 2489 1648 2540 ‹leductus‚·
1679 2490 1745 2529 ubi

313 2544 359 2582 cle
392 2544 589 2597 Imperiali
627 2555 747 2584 vestro
784 2547 933 2583 nomine
960 2561 1099 2597 magna
1127 2561 1255 2583 sumus
1291 2548 1529 2584 contentione
1556 2543 1741 2598 fatigati.

312 2599 400 2650 Ipse
422 2602 518 2637 enim
537 2614 615 2647 vos,
645 2614 722 2638 non
742 2598 1023 2652 Imperatorem,
1020 2576 1096 2637 Did
1115 2611 1180 2650 est,
1209 2600 1378 2652 βασιλέα,
1411 2599 1647 2652 anaclingun,
1677 2599 1743 2639 sed

313 2654 360 2692 ob
395 2654 715 2706 indignationem,
746 2657 867 2708 ῥ’ῆγα,
902 2654 946 2693 id
973 2665 1046 2702 est,
1078 2654 1246 2707 Regem,
1276 2666 1407 2694 nostra
1437 2656 1612 2696 vocabat.
1673 2654 1743 2695 Cui

313 2725 398 2748 cum
425 2709 605 2759 dicerem,
635 2708 739 2763 quod
763 2712 1001 2764 signficant
1017 2708 1114 2748 idem
1146 2726 1242 2760 esse,
1260 2712 1445 2763 quamvis
1465 2710 1570 2764 quod
1589 2712 1740 2763 signifi*-

312 2775 376 2804 cat
403 2763 613 2818 clives-5sum
643 2769 723 2814 Me,
752 2768 821 2817 ait,
856 2781 930 2805 non
950 2766 1072 2820 pacis,
1100 2764 1165 2805 sed
1188 2768 1438 2806 contentionis
1461 2781 1578 2807 causa
1594 2768 1735 2808 venisse
