1838 3230
616 166 1078 214 PROLEGOMENA.
1501 188 1586 215 ην

104 285 304 328 honorem
328 290 540 338 evexerat,
569 299 592 325 a
625 283 782 326 Iustino
811 285 934 326 fuisse
963 284 1155 339 dejectos·
1172 290 1212 325 et
1241 282 1507 324 deturbatos?
1536 284 1589 324 Et

105 355 198 410 quis
211 368 301 397 ,uon
320 355 527 410 cognoscit·
549 353 624 396 sub
645 368 694 394 eo
714 354 822 409 solos
842 354 1027 394 floruisse
1051 350 1344 395 orthodoxos?
1371 353 1472 392 Sane
1497 353 1589 394 talis

105 429 147 464 ct
159 429 300 464 intus
314 436 431 465 error
449 423 519 464 hic
537 437 623 463 esse
636 422 824 473 videtur,
852 429 900 462 ut
927 437 949 461 a
969 429 1110 463 nostro
1130 423 1284 464 Autore
1310 421 1361 461 de
1383 435 1456 462 sua
1478 421 1586 462 eivi-

103 491 332 545 tctofnull'o'
356 492 477 533 modo
504 492 701 546 potuisset
725 491 940 542 committi,
977 492 1012 531 si
1039 492 1106 532 vel
1139 492 1227 546 ipse
1254 497 1352 531 tunc
1389 491 1586 544 temporis

102 561 299 618 vigissst,
333 561 402 601 vel
437 574 529 601 cum
562 560 651 600 aliis
682 560 797 611 ullis,
836 561 906 613 qui
938 560 1125 600 vixerant
1156 561 1227 605 illa
1256 566 1404 611 aetate,
1444 560 1588 600 fuisset

102 637 299 671 vorsatus.
355 629 495 682 Neque
510 629 587 668 alia
608 628 767 682 quidem
785 629 836 669 de
853 642 973 668 causa
991 627 1033 666 id
1051 627 1247 680 scriptum
1267 628 1386 669 fuisse
1406 629 1584 680 videtur,

103 702 225 753 quam
252 697 364 752 quod
382 698 738 752 Narrationemex
760 700 911 738 Autore
938 697 1073 749 aliquo
1090 695 1340 752 Eutychiana
1362 699 1587 751 exscripse-

101 769 189 820 ἠΰς·
205 767 276 822 qui
290 769 444 818 Autor,
471 778 563 807 cum
592 766 679 820 ipse
700 773 801 807 esset
819 765 1108 819 Eutychianus,
1137 779 1212 818 per
1234 764 1496 806 orthodoxos
1516 765 1588 807 de-

101 836 290 889 signarit,
319 850 400 877 nou
420 835 515 876 illos
550 834 620 889 qui
646 849 787 875 revera
818 836 983 875 suerunt
1007 831 1260 884 orthodoxi,
1291 834 1363 874 sed
1393 835 1464 888 qui
1484 835 1585 876 tales

100 911 193 946 suut
211 904 339 945 habiti
360 905 469 959 apud
487 903 781 961 Eutychianos,·
808 903 883 943 hos
901 915 1072 955 namque
1093 901 1142 941 ab
1155 899 1378 956 Euphrasio
1399 917 1585 957 persecu,-

100 973 251 1015 tionem
267 973 390 1016 fuisse
407 988 563 1028 pessos,
595 973 647 1013 ad
663 972 1052 1013 verisimilitudinem
1071 984 1188 1023 quam
1206 969 1391 1023 proxime
1417 972 1584 1011 accedit.

188 1077 189 1080 ,
212 1043 363 1083 xvm.
421 1041 545 1091 Quod
574 1041 616 1080 in
650 1042 815 1082 caeteris
846 1041 932 1081 istis
965 1040 1066 1080 locis
1093 1046 1175 1079 tam
1198 1038 1406 1091 insigniter
1435 1055 1458 1079 a
1487 1054 1584 1081 vero

99 1110 312 1152 deflexerit
329 1117 467 1151 noster
484 1110 822 1164 chronographus
834 1141 844 1160 ,
874 1109 920 1148 id
937 1109 979 1155 i3n
997 1122 1116 1148 causa
1136 1108 1259 1147 fuisse
1279 1108 1464 1159 videtur,
1495 1124 1587 1162 par.

98 1179 173 1220 tim
191 1180 303 1233 quod
323 1179 551 1233 Scriptores
570 1179 697 1218 malos
722 1185 843 1233 atque
868 1178 1113 1218 recentiores
1143 1177 1194 1217 sit
1223 1183 1406 1224 secutus,
1437 1179 1586 1232 partim

100 1247 210 1301 quod
265 1248 352 1302 ipse
392 1247 655 1300 negligentius
699 1254 740 1288 et
779 1247 1022 1288 incuriosius
1066 1246 1391 1299 transcripserit,
1436 1248 1587 1300 partim

99 1316 272 1371 denique
298 1316 410 1370 quod
439 1316 683 1371 conjecturis
723 1317 805 1356 suis
835 1323 876 1357 et
903 1306 1240 1356 hariolationibus
1267 1315 1310 1354 in
1337 1316 1587 1369 temporibus

97 1398 233 1426 rerum
255 1391 296 1426 e't
312 1391 515 1438 gestorum
533 1385 754 1426 statuendis
775 1400 873 1426 usus
895 1386 958 1426 sit.
1017 1386 1209 1435 Secutum
1239 1397 1329 1423 eum
1359 1383 1484 1424 fuisse
1504 1384 1589 1424 Au..

97 1459 206 1494 tores
228 1454 328 1497 alios
345 1468 425 1495 uon
447 1454 578 1494 minus
599 1456 641 1494 in
659 1455 780 1495 rebus
799 1455 873 1495 sub
899 1454 1068 1508 imperio
1087 1451 1307 1493 Iustiniani
1322 1452 1443 1504 gestis
1468 1466 1586 1492 enar-

97 1521 235 1578 randis
255 1535 374 1576 quam
397 1523 439 1564 in
455 1524 577 1577 gestis
604 1524 773 1564 aliorum
799 1524 1070 1574 celebrandis,
1100 1530 1147 1563 ut
1168 1521 1380 1562 conficitur
1402 1535 1452 1560 ex
1477 1535 1588 1561 erro-

96 1590 210 1630 ribus
227 1591 396 1640 notatis,
426 1594 485 1632 sic
506 1600 546 1634 et
563 1593 651 1633 aliis
671 1593 888 1633 luculentis
907 1593 1064 1632 indiciis
1083 1591 1271 1631 redditur
1294 1589 1587 1633 confirmatum.

97 1659 212 1699 Unde
231 1660 347 1700 aliter
368 1660 518 1702 factum
546 1669 626 1712 est,
659 1663 767 1715 quod
801 1678 823 1702 a
841 1662 1043 1702 Mensibus
1067 1660 1188 1700 unius
1213 1658 1327 1710 anni,
1358 1658 1410 1696 ad
1430 1673 1604 1699 menses’

98 1727 200 1768 alius
221 1729 371 1782 absque
401 1730 484 1769 ulla
514 1743 709 1770 annorum
740 1730 984 1770 diversitatis
1006 1728 1293 1780 significatione
1318 1727 1587 1779 transgredia-

96 1801 186 1846 tur,
213 1795 291 1836 nisi
319 1797 430 1850 quod
457 1812 509 1837 ex
542 1799 627 1838 aliis
652 1798 864 1838 Historicis
897 1813 988 1838 suas
1015 1796 1271 1836 Narrationes
1298 1796 1583 1848 transcribens,

94 1864 330 1905 intermedia
360 1866 579 1919 quaedam,
620 1881 722 1919 quae
761 1881 840 1906 uon
877 1867 1041 1907 fuerunt
1081 1864 1324 1910 omittenda,
1363 1864 1583 1904 oscitanter

96 1933 304 1973 omiserit?
341 1934 406 1973 Sic
430 1940 526 1988 post
548 1936 788 1975 mentionem
817 1935 1054 1991 Septembris
1082 1931 1297 1985 Mensis-1)
1329 1932 1434 1984 (sub
1467 1934 1583 1972 Lam-

93 2001 205 2054 padii
236 2007 275 2041 et
303 2002 458 2043 Orestis
486 2005 722 2055 consulatu)
756 2005 804 2044 ad
834 2000 1084 2058 Aprilem2)
1116 2001 1402 2055 (sequentem)
1441 2003 1581 2041 alium-

95 2083 173 2123 que
206 2069 466 2125 Septembrem
495 2075 755 2127 progreditur
772 2072 818 2128 ³)
859 2074 943 2112 sine
966 2073 1048 2112 ulla
1075 2071 1225 2111 diversi
1249 2071 1341 2110 anni
1362 2072 1578 2113 mentione.

93 2137 210 2178 Unde
235 2139 352 2179 aliter
380 2141 551 2194 contigit
581 2142 691 2195 quod
717 2143 758 2182 in
788 2143 864 2182 alio
891 2138 1048 2197 10004)
1089 2155 1154 2180 res
1184 2146 1313 2193 gestas
1343 2138 1582 2194 Septembris

93 2207 240 2246 mensis
266 2214 356 2247 ante
380 2216 490 2261 gesta
510 2209 688 2265 Augusti
718 2211 896 2266 ejusdem
926 2211 1018 2249 anni
1054 2210 1096 2249 in
1128 2210 1265 2249 literas
1298 2209 1508 2260 retulerit,
1542 2215 1582 2249 et

93 2288 268 2315 mensem
294 2275 554 2331 Septembrem
586 2287 677 2319 ante
695 2281 921 2335 Augustum
947 2285 1094 2333 ponat3
1123 2279 1252 2328 unde,
1281 2277 1468 2328 inquam,
1499 2277 1579 2317 hoc

93 2346 228 2397 potuit
247 2346 502 2398 contingere,
533 2347 610 2387 nisi
644 2349 755 2401 quod
783 2363 832 2389 ex
860 2348 1079 2388 Autoribus
1114 2348 1284 2387 diversis
1306 2346 1400 2385 dum
1423 2360 1493 2385 sua
1515 2345 1582 2385 ‹le-

93 2413 294 2466 sumebat,
326 2415 457 2468 primo
476 2417 601 2456 verba
621 2418 730 2457 illius
752 2417 935 2471 posuerit
964 2417 1033 2470 qui
1052 2415 1288 2471 Septembris
1306 2417 1450 2454 mensis
1473 2422 1581 2466 gesta

93 2481 340 2537 celebrarat,
371 2490 412 2524 et
429 2491 570 2539 postea
598 2485 721 2527 verba
742 2487 926 2538 alterius,
959 2486 1027 2540 qui
1047 2485 1097 2526 de
1117 2486 1214 2526 actis
1237 2484 1382 2525 mensis
1398 2482 1582 2537 Augusti

139 2660 182 2706 ¹)
204 2673 243 2708 P·-
263 2665 332 2701 190

127 2719 183 2764 .²)
207 2731 241 2766 p.
266 2722 347 2758 202,

139 2778 181 2823 8)
205 2778 302 2825 Lege
324 2792 360 2827 ρι
388 2782 466 2818 188.
490 2781 535 2817 ud
557 2783 638 2819 221.
923 2827 925 2829 ‚
974 2827 977 2829 ¹

137 2836 184 2881 ⁴)
208 2848 244 2883 p.
268 2839 349 2875 230.
373 2837 419 2872 ad
442 2849 565 2875 annum
587 2839 774 2876 Justinniai
799 2841 856 2877 26.
