1838 3230
290 160 390 207 478
679 134 977 204 'IOANle
1005 160 1344 205 MALALAE

285 272 481 330 χώρησαν
498 275 550 317 τὰ
575 271 787 333 ἀμφότερα
814 275 1013 330 ἒξπέδιτα,
1047 275 1257 332 Ῥωμαίων
1288 295 1331 322 τε
1351 279 1417 322 καὶ
1435 282 1634 334 Περσῶν,
1669 285 1744 325 τοῦ

235 346 267 382 D
293 344 468 398 πολέμου
480 341 752 398 κατασχόντος
764 341 799 385 λ’
811 345 876 386 καὶ
896 344 965 387 ἵνα
977 345 1161 388 ἐνιαυτὸν
1176 346 1246 404 ἀφ’
1270 341 1319 389 οὗ
1338 343 1390 402 ἦν
1401 346 1588 391 ἀνελθών
1597 349 1640 392 ἔν
1659 353 1747 399 τοῖς

283 411 521 467 Ῥωμαϊκοῖς
550 409 732 466 Κωάὸης
763 409 784 454 ὅ
815 415 990 469 Περσῶν
1026 415 1217 467 βασιλεὺς
1250 419 1464 469 πολεμῶν,
1513 414 1570 466 ὡς
1598 416 1744 475 προγέ-

287 496 465 537 γραπται
485 480 548 521 ἒπὶ
568 484 642 534 τῆς
658 481 868 532 βασιλείας
883 481 1164 535 Ἀναστασίου,
1200 484 1266 525 καὶ
1284 483 1358 538 τὴν
1376 480 1614 539 παράληψιν
1632 484 1746 539 Ἀμί-

289 551 388 603 δης,
426 545 481 596 (ὃς
509 548 820 604 προγέγραπται,
853 550 918 590 καὶ
948 549 1022 605 τὴν
1044 550 1146 606 πρὸς
1170 549 1394 605 Ῥωμαίους
1413 549 1778 596 ἄποκατᾶστασιν5

288 620 362 670 τῆς
386 614 512 670 αὐτῆς
530 614 683 665 πόλεως
697 616 862 671 Ἀμίὸης
880 620 947 659 καὶ
967 617 1063 667 τούς
1080 619 1269 676 μερικούς
1287 619 1488 674 πολέμους
1503 623 1586 663 τῶν
1603 624 1747 678 Σαρα-

290 687 423 739 κηνῶν
444 683 687 740 ἔπιδρομῶν.

386 751 454 793 Ἐν
480 752 590 810 αὐτῷ
615 753 659 794 δὲ
684 756 742 810 τῷ
757 749 893 811 χρόνῳ
923 752 1055 808 γέγονε
1077 753 1241 808 σεισμὸς
1265 755 1307 797 ἒν
1333 755 1546 814 Βυζαντίῳ
1574 753 1748 813 ἑσπέρας

290 820 490 874 βαθείας,
527 819 631 863 ὥστε
652 824 789 863 πᾶσαν
807 821 882 876 τὴν
901 819 1018 863 πόλιν
1036 827 1292 878 συναχθῆναι
1313 824 1354 866 ἓν
1376 827 1433 881 τῷ
1450 823 1649 882 λεγομένῳ
1666 822 1747 882 φό-

292 905 353 946 ρῳ
375 888 689 931 Κωνσταντίνου
700 921 715 942 ,
753 889 795 931 ἐν
824 893 953 939 λιταῖς
977 891 1044 931 καὶ
1069 888 1228 946 δεήσεσι
1262 892 1330 933 καὶ
1357 890 1592 949 ἀγρυπνίαις
1617 907 1745 935 συνα-
1759 901 1803 936 10

290 954 466 1012 γόμενοι.

391 1024 458 1067 Ἐν
479 1023 623 1075 αὐταῖς
642 1025 687 1067 δὲ
706 1031 797 1075 ταῖς
815 1023 986 1082 ἡμέραις
1006 1020 1171 1076 δἀὐτὸς
1187 1026 1379 1079 βασιλεὺς
1402 1026 1688 1078 Ἰουστινιανὸς
1706 1027 1749 1071 ἓν

244 1090 276 1124 Ε
301 1089 451 1150 ἑκάστῃ
479 1091 591 1135 πόλει
621 1093 852 1148 κατέπεμψε
883 1095 1003 1144 θείας
1037 1092 1277 1151 προστάξεις
1318 1092 1579 1151 περιεχούσας
1603 1093 1747 1145 οὕτως.

284 1159 673 1220 ’””Ηδικτονιπεριέχον
686 1163 773 1217 περὶ
791 1166 864 1217 τῆς
878 1160 1108 1217 ὄρθοὸόξου
1122 1164 1292 1212 πίστεως
1301 1165 1367 1205 καὶ
1387 1162 1492 1205 κατὰ
1503 1162 1664 1208 ἀσεβῶν
1682 1164 1749 1207 αἶ-

295 1233 473 1285 ρετικιῦν.
521 1230 586 1271 καὶ
609 1230 812 1284 προετέθη
833 1231 874 1272 ἐν
895 1228 1044 1287 ἑκάστῃ
1065 1229 1177 1274 πόλει
1199 1232 1240 1273 ἒν
1261 1238 1352 1281 ταῖς
1373 1231 1611 1286 ἐκκλησίαις.
1760 1234 1805 1270 15

395 1298 482 1339 Καὶ
506 1297 591 1351 μετ’
626 1297 674 1339 οὐ
703 1297 808 1340 πολὺ
838 1298 1003 1352 σεισμὸς
1023 1298 1172 1355 ἐγένετο
1193 1299 1371 1356 φοβερὸς
1388 1300 1429 1342 ἐν
1448 1298 1668 1360 Ἀντιοχείᾳ
1697 1303 1749 1357 τῇ

292 1361 447 1421 μεγάλῃ
482 1363 683 1420 ἀβλαβής.

390 1431 459 1475 Ἓν
478 1432 591 1490 αὐτῷ
608 1433 653 1475 δὲ
675 1436 734 1490 τῷ
753 1430 888 1491 χρόνῳ
907 1432 1048 1491 ἕῤῥιψε
1069 1434 1136 1476 καὶ
1155 1432 1229 1488 τὴν
1255 1433 1395 1490 τρίτην
1411 1430 1606 1476 ὑπατείαν
1628 1431 1651 1476 ὅ
1673 1433 1751 1476 αὗ-

170 1502 202 1537 V
223 1502 269 1539 77
292 1499 364 1550 τός
391 1498 608 1554 βασιλεύς,
646 1499 1000 1556 ἀνακαλεσάμενος
1038 1501 1135 1551 τοὺς
1165 1502 1400 1554 πατρικίους
1436 1499 1654 1558 Ὀλύβριον
1683 1503 1751 1544 καὶ

291 1559 479 1625 Πρόβονς
501 1567 623 1618 ὄντας
642 1569 684 1611 ἐν
711 1570 861 1629 ἐξορία,
899 1569 1085 1620 δεδωκώς
1109 1569 1248 1619 αὐτοῖς
1277 1567 1412 1612 πάντα
1441 1568 1493 1612 τὰ
1513 1567 1807 1627 ὗπάρχονταὲο

294 1654 445 1680 αυτων.

393 1705 654 1755 Ἰνδικτιῶνος
674 1701 728 1759 ιβ’
762 1701 1010 1762 παρελήφθη
1043 1702 1064 1748 ὅ
1086 1704 1162 1762 ῥὴξ
1185 1704 1378 1763 Ἀφρικῆς
1404 1704 1508 1759 μετὰ
1533 1707 1608 1760 τῆς
1622 1702 1751 1747 αὖτοῦ

385 1813 419 1849 3.
443 1811 732 1859 προγέγραπται]
762 1824 797 1859 p·
820 1811 876 1849 41.

297 1906 432 1938 vetusto
456 1915 571 1946 more,
594 1904 736 1939 Fratres
757 1916 793 1939 se
815 1903 959 1939 invicem
982 1903 1018 1938 in
1040 1903 1150 1949 pactis
1174 1903 1403 1950 appellabant,
1427 1913 1535 1948 aeque
1554 1901 1695 1948 insuper
1715 1902 1753 1937 in

298 1961 334 1983 se
358 1950 510 1994 utrisque
532 1950 793 1995 recipientibus,
828 1949 935 1984 sicubi
962 1950 1078 1995 copiis
1102 1951 1145 1984 ad
1169 1951 1310 1991 bellum,
1345 1949 1401 1983 vel
1425 1947 1574 1994 pecuniis
1596 1947 1754 1982 alterutri

297 2006 383 2038 opus
406 1995 525 2036 fuerit,
551 1995 641 2030 ultro
666 1995 698 2029 ei
721 1995 1012 2041 suppeditaturum
1036 1996 1189 2031 alterum.
1236 1995 1340 2030 Hisce
1362 1999 1474 2028 autem
1496 1993 1675 2039 expeditis,
1698 2005 1754 2028 re-

299 2044 470 2072 cesserunt
493 2052 512 2074 a
536 2053 571 2074 se
593 2041 737 2075 invicem
769 2040 942 2086 utriusque
963 2041 1101 2086 Imperii
1124 2041 1311 2082 exercitus,
1346 2039 1429 2074 totis
1448 2040 1519 2084 jam
1542 2050 1636 2074 xxxr.
1657 2039 1754 2073 annis

298 2084 382 2117 beni
408 2085 506 2128 hujus
530 2086 709 2128 exhaustis,
732 2086 813 2120 inde
836 2087 880 2120 ab
903 2087 1071 2121 Anastasii
1093 2086 1308 2132 temporibus,
1332 2097 1398 2130 quo
1420 2089 1599 2130 regnante,
1622 2084 1674 2119 uti
1695 2095 1753 2117 su·-

298 2141 364 2183 pra
386 2129 533 2172 dictum,
569 2131 703 2166 Coades
729 2142 790 2165 rex
813 2132 992 2166 Persarum
1025 2144 1079 2166 res
1107 2133 1271 2166 Romanas
1295 2130 1423 2165 adoriri
1445 2129 1617 2174 coeperim
1652 2134 1754 2174 capta

297 2174 434 2209 mterim
458 2186 478 2208 a
500 2175 612 2210 Persis
636 2181 670 2210 et
689 2177 847 2211 Romanis
870 2177 990 2212 iterum
1013 2178 1184 2220 restituta,
1207 2176 1346 2219 Amida3
1370 2175 1550 2210 Saracenis
1571 2174 1674 2209 etiam
1696 2174 1754 2208 hic

297 2219 367 2254 illic
415 2231 454 2254 er
475 2220 655 2267 Imperium
684 2222 824 2256 subinde
848 2222 1089 2266 grassantibus.

427 2265 524 2300 odem
546 2271 699 2312 tempore
722 2272 821 2301 nocte
842 2269 1056 2314 intempesta,
1080 2268 1165 2304 adeo
1190 2266 1364 2302 intremuit
1382 2263 1595 2310 Byzantium,
1617 2266 1658 2299 ut
1679 2263 1755 2298 uni-

299 2321 398 2344 versa
430 2311 550 2346 civitas
574 2312 788 2347 Constantini
809 2313 934 2348 Forum
958 2317 1197 2356 concurreret,
1239 2310 1539 2358 supplicationibus
1561 2316 1598 2344 et
1620 2308 1757 2355 Vigiliis

298 2361 431 2390 noctem
454 2356 578 2391 ibidem
601 2361 760 2393 terentes.

391 2401 512 2436 Iisdem
535 2402 738 2449 temporibus
759 2402 963 2439 Justinianus
986 2405 1177 2451 Imperator
1197 2401 1460 2437 Constitutiones
1481 2411 1595 2435 sacras
1627 2399 1755 2446 ubique

299 2457 364 2492 per
393 2447 574 2492 Imperium
607 2448 734 2490 emisit,
776 2448 930 2482 Titulum
961 2450 1048 2484 hunc
1071 2451 1230 2485 ferentes.
1285 2448 1444 2482 Edictum
1476 2449 1529 2480 Dc
1555 2447 1754 2481 Orthodosm

301 2493 407 2534 Fide,
432 2493 593 2527 adversus
625 2494 732 2538 impia
763 2494 1021 2529 Haereticorum
1053 2498 1242 2541 Dogmata.
1295 2492 1397 2534 Quod
1429 2491 1562 2538 quidem
1593 2491 1754 2527 Edictum

302 2537 509 2581 singularum
531 2539 663 2573 urbium
684 2539 721 2574 in
742 2539 903 2573 Ecclesiis
927 2541 1194 2585 appendebatur.

392 2583 474 2618 Non
505 2584 610 2618 multo
645 2589 756 2619 autem
778 2588 858 2630 post
887 2585 1048 2630 temporis
1079 2589 1195 2620 terrae
1222 2586 1332 2619 motus
1354 2582 1564 2619 Antiochiam
1594 2582 1754 2627 Magnam

303 2629 506 2670 tremendus,
529 2629 588 2663 sed
611 2630 770 2664 innocens
791 2629 927 2664 invasit.

394 2673 527 2708 Eodem
550 2674 653 2709 etiam
675 2679 830 2720 tempore
856 2675 1043 2729 Imperator
1072 2674 1168 2709 tertii
1191 2674 1392 2709 Consulatus
1417 2673 1468 2708 sui
1491 2672 1698 2717 congiarium
1719 2670 1754 2705 in

302 2718 428 2763 populo
453 2721 658 2764 spargebam
698 2721 842 2765 Olybrio
872 2726 974 2755 etlam
1003 2721 1186 2766 Proboque
1216 2719 1374 2755 Patriciis
1407 2720 1451 2754 ab
1484 2718 1587 2753 exilio
1611 2727 1755 2752 revoca-

303 2762 359 2805 tis,
383 2764 545 2799 restitutis
569 2765 671 2801 etiam
694 2766 911 2801 facultatibus
934 2777 1049 2801 eorum
1071 2766 1233 2800 omnibus.
1310 2798 1313 2802 .

398 2809 588 2846 Indictione
610 2822 672 2845 xn-
718 2811 901 2847 Belisarius
930 2812 1058 2857 Regem
1080 2811 1217 2848 Africae
1242 2814 1279 2846 et
1299 2810 1474 2857 reginam,
1514 2808 1605 2844 bello
1626 2809 1756 2853 captos,
