1838 3230
269 168 335 217 96
666 168 962 215 IOANNIS
990 172 1321 218 MALALAE

214 297 247 332 1)
271 282 420 339 ἔχουσα
438 283 645 342 ὑπόληψιν
672 286 766 343 παρ’
791 287 903 346 αὐτῷ
933 288 1146 348 σώφρονος
1174 290 1294 337 πάνυ.
1365 296 1432 338 καὶ
1466 295 1622 348 εὐθέως
1643 314 1720 343 κει-

265 351 497 404 ταπλεύσας
524 353 774 412 ὑπέστρεψεν
796 357 837 398 ἐν
859 361 910 414 τῇ
931 356 1093 402 Ἑλλάδι
1121 362 1163 403 ἐν
1190 359 1302 404 πόλει
1321 361 1524 423 Σπάρτῳ,
1561 383 1719 414 παντα-

260 426 339 476 χοῦ
361 421 528 476 πέμπων
547 426 602 473 εἷς
621 421 866 479 ἀναζήτησιν
885 431 959 483 τῆς
973 425 1133 485 Ἑλένης
1154 431 1219 472 καὶ
1245 435 1318 474 τοῦ
1340 430 1531 489 Πάριδος
1546 435 1614 477 καὶ
1635 438 1719 479 τῶν

261 490 346 543 μετ’
368 490 506 546 αὐτῆς.
576 493 643 534 καὶ
666 491 741 546 οὐχ
767 486 895 550 εὗρον.

364 604 490 647 Μετὰ
521 605 565 647 δὲ
593 603 741 661 χρόνον
773 602 903 662 ἦλθεν
930 609 972 652 ἐκ
994 613 1067 665 τῆς
1084 609 1297 668 Αἰγύπτου
1319 611 1339 656 ὅ
1358 611 1495 671 Πάρις
1519 612 1622 670 ἔχων
1639 614 1750 671 τὴν5

256 669 418 727 Ἑλένην
439 674 507 715 καὶ
536 672 589 715 τὰ
602 673 797 730 χρήματα
817 679 883 719 καὶ
905 678 976 720 τὸν
998 683 1173 722 πλοῦτον
1203 680 1297 724 ὅλον
1317 682 1388 724 τὸν
1413 682 1550 738 αὐτῆς.
1623 680 1645 726 ὃ
1672 684 1719 726 δὲ

260 741 455 795 Πριάμος
476 743 542 783 καὶ
570 739 596 797 ἦ
614 740 765 798 Ἑκάβη
798 742 1019 802 ἑωρακότες
1039 748 1112 802 τὴν
1142 747 1302 804 Ἑλένην
1321 750 1423 804 μετὰ
1441 749 1630 806 Πάριδος
1650 753 1718 795 καὶ

261 806 325 850 ὅτι
346 813 532 852 τοιοῦτον
561 808 638 864 εἶχε
666 810 815 862 κάλλος
831 812 1113 867 θαυμάζοντες
1122 849 1134 868 ,
1173 816 1452 861 ἐπυνθάνοντο
1472 818 1566 875 παρ’
1589 819 1718 876 αὐτῆς

259 877 322 925 τίς
345 876 404 932 εἴη
424 875 450 932 ’ἢ
474 879 594 921 τίνων
612 878 820 935 ἀπόγονος.
892 880 918 937 ἡ
940 883 985 924 δὲ
1009 881 1144 938 Ἑλένη
1167 883 1243 939 ἔφη
1264 884 1529 941 Ἀλεξάνδρου
1553 891 1626 930 τοῦ
1648 889 1716 931 καὶ

116 953 149 986 Ο
174 954 238 989 121
264 942 453 1000 Πάριδός
488 948 567 1000 εἶμι
598 950 799 1006 συγγενίς,
830 951 895 991 καὶ
923 954 1079 1004 μᾶλλον
1114 950 1327 1008 προσήκειν
1357 952 1538 1012 Πριάμῳ
1566 956 1632 997 καὶ
1663 960 1714 1013 τῇ
1726 963 1773 998 10

259 1010 434 1070 Ἑκάβῃ,
472 1017 538 1056 καὶ
559 1015 606 1057 οὗ
625 1021 682 1074 τῷ
702 1018 981 1068 Πλεισθένους
1001 1020 1076 1077 υἱῷ
1095 1014 1294 1079 Μενελάῳ
1308 1035 1318 1045 ·
1354 1024 1525 1064 Δαναοῦ
1542 1021 1620 1079 γὰρ
1637 1022 1715 1080 ἔφη

212 1091 245 1125 Ε
270 1083 335 1123 καὶ
366 1080 583 1139 Ἀγήνορος
616 1089 698 1127 τῶν
730 1088 927 1130 Σιδονίων
963 1089 1028 1129 καὶ
1069 1088 1112 1130 ἔκ
1143 1089 1280 1144 γένους
1316 1094 1389 1132 τοῦ
1419 1088 1614 1146 Πριάμου
1649 1093 1718 1134 καὶ

264 1149 391 1204 αὐτὴν
421 1148 612 1206 ὑπάρχειν
644 1154 687 1195 ἐκ
719 1158 792 1196 τοῦ
821 1155 960 1209 γένους
993 1155 1132 1200 αὐτοῦ.
1203 1158 1246 1199 ἐκ
1271 1156 1508 1213 Πλησιόνης
1535 1158 1612 1215 γὰρ
1642 1163 1716 1214 τῆς

263 1219 437 1262 Δαναοῦ
465 1220 672 1276 θυγατρὸς
699 1221 869 1277 ἐγενήθη
898 1222 918 1266 ὅ
941 1223 1090 1274 Ἄτλας
1119 1226 1185 1267 καὶ
1219 1223 1244 1280 ἦ
1271 1225 1496 1282 Ἠλέκτρα,
1544 1227 1587 1278 ἐξ
1613 1220 1662 1281 ἧς
1692 1224 1714 1270 ὅ

262 1285 486 1343 Δάρδανος
515 1287 726 1341 βασιλεύς,
766 1291 808 1340 ἒξ
837 1285 885 1333 οὗ
910 1290 930 1334 ὃ
963 1297 1108 1347 Τρῶος
1137 1295 1202 1335 καὶ
1223 1294 1261 1336 οἳ
1281 1298 1354 1336 τοῦ
1381 1294 1500 1337 Ἰλίου
1521 1299 1711 1348 βασιλεῖς.
1727 1299 1770 1335 15

263 1357 330 1396 καὶ
352 1355 419 1397 διὰ
450 1357 642 1410 Φοίνικα,
681 1358 751 1400 τὸν
775 1357 989 1416 Ἀγήνορος
1004 1359 1093 1402 υἱόν
1102 1394 1114 1413 ,
1154 1355 1309 1411 οὗτινος
1331 1363 1480 1417 ἐγένετο
1517 1360 1718 1418 ἀπόγονος

260 1420 403 1473 Δύνας
432 1423 645 1478 βασιλεύς,
687 1424 707 1468 ὃ
745 1424 918 1482 Ἑκάβης
937 1426 1094 1483 πατήρ”
1132 1430 1174 1471 ἐκ
1196 1434 1268 1471 τοῦ
1295 1430 1432 1485 γένους
1462 1431 1507 1473 δὲ
1526 1435 1599 1473 τοῦ
1624 1429 1716 1474 Δύ-

261 1509 314 1533 να
342 1493 407 1533 καὶ
439 1490 465 1547 ἦ
494 1491 626 1548 Λήδα
658 1492 786 1556 ξ’λεγεν
815 1493 925 1538 εἶναι.
995 1501 1125 1538 ταῦτα
1159 1498 1203 1539 δὲ
1235 1499 1406 1540 εἰποῦσα
1438 1496 1624 1554 ἧἙλένη
1656 1503 1716 1556 τῷ

138 1567 168 1600 V
192 1565 238 1603 40
261 1557 440 1618 Πριάμῳ
469 1562 536 1602 καὶ
570 1566 620 1618 τῇ
646 1559 797 1619 Ἑκάβῃ
818 1563 965 1620 ᾔτησεν
994 1564 1143 1614 αὐτοὺς
1176 1563 1393 1621 ὅρκώσασα
1411 1566 1469 1621 μὴ
1500 1568 1717 1623 προδοθῆ-

260 1646 351 1682 ναι,
389 1630 457 1670 καὶ
477 1628 651 1685 λέγουσα
679 1633 806 1686 μηδὲν
824 1636 904 1675 τῶν
931 1631 1148 1676 Μενελάου
1177 1634 1378 1691 εἰληφέναι
1387 1667 1400 1687 ,
1437 1634 1540 1678 ἀλλὰ
1559 1634 1610 1677 τὰ
1627 1634 1711 1677 ἴδια
1723 1638 1772 1674 20

352 1761 408 1795 10.
442 1759 536 1805 εἰμὶ]
563 1758 658 1798 εἶναι
680 1761 867 1797 cedrenus.
959 1764 1041 1800 ibid.
1065 1763 1238 1809 συγγενὴς
1261 1765 1328 1799 Ox.
1423 1765 1477 1800 13.
1509 1762 1717 1811 Πλησιόνης

353 1805 548 1848 cedrenus,
572 1807 788 1853 Πλησιώνης
811 1810 880 1843 Ox.
958 1810 1150 1855 Utrumque
1172 1811 1268 1845 nihili
1290 1814 1362 1845 est:
1393 1810 1535 1846 Pleione
1558 1811 1624 1846 fuit
1647 1814 1713 1846 At-

352 1852 454 1887 lantis
476 1863 542 1886 non
566 1859 674 1889 mater
696 1855 756 1889 sed
780 1855 915 1891 coniux,
972 1855 1074 1891 conf.
1095 1857 1241 1892 Bentlei.
1267 1869 1302 1903 p.
1326 1858 1380 1893 73.

263 1965 321 2011 qui
345 1966 388 2000 de
410 1967 498 2003 illius
521 1969 678 2003 castitate
700 1980 791 2013 spem
813 1980 893 2003 sane
920 1969 1078 2014 optimam
1101 1969 1165 2004 sibi
1187 1972 1401 2015 conceperat.
1449 1968 1575 2004 Statim
1595 1969 1713 2014 itaque

262 2024 382 2047 navem
398 2015 630 2056 conscendens,
653 2014 688 2047 in
708 2015 892 2050 Graeciam
910 2015 1114 2057 revertitur3
1139 2019 1175 2050 et
1191 2016 1351 2061 Spartam
1369 2013 1523 2056 veniens,
1545 2014 1580 2048 in
1601 2026 1715 2049 omnes

261 2064 379 2102 partes
402 2059 561 2101 dimittit,
597 2059 655 2104 qui
678 2061 860 2103 Helenam,
899 2073 974 2096 cum
1003 2061 1149 2104 Paride,
1183 2061 1393 2106 caeterisque
1423 2060 1618 2106 requirant,
1653 2059 1713 2095 sed

262 2114 424 2150 nusquam
444 2104 656 2139 invenerunt.

353 2195 437 2229 Post
459 2195 594 2240 aliquod
625 2207 708 2230 vero
732 2196 893 2241 temporis
914 2197 1078 2243 spatium,
1116 2197 1213 2232 Paris
1236 2208 1279 2231 ex
1303 2197 1461 2241 Aegypto
1483 2195 1618 2231 rediens
1640 2196 1715 2230 He·—

263 2240 375 2275 lenam
397 2253 470 2275 cum
494 2240 661 2286 pecuniis,
698 2241 892 2286 divitiisque
916 2245 986 2287 ejus
1010 2244 1179 2284 omnibus,
1213 2254 1322 2277 secum
1353 2242 1505 2276 advexit.
1563 2242 1715 2277 Priamus

263 2293 377 2321 autem
402 2291 438 2320 et
453 2287 613 2327 Hecuba,
636 2286 696 2322 ubi
718 2287 880 2321 Helenam
905 2300 977 2323 cum
999 2290 1126 2324 Paride
1149 2292 1418 2333 conspexerunt,
1443 2287 1614 2333 egregiam
1637 2288 1714 2321 foe·-

263 2332 374 2366 minae
396 2333 537 2366 formam
559 2332 688 2373 mirati3
725 2344 888 2376 quaenam
913 2338 1019 2375 esset,
1044 2340 1080 2369 et
1102 2347 1122 2369 a
1146 2334 1265 2379 quibus
1289 2337 1364 2367 orta
1387 2334 1606 2378 parentibus,
1640 2343 1713 2366 eam

264 2377 428 2412 sciscitati
451 2382 545 2419 sunt3
580 2378 756 2422 respondit
778 2379 927 2419 Helena,
961 2392 997 2414 se
1017 2380 1224 2421 Alexandri,
1247 2379 1318 2413 sive
1343 2378 1495 2419 Paridis,
1531 2381 1714 2421 cognatam

265 2435 356 2464 esse3
388 2423 560 2468 magisque
585 2424 628 2457 ad
645 2423 810 2457 Priamum
835 2428 871 2458 et
894 2425 1086 2467 Hecubam,
1110 2437 1208 2471 quam
1232 2425 1275 2458 ad
1299 2423 1507 2464 Menelaum,
1534 2422 1714 2456 Plisthenis

263 2469 392 2510 filium,
421 2481 457 2503 se
481 2469 663 2514 pertinere.
710 2468 848 2514 Quippe
872 2482 892 2504 a
915 2470 1053 2512 Danao,
1089 2475 1124 2504 et
1147 2472 1323 2514 Agenore,
1348 2467 1515 2508 Sidoniis,
1540 2478 1647 2511 aeque
1672 2479 1713 2502 ac

263 2513 452 2555 Priamum,
493 2527 529 2548 se
562 2526 665 2559 genus
689 2513 812 2548 ducere
835 2515 1032 2549 affirmavit.
1088 2516 1143 2549 Ex
1169 2515 1322 2549 Plesiona
1355 2514 1459 2554 enim,
1495 2512 1606 2546 Danai
1627 2512 1712 2554 filia,

263 2560 336 2593 nati
370 2565 448 2593 sunt
478 2560 572 2594 Atlas
603 2565 639 2595 et
661 2560 822 2594 Electra:
855 2560 1017 2594 Electrae
1041 2565 1151 2594 autem
1175 2560 1263 2594 filius
1286 2559 1354 2593 suit
1374 2570 1436 2592 rex
1459 2558 1657 2599 Dardanus;
1691 2569 1714 2591 a

264 2616 332 2648 quo
358 2606 447 2638 Tros
471 2609 506 2639 et
530 2606 673 2640 Troiani
694 2617 804 2651 reges.
850 2605 991 2640 Addidit
1023 2611 1225 2650 praeterea,
1262 2615 1376 2648 regem
1409 2603 1560 2647 Dynam,
1593 2603 1712 2638 Hecu-

263 2649 329 2683 bae
352 2655 504 2695 patrem,
539 2662 643 2695 genus
666 2663 760 2686 suum
783 2655 940 2696 repetere
964 2663 985 2685 a
1008 2651 1196 2690 Phoenice,
1230 2650 1394 2693 Agenoris
1418 2649 1458 2682 F.
1484 2660 1504 2682 a
1527 2649 1626 2692 Dyna
1650 2659 1712 2682 au-

262 2699 351 2735 tem,
393 2696 518 2730 Ledam
542 2697 641 2731 etiam
672 2709 762 2731 suam
786 2696 926 2731 traxisse
961 2696 1134 2741 originem.
1174 2695 1242 2729 *His
1265 2695 1383 2739 itaque
1405 2695 1519 2729 verbis
1542 2693 1711 2728 Priamum

262 2744 302 2773 et
324 2740 497 2775 Hecubam
519 2742 694 2787 alloquuta
716 2743 867 2784 Helena,
896 2743 1085 2787 juramento
1110 2742 1152 2775 ab
1178 2742 1227 2775 eis
1251 2740 1439 2774 confirmari
1464 2739 1583 2784 petiit,
1606 2750 1642 2773 se
1665 2739 1711 2772 ab

263 2784 330 2818 illis
389 2786 535 2820 roditum
564 2800 631 2822 non
661 2787 725 2829 iri3
762 2789 954 2832 juramento
987 2787 1088 2821 etiam
1121 2790 1248 2820 testata
1272 2786 1338 2827 eis,
1372 2797 1407 2820 se
1430 2785 1513 2819 nihil
1535 2783 1665 2819 omnino
1690 2793 1712 2817 a

263 2829 367 2865 Mene
381 2842 422 2866 ao
444 2831 663 2878 surripuisse,
690 2834 781 2869 bona
804 2845 884 2869 vero
907 2845 967 2869 sua
988 2833 1092 2869 solum
1115 2843 1226 2867 secum
1250 2831 1375 2866 tulisse.
1423 2831 1512 2866 Tum
1533 2841 1616 2865 vero
1640 2828 1713 2862 He-
