1838 3230
405 142 1022 190 CHRONOGRAPHIA.
1078 143 1126 187 L.
1145 143 1275 191 1X1V.
1475 150 1573 198 361

204 263 254 309 Ὁ
279 265 326 309 δὲ
360 264 486 315 αὗτός
512 261 735 315 Θεοδόσιος
758 263 950 318 βασιλεὺς
978 265 1138 321 ἐποίησε
1155 269 1290 316 κακῶς
1307 260 1502 323 Ἀντιόχῳ
1519 269 1578 324 τῷ

107 335 362 392 πραιποσίτῳ
391 336 459 378 καὶ
486 334 683 392 πατρικίῳ
694 366 708 386 ,
742 334 955 392 δυναμένῳ
980 334 1022 376 ἐν
1044 338 1103 392 τῷ
1124 335 1310 394 παλατίῳ
1336 335 1402 377 καὶ
1424 332 1580 391 κρατή-

107 419 228 447 σαντι
258 406 342 447 τῶν
369 401 632 461 πραγμάτων.
702 396 754 457 ’ἦν
784 402 863 458 γὰρ
889 404 954 444 καὶ
977 401 1324 460 ἀναθρεψάμενος
1351 402 1422 446 τὸν
1451 403 1579 446 αὐτὸν

114 469 339 516 Θεοδόσιον
358 472 400 515 ἓν
419 475 471 529 τῇ
498 474 580 529 ζωῇ
596 474 671 514 τοῦ
691 470 820 513 αὐτοῦ
853 468 1032 528 πατρός,
1072 469 1128 522 ὥς
1148 469 1484 528 κουβικουλάριος
1510 473 1579 514 καὶ

74 543 274 588 ὅδιοικῶν
302 540 384 584 ἀπὸ
411 544 488 584 τοῦ
526 539 656 583 αὐτοῦ
689 539 845 596 πατρὸς
877 539 1095 597 Ἀρκαὸιόυ
1138 540 1214 596 τὴν
1242 542 1447 584 πολιτείαν
1478 538 1581 584 Ῥω-

106 611 255 666 μαίων.
326 610 393 652 καὶ
412 607 535 664 ἴμεινε
554 608 658 664 μετὰ
680 608 727 651 τό
758 613 972 664 πληρῶσαι
993 607 1142 662 αὐτόν,
1183 607 1238 660 ὥς
1266 611 1476 666 πατρίκιος
1503 627 1581 652 κα-

107 682 351 722 ταυθεντῶν
369 681 445 721 τοῦ
469 677 598 721 αὐτοῦ
623 679 863 722 Θεοδοσίου.
935 679 1003 720 καὶ
1025 677 1315 735 ἀγανακτήσας
1338 678 1427 722 κατ’
1450 678 1580 722 αὗτοῦ
1614 710 1617 714 ,

107 745 326 803 ἓδήμευσεν
346 746 472 790 αὐτὸν
497 748 563 789 καὶ
594 745 822 802 κουρεύσας
857 747 1019 802 ε’ποιήσε
1049 752 1190 790 παπᾶν
1211 753 1286 803 τῆς
1308 745 1489 804 μεγάλης
1511 748 1579 790 ε’κ-
1601 763 1634 798 0
1657 764 1705 801 53
1755 788 1758 792 .

107 818 277 872 κλησίας
310 814 807 867 Κωνσταντινουπόλεως,
858 813 1035 871 ποιήσας
1082 814 1268 867 διάταξιν
1301 817 1360 872 μὴ
1404 817 1578 873 εῗσέρχε-
1600 832 1633 867 Ε

50 898 99 934 10
109 890 213 928 σθαι
228 886 285 935 εἲς
303 883 420 935 ἀξίας
437 883 752 941 συγκλητικῶνῆ
772 886 993 940 πατρικίων
1012 884 1109 935 τούς
1127 875 1581 940 εὖνούχουςκουβικου-

105 955 276 1011 λαρίους
295 953 399 1009 μετὰ
419 953 466 996 τὸ
486 951 690 1009 πλήρωμα
714 957 788 1009 τῆς
807 953 944 996 αὐτῶν
963 955 1201 1010 στρατείας,
1239 954 1350 997 τοῦτ’
1376 956 1462 998 ἐστὶ
1483 954 1578 1005 τούς

106 1022 189 1067 ἀπὸ
208 1023 488 1079 πραιποσίτων
508 1023 723 1067 παλατίου.
795 1024 862 1067 καὶ
882 1020 1067 1067 ἐτελεύτα
1091 1020 1112 1066 ὃ
1137 1022 1262 1076 αὐτὸς
1274 1023 1493 1080 Ἀντίοχος,
1522 1022 1580 1067 ὢν

107 1089 396 1150 πρεσβύτερος.

206 1180 255 1226 Ὅ
283 1183 328 1227 δὲ
359 1182 484 1234 αὐτὸς
509 1183 703 1239 βασιλεὺς
731 1181 980 1240 προεβάλετο
1011 1182 1188 1240 ἴπαρχον
1216 1185 1478 1246 πραιτῳρίων
1512 1185 1580 1228 καὶ

51 1260 97 1297 15
110 1250 287 1308 ἔπαρχον
316 1251 473 1302 πόλεως
507 1252 578 1295 τὸν
608 1254 820 1309 πατρίκιον
848 1255 1016 1310 Κῦρον,
1052 1254 1124 1297 τὸν
1152 1252 1404 1311 φιλόσοφον,
1443 1253 1577 1311 ἄνδρα
1601 1269 1632 1306 v
1653 1267 1701 1307 24

107 1319 353 1379 σοφώτατον
378 1322 420 1364 ἓν
442 1325 556 1366 πᾶσι.
627 1323 694 1364 καὶ
721 1317 841 1379 ἦρξεν
863 1321 965 1378 ἔχων
993 1322 1067 1373 τὰς
1088 1321 1161 1365 δύο
1186 1322 1315 1379 ἀρχὰς
1339 1322 1410 1379 ἔτη
1430 1323 1582 1367 τέσσα-

107 1407 186 1447 ρα,
219 1389 375 1446 προϊὼν
397 1391 452 1440 εἷς
474 1389 551 1446 τὴν
569 1394 777 1447 καροῦχαν
794 1395 869 1434 τοῦ
891 1389 1071 1446 ἐπάρχου
1093 1396 1167 1447 τῆς
1185 1390 1340 1442 πόλεως
1363 1394 1429 1434 καὶ
1451 1410 1582 1449 φρον-

103 1461 225 1512 τίζων
246 1463 329 1502 τῶν
355 1456 588 1514 κτισμάτων
614 1462 682 1502 καὶ
711 1458 946 1511 ἀνανειῦσας
963 1465 1100 1504 πᾶσαν
1118 1460 1578 1504 Κωνσταντινούπολιν·

105 1523 156 1583 ἦν
177 1527 256 1585 γὰρ
282 1526 613 1585 καθαριώτατος.
683 1531 773 1585 περὶ
807 1524 854 1572 οὗ
877 1529 1051 1586 ἔκραξαν
1071 1530 1111 1572 οἷ
1133 1528 1348 1582 Βυζάντιοι
1369 1532 1424 1580 εἷς
1443 1530 1488 1573 τὸ
1512 1530 1581 1572 ἱπ-

49 1596 227 1642 ΞΟπικόν
245 1601 382 1640 πᾶσαν
410 1596 484 1652 τὴν
514 1595 668 1654 ἡμέραν
696 1602 957 1653 θεωροῦντος
985 1600 1209 1641 Θεοδοσίου
1238 1603 1383 1642 ταῦτα.
1456 1601 1581 1642 Κων-

107 1672 324 1715 σταντῖνος
347 1665 489 1717 ἔκτισε,
511 1668 654 1722 Κῦρος
676 1665 914 1709 ἀνενὲωσεν·
950 1666 1076 1709 αὐτὸν
1095 1668 1160 1709 ἐπὶ
1183 1665 1322 1720 τόπον,
1345 1665 1578 1725 Αὕγουστε.

107 1736 251 1792 Κῦρος
270 1735 315 1777 δὲ
333 1734 542 1791 ἐκπλαγεὶς
568 1734 872 1792 ἀπεφθέγξατο,
915 1734 1002 1779 Οὖκ
1030 1735 1187 1793 ἀρέσκει
1204 1753 1276 1792 μοι
1307 1734 1410 1792 τύχη
1444 1736 1576 1780 πολλὰ
1601 1751 1634 1787 0
1658 1749 1706 1789 64

198 1891 394 1937 Imperator
428 1893 543 1925 autem
567 1890 781 1926 Theodosius
806 1891 1006 1927 Antiochum
1030 1892 1287 1939 Praepositum,
1328 1892 1435 1927 virum
1460 1892 1580 1927 Patri-

107 1937 216 1978 cium,
240 1937 301 1983 qui
324 1937 358 1971 in
385 1937 519 1971 Palatio
546 1936 721 1982 plurimum
745 1939 880 1984 potuit,
904 1943 940 1972 et
962 1938 1072 1973 omnia
1096 1951 1159 1984 pro
1184 1938 1328 1974 arbitrio
1352 1951 1413 1974 suo
1437 1938 1485 1973 ibi
1509 1939 1579 1973 dis-

106 1983 242 2030 posuit,
303 1982 419 2017 essime
442 1983 618 2017 tractavit.
665 1984 733 2018 Hic
757 1985 863 2026 enim,
888 1984 1128 2019 Cubicularius
1151 1997 1225 2020 cum
1247 1984 1373 2027 fuerit,
1409 1985 1579 2020 Theodo-

106 2030 210 2072 sium,
234 2040 256 2064 a
310 2035 385 2063 atre
407 2029 480 2073 ejus
505 2029 617 2063 adhuc
640 2031 777 2064 vivente
801 2029 1058 2073 enutriendum,
1087 2030 1262 2077 ipsumque
1285 2031 1371 2067 adeo
1395 2031 1578 2076 Imperium

106 2075 405 2111 administrandum
429 2080 622 2121 acceperat.
681 2076 773 2117 Quin
798 2085 834 2110 et
856 2076 1011 2111 Patricia
1035 2077 1142 2112 fretus
1166 2077 1354 2122 dignitate,
1397 2077 1434 2111 in
1458 2078 1579 2112 Theo-

107 2122 237 2157 dosium
257 2122 328 2166 jam
353 2121 514 2162 adultum,
543 2121 713 2156 licentiam
737 2134 827 2156 suam
853 2134 1014 2157 exercere
1037 2134 1103 2158 non
1127 2124 1238 2158 desiit.
1283 2124 1472 2169 Imperator
1495 2134 1577 2157 vero

104 2168 192 2203 haec
214 2167 249 2201 in
273 2180 313 2202 eo
339 2166 472 2201 minime
495 2169 625 2210 serens,
664 2169 754 2202 bona
777 2169 849 2213 ejus
875 2169 1080 2214 publicavit,
1120 2181 1285 2214 comaque
1309 2170 1471 2210 detonsa,
1505 2181 1577 2203 ma-

106 2225 196 2260 gnae
218 2213 398 2248 Ecclesiae
422 2213 818 2260 Constantinopolitanae
842 2215 1000 2249 clericum
1023 2215 1119 2250 fecit.
1168 2216 1258 2257 Quin
1283 2220 1319 2250 et
1342 2215 1467 2259 Legem
1491 2226 1577 2259 quo-

107 2271 174 2306 que
196 2259 295 2302 tulit,
327 2270 395 2304 qua
419 2264 555 2294 cautum
580 2266 650 2302 est,
683 2260 801 2306 nequis
825 2260 859 2294 in
882 2266 1053 2306 posterum
1078 2273 1119 2296 ex
1141 2261 1366 2296 Cubiculariis
1390 2260 1575 2302 Eunuchis,

106 2309 186 2351 post
207 2304 358 2340 militiam
382 2305 470 2339 hanc
492 2312 647 2340 exactam
670 2306 704 2340 in
728 2307 964 2352 Praepositum
987 2307 1112 2343 Palatii
1135 2309 1264 2350 factus,
1297 2308 1340 2342 ad
1360 2306 1576 2341 Senatorium

107 2350 164 2385 vel
188 2351 373 2386 Patr-iciam
397 2351 598 2396 dignitatem
623 2353 840 2388 eveheretur.
893 2354 940 2388 At
961 2365 1044 2389 vero
1064 2354 1253 2389 Antiochus
1275 2353 1377 2400 paulo
1403 2357 1482 2398 post
1503 2364 1577 2387 mo·

108 2395 209 2439 rimr,
232 2396 325 2432 senio
349 2399 536 2432 consectus.

199 2463 388 2509 Imperator
429 2471 540 2500 autem
571 2465 752 2502 Praetorio
786 2467 944 2513 Urbique
977 2468 1197 2503 Praefectum
1242 2466 1416 2501 constituit
1450 2466 1578 2511 Cyrum

107 2509 316 2552 Patricium,
347 2511 457 2546 virum
488 2512 731 2559 Philosophum
765 2518 801 2548 et
831 2514 865 2548 in
891 2513 1041 2549 omnibus
1064 2512 1330 2549 solertissimum:
1365 2511 1423 2557 qui
1447 2518 1484 2546 et
1505 2524 1579 2547 mu-

108 2566 172 2589 nus
214 2560 394 2602 utrumque
435 2570 498 2603 per
540 2559 796 2603 quadriennium
830 2560 1003 2604 integrum
1035 2560 1166 2602 obivit;
1213 2569 1428 2604 carrucaque
1458 2564 1577 2594 vectus

107 2601 368 2644 Praefectoria‚
407 2604 638 2638 aedificiorum
663 2616 726 2650 per
748 2606 864 2640 urbem
889 2606 1033 2640 omnium
1058 2617 1170 2640 curam
1193 2604 1364 2650 suscepit3
1401 2604 1579 2650 ipsamque

109 2646 196 2681 adeo
231 2647 554 2694 Constantinopolim
587 2662 715 2685 omnem
746 2651 790 2685 de
812 2652 950 2696 integro
987 2651 1186 2686 renovavit:
1233 2649 1367 2684 decoris
1391 2651 1477 2685 enim
1503 2655 1579 2685 erat

108 2692 373 2727 studiosissimus.
419 2695 540 2740 Itaque
563 2697 665 2731 etiam
688 2696 732 2732 de
755 2709 796 2731 eo
820 2697 1025 2742 Byzantini‚
1057 2709 1120 2743 per
1143 2700 1250 2730 totam
1274 2696 1363 2730 diem
1387 2697 1579 2731 acclaman-

108 2744 185 2779 tes,
221 2738 288 2771 ista
310 2737 344 2772 in
368 2738 471 2774 Circo
496 2742 711 2777 extulerunt:
751 2744 996 2778 Constantinus
1014 2743 1183 2782 extruxit,
1222 2743 1328 2787 Cyrus
1345 2743 1577 2777 instauravit.-

107 2783 321 2829 Imperatore
343 2783 417 2829 ipso
441 2786 556 2822 Ludos
578 2787 710 2822 interim
734 2794 924 2834 spectante.
977 2790 1024 2822 At
1046 2799 1130 2822 vero
1156 2787 1288 2833 Cyrus,
1325 2799 1427 2834 super
1450 2789 1501 2823 his
1523 2794 1578 2823 at-

107 2831 246 2872 tonitus,
270 2830 470 2866 sententiam
492 2831 588 2868 istam
613 2834 780 2880 protulit:
804 2836 970 2880 Displicet
994 2835 1150 2872 Fortuna
1172 2834 1273 2870 ιιὶηιίε
1288 2835 1427 2871 blanda.
1467 2836 1579 2882 lmpe-
