1838 3230
287 159 382 206 1Ξο
675 150 968 198 IOANNIS
996 152 1331 197 MALALAE

283 277 403 324 τικῶς
422 270 596 330 ἔφρασεν
620 268 682 314 ὅτι
704 269 771 314 διὰ
799 268 982 326 πόματος
999 275 1172 329 μαγικοῧ
1195 271 1293 322 τούς
1322 268 1733 327 συλλαμβανομένους

285 342 388 398 πρὸς
408 342 535 396 αὐτὴν
563 339 716 396 ἄνδρας
742 338 1024 397 μετεμόρφου,
1060 345 1233 383 ποιοῢσα
1262 339 1359 390 τοὺς
1385 340 1458 394 μὲν
1488 337 1734 396 λεοντομόρ-

233 422 263 456 Β
286 427 414 467 φους,
451 409 548 459 τοὺς
575 408 619 450 δὲ
646 406 968 463 κυνοκεφάλους,
1007 408 1156 457 ἄλλους
1183 409 1227 450 δὲ
1255 405 1539 464 συομόρφους,
1573 405 1736 465 ἑτέρους

285 479 328 521 δὲ
350 475 637 534 ἇρκομόρφους
653 476 719 517 καὶ
733 474 1062 533 χοιροκεφάλους.
1135 475 1155 519 ὃ
1175 476 1219 519 δὲ
1237 475 1588 533 προγεγραμμένος
1606 474 1737 532 σοφὸς

288 547 502 594 Φειδαλιός
531 542 551 586 ὅ
575 544 801 599 Κορίνθιος
824 544 984 595 ἐξέθετο
1009 545 1083 600 τὴν
1113 544 1322 600 ποιητικὴν
1348 541 1501 599 ταύτην
1529 541 1768 596 σύνταξιν,5

285 611 533 670 ἑρμηνεύσας
560 609 702 660 οὕτως.
775 610 836 654 ὅτι
866 616 917 669 τῇ
950 613 1082 670 Κίρκῃ
1105 612 1222 655 οὐδὲν
1244 611 1390 669 ἥρμοζε
1414 611 1516 668 πρὸς
1535 610 1586 667 ἣν
1607 608 1738 667 ἠβού-

284 686 374 724 λετο
407 680 628 733 ἐπιθυμίαν
656 681 903 734 πολυοχλιάν
936 688 1061 723 ποιεῖν
1095 680 1190 730 τοὺς
1229 678 1477 735 ἀνθρώπους
1507 677 1739 736 θηριομόρ-

285 765 411 806 φους,
457 747 562 790 ἀλλὰ
595 744 748 803 τρόπον
779 749 985 803 σημαίνων
1016 747 1036 791 ὁ
1065 748 1231 804 ποιητὴς
1259 753 1341 791 τῶν
1370 745 1629 803 ἀντερώντων
1663 746 1739 790 ἄν-

286 819 396 872 ὃριῖνν
407 849 420 868 ,
460 814 521 859 ὅτι
545 813 600 865 ὥς
618 818 749 871 θηρία
766 817 887 859 ἐποίει
909 816 1058 866 αὐτοὺς
1078 817 1160 859 ἐκεῖ
1173 813 1199 871 ἡ
1222 817 1353 871 Κίρκη
1371 814 1534 871 βρύχειν
1553 816 1620 858 καὶ
1635 815 1739 871 μαί-

286 888 434 927 νεσθαι
463 886 531 926 καὶ
559 887 715 926 λυσσᾶν
743 883 786 926 ἐίε
807 882 968 937 πόθου,
1006 884 1148 934 καθὼς
1168 884 1368 926 ἐκέλευσεν
1390 882 1415 939 ἦ
1438 884 1585 939 Κίρκη.
1654 899 1734 940 φυ-
1749 896 1794 933 10

287 952 399 994 σικὸν
423 951 500 1008 γὰρ
527 954 610 994 τῶν
633 949 815 1007 ἐρώντων
839 951 1079 1007 ἀντέχεσθαι
1111 956 1184 1007 τῆς
1211 952 1413 1008 ἐρωμένης
1441 953 1508 994 καὶ
1531 949 1739 1008 ὖπεραπο-

285 1018 478 1075 θνήσκειν
491 1033 500 1043 ·
536 1023 712 1062 τοιοῦτοι
735 1020 812 1077 γὰρ
831 1018 1083 1077 ὑπάρχουσιν
1109 1020 1147 1063 οἳ
1166 1020 1346 1076 ἐρῶντες.
1401 1020 1444 1062 ἐκ
1461 1018 1538 1076 γὰρ
1558 1023 1633 1074 τῆς
1652 1019 1740 1062 ἐπι-

139 1095 172 1129 O
198 1096 265 1132 153
289 1089 446 1142 θυμίας
473 1087 822 1144 ἀποθηριοῦνται,
858 1090 986 1143 μηδὲν
1012 1088 1210 1144 ἴμφρενον
1231 1084 1497 1143 λογιζόμενοι,
1535 1086 1640 1130 ἀλλὰ
1663 1086 1740 1129 ἀλ-

237 1163 267 1197 C
291 1153 514 1209 λοιούμενοι
539 1154 614 1204 τὰς
641 1155 807 1212 μορφὰς
831 1158 897 1198 καὶ
929 1161 986 1214 τῷ
1013 1155 1171 1210 σώματι
1193 1153 1248 1206 ὥς
1264 1154 1543 1212 θηριόμορφοι
1564 1156 1740 1211 γίνονται

288 1225 355 1267 καὶ
373 1227 423 1280 τῇ
442 1223 523 1282 θέᾳ
541 1224 608 1265 καὶ
625 1230 711 1272 τοῖς
728 1222 918 1280 τρόποις,
952 1223 1205 1279 ἐπερχόμενοι
1226 1231 1310 1273 τοῖς
1336 1223 1622 1280 ἀντερασταῖς·
1657 1239 1739 1280 φυ-
1751 1234 1796 1271 15

289 1291 401 1334 σικὸν
417 1290 495 1347 γὰρ
515 1290 612 1340 τοὺς
631 1290 878 1348 ἀντεραστὰς
898 1290 997 1347 ὁρᾶν
1017 1290 1218 1347 ἀλλήλους
1236 1290 1290 1341 ὥς
1311 1292 1441 1347 θηρία
1460 1293 1528 1334 καὶ
1545 1290 1647 1347 πρὸς
1666 1290 1741 1333 ἅλ’

288 1357 437 1414 λήλους
456 1358 744 1415 ἐπερχομένους
764 1359 878 1415 ι’ίχρις
895 1358 1038 1416 φόνου.
1110 1360 1154 1403 οἳ
1170 1361 1237 1401 καὶ
1260 1358 1469 1416 διαφόρως
1487 1359 1621 1413 ἔχουσι
1641 1358 1743 1412 πρὸς

288 1427 387 1476 τοὺς
403 1431 476 1481 τῆς
495 1424 688 1481 τοιαύτης
706 1427 925 1481 ἔπίθυμίας
945 1426 1141 1484 τρόπους·
1174 1427 1213 1469 οἳ
1230 1427 1304 1481 μὲν
1323 1426 1400 1482 γὰρ
1420 1425 1476 1476 ὥς
1494 1425 1607 1476 κύνες
1623 1427 1742 1482 ἐπίρ-

288 1511 430 1549 χονται
463 1498 514 1550 τῇ
542 1495 668 1548 μίξει,
704 1495 835 1537 πολλὰ
870 1494 1207 1551 συμμιγνύμενοι,
1245 1495 1283 1538 οἶ
1316 1495 1360 1537 δὲ
1391 1492 1446 1544 ὥς
1478 1494 1634 1544 λέοντες
1666 1493 1756 1548 τὴν,

292 1560 422 1620 ὁρμὴν
450 1563 516 1604 καὶ
542 1559 671 1618 μόνην
696 1562 770 1619 τὴν
797 1563 1018 1618 ἐπιθυμίαν
1049 1565 1256 1620 ζητοῦσιν,
1294 1562 1410 1606 ἄλλοι
1439 1562 1484 1606 δὲ
1517 1560 1573 1613 ὥς
1600 1561 1797 1619 ι’ίρκτοιρο

381 1718 416 1752 2.
452 1713 707 1763 μετεμόρφου]
739 1719 967 1763 μετεμορφοῖ
985 1717 1052 1752 Ox.
1187 1717 1222 1753 5.
1259 1716 1449 1758 Φειδαλίος
1471 1712 1491 1752 ὁ
1515 1715 1742 1771 Κορίνθιός]

382 1787 408 1804 ,,
423 1763 569 1803 Φειδίας
600 1775 702 1809 supra
735 1764 842 1799 dictus
874 1766 970 1800 est.“
1012 1764 1076 1797 Ch.
1221 1764 1254 1798 8.
1288 1764 1364 1799 τοῖν
1394 1759 1646 1806 ἀναιρούντων
1676 1774 1743 1795 αν-

383 1809 505 1852 δρῶν]
553 1834 576 1850 ,,
588 1809 703 1854 Lego,
734 1805 983 1855 ἀντερώντων,
1019 1807 1238 1843 Rivalium.“
1281 1809 1345 1846 Ch.
1483 1809 1538 1844 11.
1578 1805 1743 1852 ἐρώντων

384 1854 471 1895 ch„
502 1851 647 1896 ἐρώτων
671 1855 739 1888 Ox.
878 1858 932 1891 12.
967 1853 1138 1898 ἐρῶντες]
1165 1853 1291 1899 ἔρωτες
1314 1855 1381 1889 Ox.
1521 1855 1574 1890 13.
1610 1853 1743 1898 ἔμφρε-

383 1900 473 1943 νον]
507 1897 707 1944 ἕνφραινον
740 1901 807 1934 Ox.
945 1903 999 1937 17.
1041 1897 1246 1947 διαφόρους
1275 1899 1419 1947 ἔχουσι]
1457 1899 1596 1943 „Forte
1626 1899 1743 1944 legen-

385 1945 480 1987 dum,
504 1945 696 1992 διαφόρως
719 1945 851 1992 ἔχουσι.
861 1949 886 1967 “
931 1946 996 1982 Ch.

295 2079 406 2122 latur,
440 2080 596 2123 Circem,
626 2081 742 2127 poculi
765 2082 895 2126 Magici
917 2083 1057 2126 haustu,
1089 2084 1327 2118 concurrentes
1359 2080 1440 2116 illuc
1463 2079 1611 2115 advenas
1632 2083 1744 2114 trans-

295 2125 474 2168 formasse3
496 2127 644 2161 Leonum
666 2127 758 2168 aliis,
783 2128 854 2162 aliis
877 2139 1014 2171 canum,
1047 2128 1096 2163 eis
1117 2140 1200 2164 vero
1225 2140 1338 2169 suum,
1369 2127 1434 2161 illis
1456 2137 1626 2169 ursorum,
1659 2137 1745 2160 non-

296 2171 394 2205 nullis
417 2171 518 2206 etiam
540 2183 716 2217 porcorum
736 2174 879 2215 formas,
903 2173 958 2207 vel
982 2174 1098 2219 capita
1114 2174 1339 2208 induentibus.
1386 2171 1610 2216 supradictus
1632 2176 1745 2206 autem

296 2215 469 2251 Phidalius
492 2217 705 2259 Corinthius,
730 2218 875 2252 fabulam
900 2219 986 2252 hanc
1009 2231 1190 2261 enarrans3
1223 2220 1448 2264 Nequaquam
1471 2217 1638 2262 (inquit)
1660 2216 1745 2250 illud

298 2260 394 2295 Circi
416 2262 453 2295 in
470 2262 645 2296 ‘libidinem
668 2274 759 2297 suam
783 2264 949 2303 cessisset,
971 2264 998 2298 si
1021 2265 1285 2299 concursitantes
1308 2263 1474 2298 hominum
1490 2263 1607 2296 turbas
1623 2262 1658 2296 in
1673 2261 1746 2296 bel-

297 2308 369 2340 luas
392 2312 570 2342 mutassetz
612 2308 671 2342 sed
694 2308 814 2342 amoris
836 2308 965 2342 insania
989 2315 1164 2355 correptos
1198 2310 1345 2345 homines
1374 2309 1483 2343 Poeta
1514 2307 1744 2351 indigitabat3

298 2364 384 2397 quos
408 2353 590 2387 belluarum
613 2365 704 2388 more
728 2354 939 2395 frendentes,
975 2366 1037 2399 pro
1061 2355 1160 2390 libitu
1182 2368 1240 2390 suo
1264 2355 1367 2389 Circe
1389 2353 1487 2387 furiis
1510 2351 1676 2396 agitavit,
1700 2352 1744 2385 ob

299 2398 500 2433 desiderium
523 2398 627 2444 ipsius
649 2398 684 2433 in
707 2399 833 2433 rabiem
857 2399 1030 2435 efferatos.
1077 2400 1252 2444 Ejusmodi
1275 2400 1361 2434 enim
1387 2400 1490 2433 Amor
1512 2398 1616 2431 habet
1637 2396 1745 2442 impe-

299 2450 368 2476 tum
394 2444 603 2486 naturalem,
639 2444 734 2479 utin
764 2456 834 2478 rem
858 2443 1103 2485 desideratam,
1145 2451 1253 2480 morte
1287 2445 1385 2479 etiam
1409 2447 1543 2488 spreta,
1580 2454 1746 2488 praeceps

300 2487 439 2522 involet.
488 2489 626 2535 Quippe
649 2489 825 2535 Cupidinis
848 2501 890 2523 ex
914 2488 969 2530 vi,
1007 2491 1103 2534 quasi
1125 2490 1160 2523 in
1183 2491 1292 2524 Bruta
1319 2490 1466 2533 migrant
1490 2488 1654 2529 homines,
1677 2488 1746 2534 ²ni-

302 2533 348 2566 hil
370 2534 498 2568 rationi
521 2539 774 2570 consentaneum
798 2535 986 2579 agitantes3
1010 2534 1067 2569 sed
1091 2535 1266 2568 humanam
1286 2535 1379 2568 exuti
1400 2532 1565 2578 speciem,
1588 2543 1746 2578 corpora,

302 2579 447 2619 formas,
486 2584 522 2614 et
545 2592 652 2615 mores
688 2581 788 2615 etiam
812 2579 974 2613 belluinos
997 2591 1079 2624 prae
1103 2591 1138 2613 se
1162 2581 1297 2620 ferunt,
1333 2579 1409 2612 dum
1433 2578 1530 2623 proci
1552 2579 1746 2613 mulieribus

302 2623 443 2658 inhiant.
490 2625 577 2659 Illud
601 2627 700 2661 etiam
724 2638 744 2660 a
766 2626 904 2659 Natura
927 2630 996 2666 est,
1039 2630 1078 2659 ut
1101 2625 1238 2658 Rivales
1260 2624 1404 2658 belluino
1426 2623 1554 2668 impetu
1576 2625 1611 2658 in
1635 2636 1670 2659 se
1691 2623 1746 2657 in-

303 2667 409 2702 vicem
433 2670 604 2712 ferantur,
633 2674 677 2706 ad
701 2670 838 2706 exitium
861 2682 964 2715 usque
986 2682 1022 2704 se
1042 2670 1184 2704 invicem
1206 2669 1414 2714 impetentes.
1463 2670 1588 2704 Verum
1613 2669 1746 2714 cupidi-

303 2713 429 2747 tatibus
453 2715 544 2749 hisce
566 2728 632 2750 non
655 2729 721 2751 uno
745 2717 841 2750 modo
875 2728 911 2750 se
946 2716 1092 2756 habent,
1127 2715 1357 2749 lascivientes:
1397 2713 1455 2748 alii
1485 2715 1595 2758 enim,
1628 2726 1744 2749 canum

303 2770 407 2800 more,
432 2760 639 2804 frequentius
662 2767 804 2797 coeunt:
830 2760 905 2803 alii,
928 2761 1042 2795 leones
1063 2760 1151 2805 quod
1174 2760 1302 2801 solent,
1324 2759 1431 2805 ipsum
1455 2760 1640 2804 praesentis
1663 2771 1746 2805 pru—-

304 2804 389 2837 ritus
413 2803 569 2850 impetum
592 2807 794 2842 solummodo
818 2807 956 2853 explere
977 2805 1040 2841 sibi
1062 2810 1246 2852 quaeruntz
1277 2804 1337 2840 alii
1358 2804 1523 2851 denique,
1556 2805 1640 2840 sicut
1663 2804 1744 2847 ursi,
