1838 3230
277 155 378 204 200
682 149 965 198 IOANNIS
992 152 1330 199 MALALAE

276 269 404 326 αὐτὴν
425 271 584 326 οἰκῆσαι
604 269 707 314 ἀλλὰ
731 270 864 314 κτίσαι
881 267 997 315 πόλιν
1018 270 1144 328 ἄλλην
1160 272 1201 316 ἐν
1220 271 1332 331 ι’ίλλῳ
1351 269 1478 333 τόπῳ.
1534 275 1601 317 καὶ
1619 275 1727 326 ἐξαί-

275 356 380 397 φνης
399 339 441 382 ἐκ
463 343 535 382 τοῦ
554 338 672 396 ἀέρος
690 342 894 393 κατῆλθεν
913 339 1029 391 ἀετὸς
1045 341 1188 397 μέγας,
1228 343 1296 384 καὶ
1314 342 1460 398 ἐπῆρεν
1481 341 1524 384 ἔκ
1543 345 1619 385 τοῦ
1637 347 1727 398 βω-

129 413 161 448 Ο
185 414 251 449 255
275 411 356 460 ,1ιοῦ
385 411 458 449 τοῦ
489 407 617 463 πυρὸς
640 411 715 462 τῆς
744 405 1053 459 ὁλοκαυτώσεως
1081 409 1197 466 κρέα,
1247 411 1314 452 καὶ
1348 409 1511 465 ἀπῆλθε
1537 410 1651 467 παρὰ
1677 410 1730 454 ‘ni

222 483 252 516 D
276 474 372 531 ὅρος
391 475 437 518 τὸ
462 476 641 523 Σίλπιον.
710 476 778 517 καὶ
807 475 1060 527 καταδιώξας
1077 476 1161 532 ἅμα
1183 484 1266 527 τοΐς
1288 478 1413 520 αὐτοῦ
1435 472 1523 534 εὗρε
1541 477 1587 521 τὸ
1606 477 1728 535 κρέας

276 544 324 586 τὸ
355 543 553 599 ἱερατικὸν
581 544 647 585 καὶ
676 542 748 585 τὸν
776 544 892 587 ἀετὸν
920 543 1055 588 ἐπάνω
1084 544 1253 589 ἑστῶτα,
1323 550 1398 589 τοῦ
1431 547 1475 588 δὲ
1503 546 1635 601 ἱερέως
1659 548 1760 595 uotis

970 617 990 626 u

278 615 360 654 τῶν
387 609 645 662 ι’)ρνοσκόπων
669 613 736 653 καὶ
763 616 835 655 τοῦ
863 613 989 655 αὐτου
1019 612 1214 656 Σελεύκου
1237 612 1474 667 ἑωρακότων
1494 613 1540 657 τὸ
1563 618 1724 669 θαῦμα,

279 677 390 722 εἶπον
411 677 472 722 ὅτι
490 678 697 722 Ἐνταῦθα
726 681 790 723 δεῖ
811 679 920 736 ἡμᾶς
949 683 1106 736 οἰκῆσαι
1116 715 1129 734 ,
1163 683 1204 725 ἐν
1223 686 1274 739 τῇ
1295 683 1338 724 δὲ
1361 682 1582 742 Ἀντιγονίᾳ
1599 681 1646 725 οὗ
1669 684 1734 726 δεῖ

277 746 385 803 ἡμᾶς
404 750 564 803 οἰκῆσαι
583 747 674 791 οὕτε
694 749 739 791 δὲ
755 749 942 804 γενέσθαι
963 748 1089 804 αὐτὴν
1110 748 1250 802 πόλιν,
1289 749 1351 793 ὅτι
1371 749 1417 792 οὔ
1437 748 1656 804 βούλονται
1675 750 1728 794 τὰ

276 821 385 859 θεῖα.
458 818 524 858 καὶ
551 816 690 858 λοιπὸν
721 815 953 871 ἐβουλεύετο
979 816 1066 871 ἅμα
1086 817 1223 867 αὐτοῖς
1241 818 1284 860 ἐν
1305 820 1408 876 ποίῳ
1428 816 1538 876 τόπῳ
1559 818 1728 874 ἀσφαλῆ

278 882 435 939 ποιήσει
462 883 536 939 τὴν
561 882 690 927 πόλιν.
760 887 828 928 καὶ
857 887 1058 942 φοβηθεὶς
1076 885 1149 935 τὰς
1170 883 1302 942 ῥύσεις
1321 890 1393 928 τοῦ
1415 886 1584 929 Σιλπίου
1607 885 1729 943 ι’)’ρους
1739 897 1785 935 10

278 954 345 994 καὶ
364 952 459 1001 τοὺς
477 953 794 1011 κατερχομένους
814 954 857 1003 ἐξ
878 953 1005 996 αὐτοῦ
1022 952 1292 1010 χειμάρρους,
1330 955 1372 996 ἐν
1401 957 1452 1010 τῇ
1473 952 1629 996 πεδιάδι
1653 958 1728 997 τοῦ

277 1020 460 1068 αὐλῶνος
489 1021 696 1063 κατέναντι
725 1026 797 1063 τοῦ
830 1021 951 1077 ὄρους
983 1023 1151 1075 πλησίον
1181 1026 1254 1064 τοῦ
1277 1020 1516 1077 Δράκοντος
1542 1026 1729 1076 ποταμοῦ

278 1092 351 1131 τοῦ
380 1086 556 1142 μεγάλου
588 1093 662 1131 τοῦ
690 1091 1018 1144 μετακληθέντος
1039 1088 1259 1145 Ὀρόντου,
1297 1088 1400 1132 ὅπου
1427 1085 1476 1144 ἦν
1502 1088 1528 1144 ἡ
1561 1087 1676 1145 κιόμη
1702 1088 1729 1144 ἦ

278 1156 505 1210 καλουμένη
525 1158 689 1199 Βωττιά
699 1190 713 1209 ,
747 1157 933 1213 ἄντικρυς
953 1163 1026 1211 τῆς
1042 1156 1260 1207 Ἰωπόλεως
1270 1190 1282 1210 ,
1317 1159 1398 1200 ε’κεῖ
1416 1155 1656 1213 ὃιεχάραξαν
1677 1157 1730 1200 τὰ

228 1234 261 1273 Ε
284 1224 453 1278 θεμέλια
473 1228 545 1267 τοῦ
568 1226 747 1279 τείχους,
783 1223 989 1274 θυσιάσας
1015 1226 1070 1267 δι’
1098 1226 1317 1282 Ἀμφίονος
1339 1225 1550 1282 ἀρχιερέως
1579 1227 1646 1268 καὶ
1664 1243 1729 1268 τε-
1741 1238 1785 1274 15

278 1296 421 1339 λεστοῦ
440 1290 563 1348 κόρην
586 1293 793 1346 παρθένον
815 1291 982 1346 ὀνόματι
1007 1292 1234 1348 Αἷμάθην,
1272 1293 1376 1336 κατὰ
1402 1293 1528 1348 με’σου
1551 1298 1624 1343 τὲς
1653 1292 1731 1337 πό-

278 1364 378 1409 λεως
407 1362 471 1401 καὶ
504 1364 577 1402 τοῦ
604 1365 790 1414 ποταμοῦ
819 1363 916 1415 μηνὶ
951 1361 1167 1420 ἆρτεμισίῳ
1197 1365 1255 1418 τῷ
1286 1363 1352 1403 καὶ
1376 1365 1484 1419 μα’ίῳ
1515 1359 1594 1414 κβ’,
1643 1361 1730 1421 ὥρᾳ

276 1425 444 1484 ἦμερινῇ
473 1425 526 1479 α’,
565 1432 637 1470 τοῦ
664 1427 780 1483 ἡλίου
807 1428 1112 1481 ἀνατέλλοντος,
1151 1429 1322 1478 καλέσας
1347 1429 1474 1483 αὐτὴν
1488 1426 1730 1484 Ἀντιόχειαν

279 1497 333 1545 εἷς
351 1495 479 1549 ὄνομα
498 1499 572 1537 τοῦ
593 1497 695 1539 ἴδιόυ
719 1496 845 1539 αὐτοῦ
863 1497 954 1539 υἱοῦ
973 1502 1045 1539 τοῦ
1069 1498 1281 1553 λεγομένου
1301 1495 1502 1551 Ἀντιόχου
1519 1501 1726 1553 Σωτῆρος,

279 1565 418 1612 κτίσας
450 1563 603 1613 εὐθέως
632 1565 697 1606 καὶ
727 1562 857 1621 ἱερόν,
904 1564 925 1606 ὃ
957 1563 1114 1607 ἐκάλεσε
1144 1566 1330 1608 Βωττίου
1358 1562 1482 1616 Διός,
1528 1564 1784 1621 ἀνεγει’ρας20

131 1641 164 1675 Ο
187 1642 256 1679 256
280 1634 346 1676 καὶ
375 1631 424 1674 τὰ
452 1633 561 1687 ’τείχη
583 1634 813 1685 σπουδαίως
831 1633 987 1690 φοβερὰ
1006 1632 1073 1676 διὰ
1094 1632 1269 1681 Ξεναίου
1291 1633 1592 1690 ἀρχιτέκτονος,
1629 1631 1731 1689 στή-

369 1750 403 1787 4.
448 1748 526 1797 ἅμα
553 1755 631 1794 τοῖς
663 1753 784 1811 αὐτῷ]
823 1755 930 1796 „Son
963 1752 1100 1791 αὐτοῦ·
1143 1756 1203 1791 aut
1231 1752 1472 1799 supplendum,
1507 1750 1619 1788 σύν.“
1664 1752 1730 1790 Ch.

368 1799 401 1832 7.
425 1795 523 1842 ὑμᾶς
545 1800 612 1832 Ox.
684 1802 736 1836 18.
762 1801 1018 1841 ανατέλλοντος
1042 1801 1126 1842 Ch„
1153 1799 1387 1840 ἀνατί-’λωντος
1411 1800 1476 1833 Ox.
1548 1801 1603 1833 ΞΟ.
1629 1801 1730 1833 Beot-

368 1845 471 1888 τίου]
507 1846 703 1882 Βοττιαίαν
734 1846 973 1890 Wesselingius
1006 1848 1048 1881 ad
1077 1846 1241 1881 Herodoti
1267 1847 1341 1880 Vll.
1368 1846 1445 1879 123.
1490 1845 1656 1880 Potuerat
1677 1844 1729 1880 le-

368 1890 440 1924 nius
464 1892 629 1928 Βοττίου.
719 1893 801 1930 ibid.
826 1890 1011 1938 ἀνεγείρας
1034 1893 1120 1935 Ch„
1147 1890 1341 1938 ἀναγείρας
1364 1892 1430 1927 Ox.

279 1994 432 2035 poneret,
456 2003 581 2033 necne3
606 2004 650 2027 an
673 1993 784 2038 potius
807 1993 873 2029 alio
897 1994 932 2028 in
954 1994 1029 2029 loco
1052 2006 1141 2029 nova
1162 1993 1256 2028 urbis
1278 1990 1471 2026 fundamina
1488 1992 1636 2036 jaceret.
1658 1990 1728 2026 Re-

279 2041 383 2079 pente
415 2036 522 2080 igitur
545 2049 586 2070 ex
621 2041 702 2072 aere
725 2039 929 2074 descendens
952 2041 1074 2085 Aquila
1094 2040 1232 2084 ingens,
1259 2042 1294 2072 et
1317 2037 1462 2082 arreptis
1486 2048 1528 2071 ex
1551 2048 1610 2071 ara
1631 2036 1731 2081 igne-

278 2081 450 2115 scentibus
481 2082 638 2117 victimae
670 2085 848 2126 oarnibus3
890 2085 971 2119 inde
1003 2097 1065 2131 per
1098 2089 1179 2120 aera
1207 2085 1317 2118 fertur
1344 2083 1380 2116 in
1402 2087 1544 2117 montem
1574 2082 1729 2126 Silpiam.

278 2125 376 2158 Hanc
397 2127 516 2170 itaque
539 2128 701 2162 Seleucus
726 2135 760 2163 et
783 2131 841 2174 qui
864 2143 936 2165 cum
959 2131 1016 2165 illo
1039 2132 1196 2170 suerunt,
1221 2128 1380 2169 insecuti,
1404 2132 1571 2162 sacratam
1594 2128 1732 2162 offulam

279 2170 316 2204 in
338 2175 450 2206 monte
467 2172 687 2215 invenerunt,
722 2175 934 2221 aquilamque
967 2177 1000 2211 ei
1022 2176 1246 2210 incubantem.
1294 2173 1461 2208 Sacerdos
1484 2178 1596 2208 autem
1620 2178 1731 2218 atque

282 2217 462 2261 ‚Auspices‚
496 2219 567 2263 ipse
589 2219 690 2252 etiam
713 2220 891 2262 Seleucus,
916 2226 1107 2267 portentum
1129 2223 1195 2255 hoc
1218 2219 1395 2260 videntes,
1419 2219 1576 2253 dixerunt
1597 2230 1730 2253 omnes:

281 2262 384 2304 „Hic
406 2264 500 2299 sedes
525 2264 621 2298 nobis
643 2265 818 2308 ponendae
840 2272 931 2300 sunt:
963 2267 1174 2312 Antigoniam
1197 2277 1278 2299 vero
1302 2276 1365 2298 nec
1387 2265 1508 2306 incoli,
1532 2276 1594 2298 nec
1615 2265 1652 2298 in
1674 2275 1731 2298 ur·-

282 2308 357 2341 bem
380 2309 475 2350 fieri,
499 2311 552 2343 sas
575 2315 644 2343 est:
674 2310 800 2356 quippe
822 2312 870 2345 sic
893 2313 1032 2346 Numini
1054 2314 1196 2347 visum.“
1243 2310 1424 2345 Consilium
1447 2309 1564 2354 itaque
1586 2320 1660 2343 cum
1683 2309 1731 2343 eia

280 2352 391 2386 inibat
421 2354 600 2396 Seleucus,
640 2367 707 2400 quo
731 2356 866 2389 tandem
890 2356 924 2390 in
946 2357 1020 2391 loco
1053 2358 1145 2392 urbis
1167 2356 1386 2390 fundamenta
1408 2360 1482 2389 tuto
1515 2358 1730 2398 ponerentur.

284 2398 418 2432 Cavens
441 2404 550 2434 autem
581 2400 645 2434 sibi
669 2402 711 2434 ab
735 2400 895 2434 Effluviis
917 2403 1038 2436 montis
1061 2403 1183 2446 Silpii,
1216 2407 1252 2436 et
1275 2402 1318 2435 ab
1343 2399 1438 2444 aquis
1470 2400 1622 2443 hyberno
1644 2403 1730 2434 tem·-

283 2454 368 2487 pore
390 2445 469 2478 inde
501 2446 762 2486 exundantibus3
803 2446 1018 2481 fundamenta
1051 2449 1142 2482 urbis
1170 2448 1306 2480 molitur
1329 2446 1363 2479 in
1396 2444 1535 2489 planitie
1558 2444 1730 2487 convallis,

283 2500 325 2521 ex
349 2489 505 2534 opposito
530 2491 666 2533 montis,
685 2492 782 2535 juxta
803 2491 993 2526 Draconem
1014 2492 1151 2526 fluvium
1174 2503 1340 2536 magnum,
1363 2490 1450 2534 (qui
1474 2494 1594 2534 postea
1616 2491 1732 2524 Oron-

283 2538 333 2568 tos
357 2541 495 2570 vocatus
530 2537 627 2580 est‚)
662 2537 719 2571 ubi
745 2540 780 2570 et
802 2536 894 2571 vicus
919 2537 1003 2578 fuit,
1042 2539 1176 2572 nomine
1208 2535 1343 2576 Bottia,
1383 2547 1403 2568 e
1427 2534 1567 2579 regione
1588 2535 1728 2580 Jopolis.

284 2579 368 2614 Rom
391 2591 472 2615 vero
497 2582 644 2616 divinam
667 2582 768 2624 fecit,
790 2582 846 2616 via
868 2582 958 2615 inter
980 2584 1094 2616 urbem
1119 2586 1154 2615 et
1175 2582 1298 2615 flumen
1320 2580 1451 2620 media3
1474 2580 1644 2615 victimam
1666 2580 1730 2614 im·-

283 2626 429 2660 molante
450 2628 646 2672 Amphione,
670 2627 858 2662 Sacerdote
877 2631 913 2660 et
930 2627 1057 2671 Mysta,
1074 2627 1249 2670 virginem,
1266 2625 1397 2659 nomine
1411 2626 1606 2667 Aemathen,
1629 2625 1730 2659 Men-

283 2670 326 2704 sis
351 2672 433 2705 Maii
456 2673 511 2706 die
535 2684 619 2714 xx11,
644 2674 728 2707 hora
745 2672 814 2706 diei
833 2672 952 2718 prima,
976 2674 1035 2706 sub
1052 2677 1160 2706 ortum
1176 2671 1272 2708 solis:
1301 2672 1415 2704 urbem
1433 2682 1526 2711 vero,
1549 2672 1592 2708 ob
1610 2670 1728 2704 Antio-

285 2716 346 2749 cho
373 2718 513 2761 Sotere,
549 2718 618 2751 filio
641 2730 700 2753 suo
726 2717 935 2752 Antiochiam
956 2718 1102 2752 vocavit.
1149 2717 1278 2751 Fanum
1300 2716 1422 2750 deinde
1445 2716 1615 2757 extruxit,
1650 2715 1727 2750 Jovi

283 2760 397 2795 Bottio
425 2775 571 2798 sacrum:
613 2763 815 2807 Moeniaque
850 2762 942 2797 urbia
964 2762 1146 2803 excitavit,
1182 2762 1331 2806 speciosa
1353 2761 1412 2796 illa
1435 2761 1568 2806 quidem
1599 2764 1634 2794 et
1656 2765 1728 2795 stu-

283 2807 415 2854 penda,
458 2808 608 2847 Xenacio
632 2821 708 2847 usus
731 2808 935 2845 Architecto.
981 2809 1136 2846 Statuam
1169 2811 1348 2857 praeterea
1370 2806 1559 2845 immolatae
1587 2805 1728 2853 virginis
