1838 3230
239 194 308 241 72
648 155 936 230 IOANNI‘S
963 180 1297 226 MALALAE

241 308 365 353 ναίων
390 305 463 362 ἔτη
494 302 545 359 ν’,
583 306 650 348 καὶ
676 302 769 358 μετ’
807 301 931 346 αὐτὸν
955 302 1187 356 ἐβασίλευσε
1214 300 1409 359 Κραναὸς
1438 298 1507 356 ξ’τη
1534 295 1595 344 θ’.
1666 298 1709 343 ἓν

242 378 405 426 ἐκείνοις
429 376 474 418 δὲ
493 380 578 424 τοῖς
603 370 766 428 χρόνοις
782 370 945 427 Σαπφὼ
970 369 1110 427 πρώτη
1133 370 1305 426 μουσικὴ
1327 369 1571 427 ἔγνωρίζετο.
1642 369 1710 411 καὶ

240 444 348 502 μετὰ
372 442 567 500 Κραναὸν
601 441 834 494 ἐβασίλευσε
868 438 1181 496 Φορωνεὺςκαὶ
1215 438 1330 481 ἄλλοι
1361 438 1436 487 ἕως
1468 434 1707 494 Κοδρῶνος,

246 510 566 568 βασιλεύσαντος
596 508 731 551 αὐτῶν
753 506 822 563 ἔτη
849 504 926 551 κα’.
997 507 1185 563 κατέσχεν
1205 502 1278 550 οὗν
1306 504 1331 562 ἦ
1363 506 1549 561 βασιλεία
1574 503 1710 548 αὐτῶν

243 582 314 637 ξ’τη
331 578 431 634 υ5β’.
641 598 649 604 *
1663 575 1665 579 ’
1693 572 1695 577 ’
1723 581 1745 617 5

345 650 411 691 Ἑν
443 647 488 689 δὲ
517 651 602 694 τοῖς
632 641 797 701 χρόνοις
839 647 922 686 τῶν
957 640 1164 700 ἀρχόντων
1197 642 1431 698 ἐνομοθέτει
1465 640 1714 696 Ἀθηναίους

191 721 221 755 C
247 721 406 773 πρῶτος
427 712 595 767 ὀνόματι
616 711 809 769 Δράκων,
847 713 913 754 καὶ
931 712 1024 766 μετ’
1055 711 1180 754 αὐτὸν
1203 711 1358 764 Σόλων,
1397 712 1462 753 καὶ
1485 709 1599 753 ἔλυσε
1616 708 1715 759 τοὺς

247 784 399 840 νόμους
415 780 656 840 Δράκοντος
674 780 828 824 Σόλων.
903 782 969 822 καὶ
991 778 1109 822 πάλιν
1130 781 1400 834 ἐνομοθέτησε
1424 776 1602 834 Θαλῆςὸ
1624 780 1716 820 Μι-

125 859 157 893 O
181 857 226 892 88
248 852 401 910 λήσιος.
457 852 524 894 καὶ
545 848 664 893 πάλιν
687 850 941 902 ἐβασίλευσεν
961 848 1096 890 αὐτῶν
1114 853 1275 904 πρῶτος
1295 846 1505 901 Αῗσχύλος
1525 847 1614 896 ἔτος
1632 843 1712 897 κοί,

249 924 316 966 καὶ
336 919 439 977 μετὰ
452 911 669 974 Αἰσχύλον
685 918 942 969 ἐβασίλευσεν
964 916 1100 972 αὐτῶν
1114 917 1315 971 Ἀκμαίων
1337 916 1405 972 ἔτη
1429 914 1502 959 δύο
1516 930 1527 940 ·
1553 916 1643 972 περὶ
1666 908 1714 957 οὗ
1729 924 1774 959 10

251 991 475 1047 Εὐριπίδης
506 985 526 1029 ὃ
562 984 802 1043 σοφώτατος
832 987 972 1041 δρᾶμα
1002 985 1176 1034 ἐξέθετο.
1246 987 1312 1027 καὶ
1346 984 1450 1039 μετὰ
1474 984 1718 1039 Ἀκμαίοντα

254 1059 523 1114 ἐβασίλευσαν
545 1055 681 1098 αὐτῶν
700 1054 814 1096 ἄλλοι
836 1052 888 1108 ιη’
915 1053 991 1102 ἕως
1008 1052 1262 1108 Ἀρεξίωνος,
1300 1051 1345 1102 ὃς
1363 1054 1620 1107 ἐβασίλευσεν
1643 1051 1720 1095 αὗ-

253 1131 338 1170 τῶν
367 1125 435 1180 ἔτη
456 1121 525 1177 ιβ’.
595 1124 661 1165 καὶ
683 1119 888 1176 κατελύθη
917 1120 942 1176 ἡ
967 1123 1153 1175 βασιλεία
1174 1125 1255 1163 τῶν
1274 1120 1529 1177 Ἀθηναίων,
1567 1117 1722 1178 κρατή-

256 1211 366 1239 σασα
401 1192 469 1248 ἴτη
504 1189 599 1251 QC',
646 1190 788 1240 καθὼς
825 1189 1066 1247 Ἀφρικανὸς
1103 1188 1124 1232 ὃ
1162 1188 1405 1247 σοφώτατος
1436 1187 1724 1249 χρονογράφος

255 1263 431 1315 ἐξέθετο.
1734 1265 1778 1304 15

359 1327 484 1373 Μετὰ
504 1327 549 1369 δέ
571 1326 704 1383 βραχὺ
733 1323 913 1382 ἡγήσατο
949 1330 1023 1368 τοῦ
1046 1326 1209 1383 Ἰσραὴλ
1230 1330 1269 1369 Γ
1266 1324 1398 1370 εδεών.
1470 1327 1512 1370 ἓν
1536 1326 1649 1386 αὐτῷ
1680 1326 1725 1369 δὲ

258 1403 317 1458 τῷ
339 1395 475 1455 χρόνῳ
496 1391 546 1450 ἦν
570 1394 746 1452 Ὀρφεὺς
771 1392 792 1436 ὃ
817 1392 957 1453 Θρᾷξ,
997 1392 1017 1436 ὃ
1050 1395 1212 1451 λυρικός
1237 1395 1503 1452 Ὀδρυσαῒος,
1541 1393 1562 1438 ὅ
1584 1392 1726 1452 σοφώ-

202 1475 235 1509 Ι)
260 1484 384 1516 τατος
405 1466 471 1507 καὶ
491 1461 733 1520 περιβόητος
761 1460 952 1518 ποιητής·
989 1461 1100 1512 ὅστις
1129 1463 1289 1513 ἐξέθετο
1313 1464 1527 1519 θεογονίαν
1558 1465 1625 1506 καὶ
1655 1461 1725 1505 κό-

260 1552 368 1590 σμου
396 1534 523 1576 κτίσιν
553 1533 619 1573 καὶ
648 1529 884 1587 ἀνθρώπων
911 1532 1235 1587 πλαστουργιάν,
1282 1531 1448 1587 εἶρηκιῦς
1477 1532 1518 1574 ἓν
1540 1536 1591 1589 τῇ
1620 1531 1727 1588 ἀρχῇ

262 1607 335 1647 τοῦ
359 1598 641 1655 συντάγματος
672 1599 798 1642 αὐτοῦ
826 1598 887 1641 ὅτι
919 1599 961 1641 ἔκ
987 1604 1060 1654 τῆς
1088 1601 1194 1649 ἰδίας
1218 1599 1344 1642 αὐτοῦ
1370 1598 1634 1655 ἐνθυμήσεως
1653 1599 1727 1642 οὐκ
1738 1610 1786 1644 20

267 1667 430 1722 ἔξέθετό
454 1670 497 1711 τί
511 1685 607 1710 ποτε
624 1669 713 1725 περὶ
734 1671 836 1710 θεοῦ
858 1666 884 1722 ἢ
905 1671 978 1723 τῆς
998 1672 1193 1723 κοσμικῆς
1213 1668 1391 1721 κτίσεως,
1427 1668 1523 1711 ἀλλ’
1545 1667 1650 1712 εἶπεν
1668 1666 1731 1711 ὅτι

358 1781 393 1816 2.
427 1775 554 1823 πρώτη
573 1773 750 1820 μουσικὴ]
774 1773 899 1820 πρώτη
926 1777 1094 1811 Μουσῶν
1114 1776 1291 1810 Cedrenus
1310 1788 1342 1822 p.
1366 1778 1422 1812 82.
1443 1777 1494 1819 C,
1522 1777 1608 1812 alter
1623 1778 1732 1813 altero

359 1824 467 1869 magis
489 1828 688 1868 pervertens
720 1821 927 1866 epigramma
952 1822 1123 1863 Platonis,
1165 1834 1231 1867 quo
1255 1822 1418 1857 decimam
1442 1824 1573 1858 Musam
1596 1823 1733 1858 dixerat

359 1870 590 1915 Sapphonem.
657 1867 759 1908 Quod
790 1866 878 1901 vidit
907 1867 1210 1902 Schurzfleischius
1242 1868 1326 1902 Not.
1359 1868 1447 1903 Bibl.
1480 1869 1558 1903 Vin.
1593 1880 1626 1914 p.
1651 1869 1731 1905 249.

363 1918 397 1951 8.
427 1913 570 1958 Θάλλης
592 1913 660 1946 Ox.
738 1915 773 1948 9.
797 1912 876 1958 κοί]
899 1911 940 1949 ἓν
963 1913 1027 1949 καὶ
1048 1915 1167 1958 μῆνας
1189 1912 1233 1961 ιζ’
1258 1911 1339 1958 (ζ’)
1364 1914 1538 1948 cedrenus
1561 1926 1593 1959 p.
1612 1917 1666 1950 82.
1685 1914 1730 1948 D.

366 1964 421 1996 10.
466 1960 541 1993 Vid.
575 1958 748 1992 Bentleius
771 1971 804 2004 p.
832 1961 885 1995 17.
979 1962 1034 1996 17.
1069 1958 1294 2003 Ὀδρυσσὲως
1327 1961 1416 2002 Ox.‚
1450 1958 1643 2005 Ὀδρύσιος
1666 1961 1729 1995 Ch.

364 2005 483 2040 Simile
507 2006 744 2045 Μολοσσαῖος
768 2017 801 2050 p.
825 2006 883 2042 25.
904 2005 945 2042 Β.
994 2005 1212 2052 Repetendus
1235 2005 1337 2040 etiam
1359 2005 1536 2042 articulus.

274 2119 383 2150 naus,
420 2110 456 2141 et
478 2105 660 2151 imperavit
681 2104 711 2139 is
734 2117 838 2140 annos
861 2119 909 2141 1x.
955 2107 1061 2142 Hisce
1084 2110 1193 2143 autem
1214 2107 1424 2153 temporibus
1445 2107 1608 2154 Sappho,
1644 2108 1736 2143 Poe-

274 2155 344 2190 tria
367 2152 494 2199 prima,
531 2150 690 2186 innotuit.
747 2152 832 2186 Post
854 2153 1022 2187 Cranaum
1045 2154 1203 2199 regnavit
1228 2155 1423 2188 Phoroneus
1446 2153 1592 2199 aliique,
1629 2165 1737 2199 usque

277 2200 322 2234 ad
346 2198 517 2239 Codrum3
561 2197 620 2241 qui
643 2208 781 2241 regnum
812 2198 924 2231 tenuit
946 2210 1009 2244 per
1031 2211 1135 2234 annos
1158 2209 1228 2234 xxi.
1281 2199 1429 2234 Duravit
1457 2199 1574 2245 itaque
1596 2211 1738 2245 regnum

277 2256 396 2280 eorum
420 2253 524 2278 annos
548 2252 718 2278 ccccxcn.

371 2290 577 2324 Archontum
602 2293 714 2321 autem
736 2288 966 2333 temporibuS,
990 2289 1103 2325 Draco
1129 2290 1388 2326 Atheniensibus
1410 2290 1505 2335 leges
1528 2290 1654 2336 primus
1678 2290 1741 2324 de-

281 2336 353 2371 dit:
386 2346 471 2379 quas
493 2334 617 2374 Solon,
642 2344 817 2367 successor
840 2334 933 2377 ejus,
967 2336 1161 2380 abrogavit.
1206 2336 1298 2370 Alias
1322 2336 1444 2370 deinde
1467 2334 1619 2370 condidit
1642 2336 1740 2370 Tha-

282 2383 333 2417 les
357 2380 525 2415 Milesius.
570 2378 779 2413 Athenarum
801 2390 916 2413 rursus
939 2391 1079 2424 regnum
1110 2382 1270 2426 deinceps
1293 2381 1419 2415 invasit
1441 2382 1566 2427 primus
1589 2383 1741 2426 Aeschy-

282 2428 357 2470 lus,
383 2437 446 2471 per
469 2435 586 2458 annum
602 2435 720 2458 unum:
756 2430 834 2468 post
853 2426 1075 2469 Aeschylum,
1107 2428 1268 2471 regnavit
1288 2428 1456 2460 Acmaeon
1475 2438 1536 2472 per
1550 2426 1740 2460 biennium:

284 2473 328 2506 de
350 2483 417 2516 quo
449 2468 713 2515 sapientissimus
736 2469 921 2515 Euripides
944 2471 1157 2515 tragoediam
1191 2471 1351 2508 condidit.
1398 2472 1482 2505 Post
1504 2473 1742 2506 Acmaeontem

284 2522 476 2561 regnarunt
506 2515 692 2549 octodecim
717 2515 794 2556 alii;
834 2527 940 2560 usque
963 2517 1006 2550 ad
1033 2517 1251 2558 Arexionem,
1288 2517 1347 2560 qui
1369 2517 1529 2561 regnavit
1551 2529 1655 2551 annos
1680 2529 1743 2560 xu,

286 2567 324 2596 et
353 2561 552 2596 dissolutum
576 2564 628 2594 est
660 2561 814 2605 Regnum
838 2561 1107 2602 Atheniensium,
1145 2574 1218 2596 cum
1242 2561 1400 2596 durasset
1431 2573 1536 2597 annos
1565 2574 1743 2605 nccccvn,

283 2609 384 2652 juxta
405 2606 621 2641 traditionem
644 2605 796 2640 Africani
825 2606 1063 2651 sapientissimi
1088 2607 1357 2651 Chronographi.

380 2652 487 2686 Paulo
520 2657 598 2697 post
618 2657 771 2696 tempore
799 2652 918 2686 Israeli
944 2653 1011 2686 dux
1034 2652 1102 2686 suit
1132 2653 1295 2686 Gedeon:
1342 2652 1420 2687 huic
1440 2655 1745 2699 contemporaneus

289 2699 366 2731 erat
385 2697 651 2742 sapientissimus
675 2697 835 2742 Orpheus
857 2697 1002 2742 Lyricus
1024 2697 1212 2742 Odryssius
1235 2708 1278 2731 ex
1301 2698 1472 2741 Thracia,
1515 2699 1745 2734 celebratissi-

290 2753 361 2777 mus
384 2742 503 2776 Poeta.
548 2743 617 2776 Hic
639 2742 786 2777 Deorum
810 2742 990 2787 Origines,
1026 2742 1136 2776 mundi
1160 2743 1260 2777 etiam
1285 2743 1519 2790 hominumque
1542 2745 1744 2779 creationem

292 2787 469 2832 exposuit:
511 2789 687 2832 praefatus
713 2788 748 2822 in
768 2788 933 2843 principio
959 2788 1083 2833 Operis
1107 2787 1180 2832 sui,
1216 2799 1253 2822 se
1268 2789 1370 2831 nihii,
1406 2802 1448 2824 ex
1469 2790 1605 2836 proprio
1625 2789 1745 2824 instin-

292 2836 370 2874 ctu,
394 2832 437 2867 de
459 2832 551 2877 Deo,
575 2837 635 2868 aut
659 2834 779 2868 Mundi
801 2834 957 2880 opificio,
978 2833 1178 2881 protulisse:
1210 2845 1327 2869 verum
1346 2846 1384 2870 se
1408 2836 1566 2881 precibus
1589 2836 1660 2870 suis
1682 2835 1745 2871 ob-
