1838 3230
305 160 406 206 712
891 153 1117 199 BENTLE
1123 154 1161 198 11
1188 178 1191 181 Δ

303 268 452 307 foetum
479 281 728 320 cognoscam,
763 282 843 308 non
877 269 1116 308 committam
1145 275 1191 308 ut
1218 270 1357 322 alium,
1387 283 1505 322 quam
1530 282 1610 321 quo
1633 276 1750 311 natus

305 330 382 374 est,
412 332 610 377 parentem
633 325 709 364 sibi
725 325 910 365 inveniat.
964 325 1109 364 Versus
1129 326 1232 364 enim
1251 333 1342 366 sunt
1358 325 1587 377 Trochaici,
1616 339 1667 375 ex
1684 340 1748 366 ea·-

304 379 392 419 dem
410 387 509 433 puto
528 395 645 421 scena
664 381 797 433 petiti,
825 395 903 433 qua
919 381 1100 433 superior
1119 387 1195 422 est.
1757 386 1759 389 ’

523 447 575 486 Ut
594 463 662 500 ego
680 446 842 500 plectar,
864 446 968 500 quod
986 457 1028 486 iu
1045 458 1281 501 pecca331u
1300 446 1503 502 delinquis,
1517 462 1586 499 ego
1604 460 1750 500 arguar

521 506 598 544 Pro
615 502 834 557 malefactis
845 502 868 542 Ρ
909 501 1062 542 Helena
1081 502 1233 554 redeat,
1260 505 1345 556 virg
1347 519 1369 542 ο
1388 513 1518 555 pereat
1535 505 1738 543 innocens.
1729 501 1765 531 {¹-

521 559 609 597 Tua
627 557 893 598 reconcilietur
920 573 1047 608 uoeor,
1073 573 1160 597 mea
1188 569 1339 598 necetur
1348 558 1480 614 film

301 626 389 664 Non
421 626 608 677 amplius,
638 625 747 676 quod
777 625 920 674 sciam,
950 625 1158 676 Euripides
1185 639 1208 663 a
1236 625 1376 664 Malela
1410 626 1555 663 citatur
1578 631 1750 678 praeter-

303 695 420 732 quam
450 696 490 733 p.
509 683 573 724 35.
605 683 638 720 Ο
674 683 826 734 Ταῦρος
853 681 895 722 ἐκ
922 684 993 732 τῆς
1016 677 1220 735 Εὐρώπης
1251 680 1358 732 ε’σχεν
1385 677 1477 720 υἴὸν
1509 695 1580 721 τον
1611 681 1748 731 Μίνω,

301 734 441 783 καθώς
470 737 536 777 καὶ
559 733 779 789 Ευριπίδης
807 735 831 777 ό
860 733 1088 787 σοφώτατος
1116 751 1332 787 ποιητικως
1357 732 1653 803 συνεγράψω-0·
1695 752 1750 786 ως

302 805 413 843 φησι,
445 790 546 840 Ζευς
566 791 824 844 μεταβληθεὶς
844 793 898 840 εἷς
917 795 1064 844 ταῦρον
1082 807 1158 844 την
1176 788 1381 844 Ευρώπην
1397 788 1586 845 ἥρπασεν.
1641 792 1748 831 Haec

301 848 458 911 quidem
488 849 593 886 unde
623 848 808 886 accersita
837 848 934 896 sint,
977 862 1058 885 11011
1085 853 1190 885 certo
1218 848 1319 886 scio:
1359 861 1448 886 nam
1479 847 1667 886 credibile
1690 855 1749 887 est

174 905 207 938 Ο
230 903 276 940 44
301 917 389 941 eum
411 907 449 942 in
469 919 549 942 11011
568 918 644 942 una
667 903 866 953 tragoedia
884 903 984 942 haec
1007 904 1131 942 obiter
1150 903 1344 953 attigisse;
1372 909 1417 941 ut
1433 903 1475 940 111
1499 903 1748 942 Cretensibus

298 959 486 1009 smtassis,
515 961 584 998 ubi
603 959 754 998 Chorus
773 959 824 997 ad
842 959 1030 1009 Minoem3
1061 957 1374 1024 φοινικογενοῧς,
1403 962 1487 1006 παῖ,
1513 961 1586 1010 τῆς
1605 961 1750 1014 Τυρίας

299 1015 439 1056 τέκνον
460 1012 661 1066 Εὐρώπης
687 1015 754 1055 καὶ
783 1018 856 1054 τοῦ
885 1011 1054 1067 μεγαλου
1085 1010 1223 1066 Ζηνός.
1279 1015 1365 1053 veri
1386 1020 1513 1053 tamen
1541 1015 1666 1054 simile
1689 1022 1750 1055 est

301 1085 351 1109 ex
370 1071 567 1123 Euxipidis
585 1070 733 1110 Phrixo
751 1071 891 1108 tralata
914 1084 1007 1111 esse.
1050 1070 1356 1109 Eratosthenes·
1345 1084 1385 1108 1n
1401 1073 1750 1140 Καταστερισμοῖς.

306 1130 460 1179 Ταῦρος
487 1127 634 1180 λέγεται
659 1127 701 1166 ἐν
718 1130 800 1174 τοῖς
828 1124 986 1195 ἄστροις
1005 1142 1045 1166 τε
1049 1130 1175 1178 θῆναι
1203 1124 1269 1167 ὃιοέ
1289 1123 1334 1167 τό
1350 1121 1555 1177 Ευρωπην
1589 1124 1749 1182 ἀγαγεῖν

299 1182 343 1222 ἐκ
377 1184 565 1232 Φοινίκης
596 1183 650 1228 εἰς
671 1178 832 1233 Κρήτην
858 1180 924 1222 dmi
953 1185 1025 1223 τοῦ
1044 1179 1256 1234 πελάγους,
1303 1198 1356 1229 ως
1377 1178 1600 1233 Εὐριπίδης
1621 1182 1664 1222 ἐν
1690 1186 1750 1237 τῷ

303 1239 447 1301 Φρίξῳ..
507 1238 685 1276 Piofecto
707 1238 771 1287 qui
801 1236 996 1290 Europam
1022 1238 1279 1289 'Iragoediam
1300 1251 1382 1277 esse
1399 1238 1557 1289 volunt,
1585 1224 1749 1278 narrant

298 1293 443 1332 nobis
433 1294 664 1331 insomnium
685 1306 734 1330 ex
758 1292 925 1331 eburnea
942 1300 1068 1346 porta.

411 1361 619 1410 Pag.181.
657 1362 719 1399 Ev
734 1363 816 1407 τοῖς
841 1356 997 1412 χρόνοις
1015 1364 1097 1408 τοῖς
1124 1357 1218 1426 μετὰ
1235 1375 1307 1412 την
1329 1356 1476 1400 ἅλωσιν
1496 1361 1638 1431 Τροίας
1658 1359 1750 1416 παρ’

303 1419 478 1467 Ελλησιν
500 1412 739 1467 ἐθαυμάζετο
759 1418 911 1467 πρῶτος
932 1418 1051 1467 Θέμις
1068 1412 1244 1467 ὀνόματι.
1278 1415 1411 1467 ἔξευρε
1427 1413 1509 1482 γὰρ
1523 1411 1640 1464 οὗτος
1659 1434 1750 1470 τρα-

301 1470 413 1524 γικοῖς
435 1473 645 1540 μελῳδίας,
671 1470 738 1510 καὶ
759 1471 912 1519 ἐξέθετο
935 1475 1088 1524 πρῶτος
1107 1469 1305 1540 δράματα,
1333 1470 1401 1510 καὶ
1420 1467 1514 1521 μετὰ
1531 1487 1648 1512 τουτο
1666 1475 1750 1514 Μί-

301 1543 400 1576 νως,
429 1527 495 1567 καὶ
527 1542 620 1579 μετα
655 1527 802 1566 Μίνωα
829 1523 985 1574 Αυλέοις
1009 1543 1214 1581 τραγικους
1233 1542 1375 1579 χορους
1401 1522 1610 1579 δραμάτων
1637 1540 1749 1570 συνε-

299 1580 496 1637 γράψοιτο.
552 1583 706 1620 Utinam
725 1595 820 1620 vero
842 1582 999 1621 Mulelae
1025 1597 1112 1620 cum
1135 1595 1390 1634 praecursore
1409 1595 1479 1619 suo
1498 1584 1636 1622 melius
1654 1599 1748 1624 con..

301 1638 474 1678 veniret!
505 1653 591 1676 nam
611 1638 735 1688 Jubal,
759 1638 791 1675 si
812 1638 845 1676 ei
864 1638 1070 1687 credimus,
1101 1638 1169 1676 diu
1189 1645 1275 1676 ante
1293 1637 1436 1690 Trojae
1454 1638 1649 1678 excidium
1667 1647 1749 1680 tra..

301 1695 459 1745 goedias
487 1695 694 1737 factitavit.
752 1694 900 1743 Verba,
938 1708 987 1732 ne
1006 1701 1044 1733 te
1067 1695 1204 1733 ludere
1225 1693 1382 1743 videar,
1421 1700 1511 1732 sunt
1537 1709 1576 1746 p.
1599 1699 1636 1737 3.
1662 1696 1684 1738 ὁ
1703 1695 1748 1737 δὲ

304 1749 451 1802 Ιουβινῖλ
477 1751 721 1817 κιθαρῳδίας
748 1749 815 1789 καὶ
842 1751 1059 1805 τραγωδίας
1087 1755 1168 1797 τοῖς
1199 1751 1441 1800 δαιμονικοῖς
1468 1748 1747 1804 ἐπιτηδεύμασι

303 1803 629 1869 πρρσεπενόησεν.
687 1805 794 1853 Quid
811 1807 917 1856 quod
948 1806 995 1843 ad
1019 1820 1177 1845 soccum
1193 1805 1300 1843 haud
1319 1806 1447 1843 minus
1466 1805 1631 1845 idoneus
1651 1815 1745 1857 erat,

304 1862 337 1899 ei
356 1861 606 1914 interpretem
625 1862 748 1910 audis,
779 1875 894 1912 quam
912 1862 960 1900 ad
982 1861 1236 1901 cothurnum.
1283 1862 1379 1899 Nam
1401 1863 1622 1917 κιθαρῳδία
1642 1863 1750 1902 Chil-

302 1917 440 1955 meado
460 1925 520 1955 est
536 1916 755 1966 comoeclia3
799 1918 884 1967 qui,
917 1931 1003 1955 cum
1026 1918 1076 1955 ad
1097 1918 1192 1955 alios
1214 1917 1358 1965 ingenii
1378 1917 1506 1955 cultus
1528 1918 1642 1957 etiam
1660 1920 1747 1957 Mu-

304 1972 410 2010 sicae
426 1973 598 2010 studium
618 1973 859 2024 adjunxerit3
889 1987 960 2011 cur
983 1973 1080 2012 adeo
1097 1974 1143 2011 ab
1160 1973 1325 2011 artificio
1342 1986 1410 2012 suo
1428 1973 1642 2022 r,ecederet
1672 1976 1746 2013 mi·

303 2041 394 2066 ror:
426 2029 634 2066 clementer
653 2036 800 2077 tamen,
830 2036 991 2081 propter
1012 2030 1086 2067 alia
1106 2030 1259 2076 merita,
1289 2042 1435 2080 suaque
1452 2029 1560 2079 quasi
1578 2030 1663 2080 lyra
1689 2037 1746 2069 est

302 2083 574 2135 increpandus.
631 2084 708 2122 Vix
726 2085 904 2134 equidem
924 2085 1155 2124 crediderim
1173 2086 1214 2122 in
1226 2085 1469 2123 Bibliotheca
1489 2091 1616 2123 vestra
1635 2086 1744 2123 Oxo-

304 2140 380 2187 nii,
411 2146 708 2191 quantacunque
733 2146 811 2189 est,
850 2141 1051 2180 Jubaliana
1082 2143 1259 2180 Dramata
1281 2140 1459 2192 reperiri.
1514 2140 1670 2180 Scilicet
1697 2155 1743 2180 ea

307 2196 435 2234 omnia
453 2195 655 2249 perierunt
684 2194 796 2245 olim3

524 2261 691 2307 Quando
712 2275 760 2299 ex
786 2261 933 2301 diluvio
955 2278 1092 2315 magno
1111 2264 1267 2303 exivere
1286 2276 1447 2315 rapaces

519 2318 595 2357 Per
609 2324 731 2357 terras
750 2331 899 2369 amnes,
930 2326 1045 2371 atque
1066 2321 1211 2372 oppida
1230 2332 1480 2372 cooperuere.

307 2384 484 2431 Quarum
506 2386 721 2423 fabularum
738 2400 813 2423 una
835 2399 922 2424 cum
944 2387 1036 2437 ipsis
1066 2389 1177 2425 etiam
1196 2388 1378 2425 memoria
1396 2386 1623 2436 occidisset;
1653 2387 1741 2425 abs-

306 2453 382 2490 que
403 2441 472 2478 illo
493 2441 715 2479 Hamartolo
737 2442 884 2490 suisset,
915 2446 981 2492 qui
999 2445 1124 2480 onmia
1144 2444 1298 2481 0111111110
1319 2442 1502 2490 meminit,
1535 2443 1644 2490 Quae
1663 2444 1744 2480 sue-

303 2502 419 2546 runt,
449 2504 487 2534 et
509 2510 606 2547 quae
633 2498 742 2534 nullo
764 2504 853 2535 sunt
869 2505 1042 2549 tempore
1063 2506 1162 2537 nata.
1218 2498 1349 2536 Habeo
1369 2505 1516 2546 tamen,
1546 2512 1623 2549 quo
1645 2499 1743 2536 desi-

306 2551 455 2589 derium
485 2566 610 2591 meum
638 2559 675 2591 et
702 2553 878 2591 dolorem
907 2555 1104 2601 consoler3
1148 2569 1236 2592 nam
1260 2554 1300 2590 iu
1328 2560 1489 2590 mentem
1519 2560 1741 2605 opportune

303 2607 412 2644 venit
438 2607 520 2645 fimi
548 2622 683 2658 posse,
712 2616 754 2646 ut
777 2610 887 2647 locus
911 2609 983 2647 iste
1008 2609 1172 2647 xitiosus
1200 2609 1271 2657 sit,
1313 2615 1349 2646 et
1376 2610 1415 2646 in
1444 2608 1550 2647 hunc
1583 2610 1742 2648 modum

306 2662 591 2701 emendandus:
628 2666 659 2703 O
680 2662 722 2703 δὲ
742 2663 888 2716 Ιουβαλ
914 2666 1156 2730 κιθαρῳδίας
1176 2665 1242 2704 καὶ
1270 2666 1463 2718 λυρῳδίας
1482 2670 1563 2711 τοῖς
1583 2680 1742 2728 αρμονι-

303 2721 389 2764 κοῖς
415 2714 693 2782 ἐπιτηδεύμασι
719 2717 1037 2772 προσεπενόησεν.
1093 2722 1143 2758 Et
1175 2720 1350 2770 profecto
1382 2734 1498 2770 quam
1525 2721 1644 2770 magis
1661 2733 1740 2757 ma-

305 2773 440 2824 gisque
468 2774 617 2827 cogito,
646 2775 827 2815 1111111111111
854 2791 926 2816 acu
954 2790 1035 2816 rem
1067 2776 1196 2827 tetigi3
1237 2776 1296 2814 sin
1322 2782 1470 2827 autem,
1500 2776 1620 2815 nolim
1647 2775 1742 2815 mihi
