1838 3230
298 180 394 227 112
687 177 968 223 IOANNIS
997 180 1333 226 MALALAE

295 295 399 338 κατὰ
428 295 497 339 τὸν
524 297 662 352 καιρὸν
693 301 774 339 τῶν
799 296 1099 353 ἀναθημάτων,
1137 300 1346 353 συμβαίνει
1365 307 1530 356 σημεῖον
1546 291 1733 358 γενέσθαι

293 368 478 407 τοιοῦτον
497 367 551 414 εἷς
570 364 643 419 τὴν
665 362 779 406 πόλιν
799 365 861 406 ἐπὶ
879 366 950 408 τὸν
967 367 1109 420 βωμῦν
1128 372 1200 410 τοῦ
1215 366 1479 418 Ἀπόλλωνος.
1527 367 1732 423 ’βάλλουσι

291 437 372 488 πῦρ
405 435 458 482 εἷς
489 433 559 475 τὸν
585 432 726 486 βωμὸν
756 432 823 474 διὰ
848 434 921 488 τὴν
950 436 1123 477 θυσίαν·
1160 435 1211 478 τὰ
1244 437 1287 478 δὲ
1310 435 1382 479 οὒκ
1405 437 1598 481 ἐκαίοντο.
1665 440 1733 481 καὶ

240 511 271 547 1)
294 499 484 550 πολλάκις
504 501 830 555 προσφερομένου
853 506 925 544 τοῦ
945 502 1071 558 πυρὸς
1091 505 1155 545 καὶ
1175 503 1230 557 μὴ
1251 504 1492 558 καιομένου,
1527 505 1662 549 πίπτει
1679 505 1733 551 τὰ,

296 570 336 611 ἒν
356 573 413 626 τῷ
435 572 562 624 βωμῷ
584 566 715 610 πάντα
734 570 788 617 εἷς
806 568 853 611 τὸ
872 569 1034 625 ἔδαφος.
1103 572 1318 626 γινομένων
1346 573 1390 614 δὲ
1421 573 1486 614 καὶ
1506 571 1639 616 ἄλλων
1655 581 1761 629 ση-5

291 638 438 692 μείων,
475 636 513 678 οἳ
535 640 674 691 Τρῶες
703 634 850 686 εἰδότες
876 637 1055 692 λέγουσιν
1090 639 1162 681 οὐκ
1188 639 1346 694 ἀγαθὸν
1379 639 1516 689 αὐτοῖς
1540 638 1639 683 εἶναι
1659 641 1732 684 τὸν

292 702 446 748 οἰωνόν.
517 705 583 746 καὶ
610 702 875 760 ἀναγκάζουσι
902 705 971 747 τὸν
996 705 1215 763 Ἀντήνορα
1236 708 1274 749 οἳ
1293 707 1452 762 ἒξαρχοι
1470 711 1552 751 τῶν
1575 706 1731 764 Τρώων

291 774 357 814 καὶ
376 770 396 814 ὃ
415 773 606 827 Πριάμος
624 774 688 814 καὶ
706 770 725 814 ὅ
747 772 921 828 στρατὸς
939 771 1040 816 ὥστε
1062 775 1236 823 ἐξελθεῖν
1255 775 1355 831 πρὸς
1371 773 1479 829 ὑμᾶς
1496 775 1592 825 τούς
1607 780 1730 830 βασι-

290 844 370 889 λεῖς
400 841 466 882 καὶ
498 839 565 882 διὰ
594 844 667 894 τῆς
693 842 798 890 ἰδίας
820 842 1031 897 πρεσβείας
1050 849 1180 884 πεῖσαι
1201 843 1297 892 τούς
1313 843 1506 893 Δαναοὺς
1525 842 1634 898 ’ὗμᾶς
1653 848 1729 887 λα-

290 913 376 962 βεῖν
395 905 522 961 λύτρα
546 909 610 949 καὶ
631 910 816 950 διαλῦσαι
837 908 907 950 τὸν
924 906 1109 963 πόλεμον.
1178 912 1243 951 καὶ
1265 916 1394 953 ταῦτα
1412 910 1545 954 πάντα
1562 910 1728 967 ἶστορή-
1739 920 1784 954 10

292 992 433 1025 σαντες
457 974 569 1030 ἡμεῖς
591 974 820 1026 ἐξελθόντες
844 976 1125 1032 ἀνηγγείλαμεν
1152 982 1273 1020 πᾶσιν
1291 977 1398 1032 ῧμΐν.
1467 977 1488 1022 ὃ
1519 979 1563 1021 δὲ
1585 978 1730 1035 Ἀντή-

281 1061 374 1100 νωρ
407 1044 664 1099 κατέφθασεν
699 1044 874 1094 ἐξελθών
907 1047 962 1094 εἷς
988 1046 1226 1101 πρεσβείαν,
1264 1048 1328 1088 καὶ
1357 1045 1433 1102 ἔφη
1461 1050 1591 1088 ταῦτα
1611 1045 1665 1096 ὥς
1686 1048 1729 1090 ἐκ

290 1109 483 1168 Πριάμου
502 1113 567 1152 καὶ
585 1115 666 1154 τῶν
683 1116 846 1155 λοιπῶν.
916 1115 1103 1162 Βασιλεῖς
1119 1111 1318 1168 Ἑλλήνων
1337 1112 1462 1166 ὄντες,
1487 1115 1615 1171 φίλων
1633 1114 1729 1171 ἔργα

291 1178 573 1235 διαπράξασθε
596 1181 659 1221 καὶ
680 1180 735 1234 μὴ
760 1182 970 1233 πολεμίων.
996 1218 999 1221 .
1040 1179 1172 1223 πάντα
1192 1179 1397 1236 ἐπάθομεν
1415 1181 1491 1224 ὅσα
1509 1172 1627 1237 ἐχρῆν
1647 1200 1729 1225 πα-

236 1255 269 1289 Ε
292 1252 381 1290 θεῖν
401 1247 497 1296 τοὺς
513 1245 809 1303 ἡμαρτηκότας,
881 1247 974 1290 ἀνθ’
1001 1242 1055 1291 ὧν
1085 1249 1160 1303 γὰρ
1184 1249 1445 1306 Ἀλέξανδρος
1482 1247 1503 1292 ὅ
1539 1252 1606 1292 καὶ
1629 1248 1725 1293 Πά-
1738 1259 1781 1295 15

288 1333 350 1372 ρις
387 1315 599 1358 Μενέλαον
625 1315 789 1370 ἠδίκησε
823 1317 936 1364 δίκας
956 1317 1101 1358 δέδωκε
1122 1316 1167 1358 τὸ
1186 1316 1330 1359 Ἴλιον·
1365 1319 1430 1359 καὶ
1451 1322 1726 1374 μαρτυροῦσιν

146 1394 178 1427 O
205 1392 270 1429 143
294 1384 332 1426 οἳ
351 1382 474 1438 τάφοι
493 1387 571 1425 τῶν
591 1384 632 1424 ἐν
650 1390 739 1432 ταῖς
757 1382 906 1437 μάχαις
925 1383 1195 1437 ἀπολομένων.
1265 1385 1303 1427 οἳ
1322 1380 1395 1428 οὖν
1411 1386 1729 1443 περιλειφθέντες

287 1450 401 1506 ἧμεΐς
423 1449 549 1505 λύτρα
571 1451 742 1506 φέρομεν
762 1449 856 1504 ὖμΐν
874 1449 973 1507 ὑπὲρ
994 1456 1117 1503 θεῶν,
1152 1450 1250 1506 ’ὗπὲρ
1268 1454 1475 1508 πατρίδος,
1508 1451 1609 1510 ὖπὲρ
1629 1456 1726 1497 παί-

288 1521 382 1562 δων.
454 1518 539 1561 ἀλλ’
552 1517 737 1573 Ἕλληνες
758 1518 867 1568 ὄντες
884 1519 979 1568 τοὺς
995 1517 1085 1561 τότε
1108 1519 1300 1572 ἀπειθεῖς,
1324 1525 1394 1562 νῦν
1413 1521 1456 1562 δὲ
1474 1521 1618 1573 ἱκέτας,
1641 1519 1725 1564 σώ-

287 1604 406 1639 σατε,
438 1584 660 1642 χρημάτων
690 1587 960 1641 τυπουμένων.
1030 1587 1258 1636 πεισθέντες
1287 1589 1330 1630 δὲ
1355 1586 1465 1642 ὖμεΐς
1485 1586 1630 1638 πάντες
1649 1594 1722 1631 τοῦ
1733 1596 1780 1632 20

164 1662 195 1696 V
218 1660 262 1697 47
281 1653 531 1709 Ἀντήνορος,
554 1654 803 1708 ε’ξεπέμψατέ
815 1672 864 1708 με
883 1656 948 1696 καὶ
967 1654 1040 1697 σὺν
1063 1655 1148 1707 ἐμοὶ
1170 1654 1460 1710 τὸνΔιομήδην
1478 1656 1579 1712 πρὸς
1588 1658 1725 1712 Πρία-

284 1741 363 1778 μον
382 1726 566 1765 τυπῶσαι
586 1722 657 1777 τὴν
677 1721 885 1777 ποσότητα
904 1726 983 1764 τῶν
996 1720 1230 1779 χρημάτων.
1267 1722 1530 1766 εἰσελθόντων
1550 1725 1594 1767 δὲ
1609 1722 1724 1779 ἡμῶν

375 1834 409 1867 6.
443 1828 599 1875 εἰδότες]
633 1830 733 1865 Immo
767 1828 920 1872 ἰδόντες.
1028 1830 1061 1864 7.
1091 1827 1280 1876 Ἀντήνοροι
1311 1830 1396 1874 Ch.‚
1423 1827 1626 1877 Ἀντήνωρα
1651 1832 1721 1866 Ox.

376 1879 430 1912 17.
456 1875 695 1920 οἷπολωμένων
712 1878 777 1911 Ox.
825 1876 981 1911 Eiusdem
997 1880 1195 1922 περιληφθ.
1215 1877 1364 1912 correxit
1382 1877 1448 1911 Ch.
1536 1879 1593 1913 20.
1617 1875 1722 1923 ὑμεῖς

374 1924 457 1965 Ch„
481 1920 583 1969 ἡμεῖς
605 1923 671 1957 Ox.
718 1922 849 1957 Eadem
868 1921 1093 1969 Ἀντήνωρος.

284 2014 388 2048 Festa
410 2014 665 2047 Anathematum
689 2011 952 2055 celebrantibus,
984 2012 1116 2047 interim
1139 2012 1215 2047 dum
1237 2023 1333 2047 sacra
1353 2012 1388 2046 in
1410 2012 1493 2046 urbe
1514 2023 1721 2058 perageren-

281 2065 361 2099 tur,
396 2059 557 2104 Apollinis
583 2058 625 2092 ad
658 2070 749 2093 aram
772 2063 961 2104 portentum
987 2059 1109 2093 accidit
1131 2058 1325 2103 hujusmodi.
1371 2057 1486 2101 Ignem
1508 2058 1630 2101 altari,
1665 2069 1720 2093 sa-

286 2103 412 2138 crificio
444 2104 662 2144 immolando,
695 2104 761 2138 rite
783 2104 1023 2139 admovebant:
1065 2104 1149 2137 illud
1173 2115 1254 2138 vero
1281 2113 1348 2136 uon
1371 2102 1585 2137 comburitur.
1630 2103 1720 2138 Sae-

285 2149 501 2195 piusculeque
521 2148 685 2193 repetitus
707 2149 815 2193 ignis,
850 2161 916 2183 non
940 2149 1065 2184 exarsit
1086 2154 1215 2183 tamen:
1254 2147 1334 2193 quin
1356 2151 1390 2181 et
1413 2159 1475 2189 ea,
1506 2159 1596 2193 quae
1619 2148 1720 2183 altari

281 2195 552 2240 imponebantur,
578 2194 686 2228 omnia
707 2194 742 2227 in
765 2199 890 2228 terram
912 2195 1119 2229 deciderunt.
1165 2199 1344 2228 Accessere
1361 2193 1412 2227 his
1433 2194 1533 2228 etiam
1553 2193 1619 2227 alia
1638 2205 1720 2239 pro-

282 2241 374 2285 digia
398 2252 486 2285 quae
506 2239 649 2282 Trojani
672 2239 992 2282 animadvertentes,
1015 2240 1188 2274 adversum
1211 2238 1275 2273 sibi
1298 2238 1423 2283 aliquid
1447 2239 1643 2273 denunciari
1664 2239 1719 2273 di-

282 2290 415 2321 xerunt.
463 2287 609 2318 Antenor
631 2285 768 2329 itaque,
803 2285 935 2319 Priamo
958 2297 1060 2329 rege,
1085 2285 1242 2325 ducibus,
1267 2283 1482 2329 exercituque
1506 2284 1659 2328 Trojano
1680 2283 1717 2318 id

281 2333 325 2366 ab
349 2343 389 2365 eo
412 2329 662 2375 flagitantibus,
686 2330 728 2363 ad
752 2342 811 2363 vos
834 2330 945 2374 Reges
967 2331 1081 2364 missus
1104 2333 1155 2364 est
1176 2330 1326 2373 legatus;
1361 2340 1480 2374 nempe
1499 2328 1632 2362 Danaos
1655 2340 1717 2364 ex-

282 2382 413 2411 oratum
427 2401 436 2417 ,
467 2375 517 2409 uti
540 2386 654 2420 pacem
676 2374 755 2420 ipsis
778 2375 886 2419 pretio
910 2375 1092 2409 constituto
1115 2374 1274 2409 reddatis.
1322 2375 1472 2415 Quorum
1495 2373 1636 2408 omnium
1658 2385 1717 2408 nos

282 2422 438 2457 notitiam
461 2420 648 2465 assequuti,
683 2427 794 2454 castra
816 2425 1007 2465 repetentes
1030 2419 1123 2454 vobis
1146 2420 1375 2454 indicavimus.
1420 2421 1571 2453 Antenor
1593 2423 1716 2462 autem,

281 2468 468 2512 Legatione
500 2470 674 2510 suscepta,
711 2465 955 2508 Trojanorum,
988 2469 1023 2499 et
1045 2465 1172 2499 Priami
1205 2465 1355 2505 nomine,
1392 2463 1576 2498 orationem
1598 2464 1716 2499 habuit

279 2512 478 2556 hujusmodi.
540 2511 747 2545 Graecorum
770 2511 828 2555 qui
850 2522 947 2554 reges
976 2510 1073 2551 estis,
1106 2522 1172 2544 non
1195 2511 1331 2554 amplius
1353 2520 1439 2553 quae
1462 2508 1622 2550 hostium,
1655 2509 1714 2544 sed

280 2560 460 2591 amicorum
486 2568 571 2601 quae
593 2561 680 2597 sunt,
703 2555 815 2589 facite.
861 2555 1067 2588 Delictorum
1089 2561 1288 2595 nostrorum,
1320 2565 1402 2598 quas
1425 2553 1604 2596 debuimus,
1629 2566 1714 2600 poe-

280 2614 340 2636 nas
363 2602 521 2636 dedimus.
570 2602 637 2635 Pro
660 2601 783 2645 injuria
798 2600 892 2645 ,enim
911 2611 931 2634 a
951 2599 1074 2634 Paride
1097 2600 1250 2633 Menelao
1272 2601 1376 2642 facta,
1400 2599 1462 2633 luit
1484 2598 1598 2633 Iliumz
1622 2600 1724 2644 quod.

282 2659 451 2681 caesorum
472 2647 508 2680 in
530 2647 618 2680 bello
654 2647 829 2692 sepulchra
850 2645 930 2679 satis
952 2649 1129 2679 testantur.
1173 2644 1230 2677 Ex
1252 2644 1347 2678 vobis
1368 2645 1531 2689 pretium,
1566 2655 1631 2689 quo
1653 2655 1713 2678 nos

282 2694 369 2727 bello
393 2692 516 2727 residui
537 2693 660 2726 liberos
683 2696 834 2733 nostros,
857 2690 1021 2736 patriam,
1052 2690 1208 2733 Deosque
1229 2689 1438 2734 redempturi
1458 2701 1574 2723 sumus.
1621 2689 1715 2730 Quin

280 2738 407 2781 igitur,
442 2737 568 2771 Graeci
603 2749 675 2771 cum
697 2737 785 2779 sitis,
817 2735 979 2782 supplices
1011 2746 1098 2769 nuuc
1119 2739 1265 2776 vestros,
1303 2734 1381 2769 olim
1412 2734 1471 2780 qui
1493 2739 1712 2776 contumaces,

241 2787 244 2789 ’
283 2783 395 2828 pretio
417 2782 576 2817 liberetis.
621 2782 729 2817 Nobis
758 2793 840 2816 vero
863 2781 1009 2815 omnibus
1041 2779 1202 2815 Antenori
1225 2780 1462 2824 annuentibus,
1497 2779 1585 2815 missi
1604 2790 1712 2813 sumus

284 2827 331 2863 ad
351 2827 538 2871 Priamum,
571 2839 635 2873 ego
658 2839 699 2863 ac
721 2826 916 2870 Diomedes,
947 2831 988 2862 ut
1008 2825 1052 2862 de
1073 2825 1289 2872 pecuniarum
1310 2825 1462 2871 pondere
1482 2830 1711 2861 statueremus.
