1838 3230
603 132 1069 178 ANNOTATmNEs.
1097 198 1099 200 q
1463 135 1562 201 597

111 247 195 288 rius
223 244 367 297 dicere,
406 261 526 300 quam
567 246 649 299 ipse
678 245 903 284 primarum
938 244 1102 284 multum
1139 243 1379 294 submittere,
1419 255 1460 289 ut
1497 244 1565 285 ille

108 304 292 357 princeps
312 316 429 358 quam
461 302 638 342 maxime
657 298 843 340 excellat.
875 307 946 340 ete.
1013 301 1230 340 Primarum
1259 301 1446 340 nimirum
1475 315 1565 354 par-

111 359 212 402 tium
232 358 381 410 actori,
409 357 668 411 praecipuum
695 357 852 397 fabulae
882 357 1109 397 recitandae
1131 371 1229 396 onus
1247 357 1439 398 incubuit.
1497 357 1564 396 Hi-

112 414 432 455 nuiouenrium
462 413 606 453 borum
645 413 848 460 ordinum,
900 411 1270 467 πρωταγωνιστὴς,,
1293 414 1567 466 δευτεραγωνι-

110 468 230 524 auk,
260 471 422 510 Graecia
452 469 552 509 dicti
580 475 691 508 sunt:
721 464 831 523 ἀγών
869 470 969 508 enim
1010 471 1127 510 etiam
1170 470 1366 508 actionem
1397 470 1566 508 Fabulae

110 527 155 567 in
171 529 299 566 Seena
318 526 532 579 significat:
562 525 666 565 unde
692 525 801 576 apud
827 525 1090 578 Hesychium,
1119 525 1367 581 Αγωνισταὶ,
1397 527 1441 568 οἱ
1465 525 1566 568 ὑπο-

111 581 263 638 κριταὶ,
291 582 430 632 idest,
460 582 606 631 ΙΙΙίιηί,
636 581 719 620 sive
739 580 976 623 Histriones.

224 641 334 692 Pag..
359 639 454 682 314·
496 642 558 681 17.
610 638 667 685 εἰς
701 639 862 691 βοῦττιν
902 635 1074 692 μεγάλην
1110 636 1350 692 βαλανείου]
1389 641 1566 686 Βοῦττις,

111 695 323 746 Bomtov,
343 695 540 749 βουτζίον,
569 701 608 733 et
626 691 794 747 Βουτζή,
821 692 956 745 Buua,
986 693 1173 734 Delium:
1209 694 1288 745 hic,
1317 708 1392 747 pro
1416 693 1567 744 La-bro,

111 751 285 804 ponitur.

228 809 322 860 Pag.
351 807 446 850 315.
476 809 515 848 7.
548 805 620 855 ἔξω
650 801 775 847 οὖσαν
795 806 1014 857 Δαμασκοῦ
1031 809 1103 858 τῆς
1131 804 1303 858 πόλεως]
1334 806 1425 844 Chr.
1455 805 1566 844 Alex.

110 861 242 915 habet,
257 862 332 912 ἔξω
346 866 477 904 Ηλιου
495 858 659 911 πόλεως,
681 862 950 902 verisimilius:
971 862 1194 901 Mariamme
1214 863 1437 902 enimvicus
1458 862 1518 900 uti
1530 868 1568 899 et

112 918 352 972 Heliopolis,
383 918 637 967 Phoeniciae3
682 919 892 957 Damascus
919 932 1030 967 vero,
1059 919 1198 971 Syriae
1226 919 1323 957 urbs
1356 924 1428 958 est.
1486 918 1568 956 Ma-

112 975 291 1015 riammia
310 974 508 1028 Stephano
531 975 697 1014 dicitur:
729 976 990 1028 Μαριαμμία,
1019 971 1134 1024 πόλις
1157 975 1372 1015 Φοινίκων.

228 1035 322 1084 Pag.
352 1032 455 1074 315.»
482 1035 544 1074 10.
582 1031 879 1084 χειρουργηθεὶς
901 1031 1086 1086 τελευτᾷ]
1119 1031 1312 1079 Licinius,
1342 1030 1569 1069 aConstan-

114 1088 198 1126 tino
220 1088 355 1127 multis
375 1087 535 1140 praeliis
557 1093 752 1135 tentatus,
782 1087 829 1125 ab
850 1086 984 1126 eodem
1014 1086 1169 1126 taudem
1195 1087 1354 1139 penitus
1376 1085 1569 1134 devictus,

114 1157 197 1183 sese
218 1143 388 1183 dedidit:
418 1143 560 1182 deinde
581 1155 700 1192 vero,
729 1149 774 1181 ut
792 1143 1011 1195 Eutropius
1030 1149 1222 1193 testatur,
1254 1143 1485 1194 religionem
1509 1155 1569 1180 sa-

115 1201 331 1250 crementi,
359 1199 663 1238 Thessalonicae
679 1200 859 1251 privatus
880 1199 1036 1237 occisus
1056 1205 1124 1240 est.

227 1259 322 1309 Pag.
351 1259 448 1299 816.
477 1258 516 1299 3.
548 1255 634 1295 Eut
653 1258 726 1307 τῆς
748 1254 938 1303 ’ὑπατείας
964 1251 1149 1307 Σεβήρου
1175 1253 1243 1294 καὶ
1266 1254 1568 1307 Μαξιμιανοῦ.]

116 1311 208 1352 Chr.
229 1313 341 1352 Alex.
363 1311 414 1351 ad
432 1311 676 1350 Constantini
696 1325 840 1349 annum
866 1325 892 1351 1.
936 1311 1207 1350 Constantium
1236 1311 1347 1350 Caes.
1379 1317 1418 1349 et
1446 1310 1571 1349 Maxi-

114 1369 288 1408 mianum
305 1368 462 1411 Jovium
480 1381 518 1406 v.
539 1368 647 1406 Coss.
667 1367 802 1418 ponit3
830 1366 1023 1406 Eusebius
1044 1381 1139 1406 vero
1163 1367 1306 1407 nullos..

231 1427 325 1477 Pag.
356 1427 449 1466 316.
483 1427 520 1466 8.
551 1423 634 1474 Καὶ
650 1422 839 1476 ’ἡττηθεὶς
863 1419 1098 1475 ἐφοσσεύετο
1119 1420 1200 1464 ὑπὸ
1225 1425 1306 1463 τῶν
1325 1416 1569 1473 Βαρβάρων]
1619 1438 1622 1441 ·

115 1480 195 1520 Alii
220 1481 380 1520 omnino
409 1480 525 1519 aliter
552 1481 628 1517 ista
657 1486 831 1521 narrant.
897 1480 996 1518 Vide
1026 1479 1167 1518 Euseb.
1199 1478 1249 1517 de
1278 1479 1348 1516 vit.
1371 1478 1569 1515 Constant.

113 1536 187 1578 lib.
224 1541 260 1579 1.
294 1537 360 1588 qui
393 1535 492 1574 haec
527 1536 805 1584 Constantino,
845 1534 1088 1574 Maxentium
1127 1537 1274 1574 Romae
1310 1535 1568 1585 imperantem

117 1592 234 1632 armis
265 1592 441 1644 petenti,
479 1592 670 1630 accidisse
695 1598 883 1630 testatur:
925 1592 1042 1643 Cujus
1070 1592 1185 1630 etiam
1218 1590 1276 1628 rei
1302 1589 1569 1627 narrationem

117 1663 161 1688 se
185 1650 233 1687 ab
249 1649 488 1700 Imperatore
505 1649 592 1699 ipso
617 1647 784 1699 posthac
804 1648 1029 1699 accepisse,
1059 1648 1148 1686 loco
1173 1647 1291 1685 citato
1312 1645 1533 1698 profitetur.

229 1706 332 1757 Pag.
357 1707 449 1746 818.
483 1708 548 1745 17.
578 1700 736 1754 Εστοὶς]
766 1706 849 1745 Ser.
871 1700 988 1751 ἑστός.

235 1763 327 1813 Pag.
356 1762 451 1803 319.
485 1763 524 1802 6.
559 1762 642 1799 Τοῦ
669 1755 752 1814 ‘my'
775 1759 885 1806 ἔτους
910 1757 1249 1811 χρηματίζοντος.]
1280 1757 1405 1796 Aerae
1433 1756 1570 1794 Antio-

119 1816 266 1856 chenne
310 1829 433 1854 annus
482 1828 727 1854 cchxxxm.
776 1815 990 1867 respondet
1030 1829 1131 1854 anne
1168 1814 1315 1852 Christi
1349 1812 1570 1851 Eusebiano

121 1886 339 1919 cccxxxv,
379 1871 462 1910 sive
502 1872 744 1923 Dionysiana
777 1872 932 1922 vulgari
971 1883 1176 1920 cccxxxv,
1219 1870 1286 1922 qui
1327 1869 1571 1908 Constantini

118 1931 221 1982 Imp.
245 1928 460 1968 secundum
486 1928 654 1968 eundem
674 1928 884 1967 Eusebium
898 1957 908 1976 ,
936 1941 1060 1966 annus
1079 1934 1164 1966 erat
1180 1940 1293 1966 xxix.
1324 1926 1392 1977 qui
1412 1925 1571 1976 quidem

119 1999 246 2026 annus
277 1985 318 2024 in
349 1983 439 2023 Chr.
470 1985 583 2023 Alex.
615 1998 637 2022 a
670 1983 824 2022 Radere
853 1983 957 2022 edito
987 1983 1112 2022 deest:
1151 1983 1255 2022 ici-em
1283 1988 1416 2021 tamen
1436 1980 1529 2018 Chr.
1548 1995 1570 2018 a

119 2043 319 2094 Scaligero
338 2041 501 2087 editum,
531 2040 582 2079 ad
598 2040 706 2078 hunc
724 2039 962 2078 Constantini
984 2053 1139 2089 annum,
1171 2038 1442 2077 Constantium
1461 2038 1568 2076 caes.

120 2112 176 2139 vr.
199 2105 239 2138 et
268 2098 454 2137 Albinum
479 2098 585 2136 Coss.
616 2096 802 2143 exhibet,
833 2110 935 2134 anno
954 2102 1140 2147 sequente
1167 2092 1264 2143 ἄνευ
1292 2090 1457 2133 ὑπάτων
1476 2093 1570 2132 reli-

122 2161 200 2196 cto.
258 2153 407 2193 Eodem
428 2154 542 2193 etiam
562 2167 663 2192 anno
684 2152 811 2191 dictos
832 2154 940 2192 coss.
959 2158 1114 2204 ponunt:
1135 2151 1242 2190 Fasti
1265 2149 1491 2202 Capitolini.

234 2210 333 2263 Pag.
361 2213 456 2252 319.
486 2213 526 2252 8.
557 2207 826 2263 Εγκάθετος.]
855 2211 936 2247 Ser.
965 2204 1198 2262 ἐγκάθητος.

233 2269 335 2319 Pag-
365 2270 459 2308 319.
488 2269 527 2308 9.
558 2263 800 2318 Δηληγάτωρ
820 2262 1029 2317 haemo]
1062 2259 1316 2316 Δηληγᾶτωρ,
1345 2260 1570 2314 Delegaius;

124 2323 184 2363 uti
213 2329 252 2362 et
283 2323 547 2376 δηληγατίων,
587 2320 789 2374 Delegatio
823 2321 930 2373 apud
956 2320 1132 2360 Suidam.
1189 2318 1411 2370 Hesychius
1441 2317 1569 2365 etiam,

125 2378 390 2434 δηληγαὶιῶν,
424 2374 647 2431 ἀφορίζων,
677 2377 746 2428 qui
765 2377 890 2415 causis
910 2375 1215 2415 determinandis
1237 2380 1403 2427 praeest.

238 2438 331 2488 Pag.
361 2437 454 2478 319.
486 2438 552 2478 18.
594 2430 733 2486 Κύραν
763 2433 955 2486 Ελένην.]
988 2429 1127 2486 Κύρα,
1155 2445 1231 2484 pro
1264 2431 1405 2484 κυρία,
1435 2428 1572 2468 Domi·

126 2506 201 2541 na,
229 2492 338 2544 apud
356 2491 594 2530 recentiores
615 2491 852 2540 frequenter.

239 2546 331 2600 Peg.
359 2549 452 2590 319.
481 2551 547 2589 20.
580 2547 852 2597 Ανεκαινίσθη
870 2543 912 2586 τὰ
935 2543 1031 2586 ποτὲ
1049 2541 1264 2592 Βυζάντιον
1290 2540 1357 2583 ἐπὶ
1378 2544 1449 2593 τῆς
1466 2539 1571 2579 ὑπα-

127 2605 233 2652 τείας
251 2606 469 2644 Γαλλιανοῦ
492 2602 558 2643 καὶ
579 2599 824 2654 Συμμᾶχου]
856 2601 1011 2641 Mallem
1039 2599 1316 2650 ἐνεκαινίσθηε
1346 2598 1447 2635 Urbs
1469 2595 1571 2635 enim

127 2659 227 2698 haec
246 2660 337 2700 licet
356 2659 467 2698 annis
487 2665 576 2698 ante
599 2659 771 2710 aliquot,
803 2657 876 2697 sub
907 2658 994 2697 aliis
1020 2657 1126 2696 Coss.
1154 2653 1401 2693 exaedificari
1433 2659 1570 2704 coepta

129 2716 274 2765 suerit,
313 2715 384 2754 sub
416 2715 477 2754 his
502 2723 632 2755 tamen
655 2714 706 2753 ad
736 2715 886 2754 exitum
922 2713 1078 2752 tandem
1104 2710 1298 2764 perducta
1333 2716 1412 2763 est,
1451 2714 1569 2759 atque

127 2773 332 2823 dedicata3
371 2772 431 2812 uti
463 2773 578 2813 etiam
606 2778 772 2812 testatur
802 2771 894 2811 Chr.
929 2770 1039 2810 Alex.
1070 2774 1230 2808 auctor:
1270 2767 1465 2819 quiCoss.
1496 2764 1569 2804 hos
