1838 3230
297 171 396 222 552
778 167 1251 213 ANNOTATIONES.

299 281 578 334 Μακεδονικός
589 295 599 305 ·
628 297 707 337 quo
725 296 841 324 sensu
858 297 972 338 saepe
989 285 1173 337 usurpari
1192 284 1331 324 asserit
1342 283 1564 339 Stephanus
1581 281 1633 324 de
1649 283 1738 324 urb.

297 343 338 380 in
364 342 613 383 Μακεδονία.

407 401 508 450 Peg
540 399 634 440 208.
663 384 731 437 23.
775 391 881 444 ὅστις
901 395 1112 447 ἐφόνευσεν
1136 396 1180 437 ἐν
1197 395 1355 452 πολέμῳ
1376 403 1452 438 etc.
1460 397 1477 450 ]
1503 396 1587 435 Imo
1605 395 1742 448 Capti-

298 466 393 492 vum
414 453 593 500 abduxit,
626 451 964 504 Triumphumque
984 453 1277 493 celeberrimum
1300 453 1348 492 de
1368 467 1413 493 eo
1437 452 1537 506 egit:
1566 451 1627 491 uti
1637 451 1742 491 scri-

297 509 398 547 bunt
414 507 604 548 Histoxici
623 507 789 546 Romani
809 522 953 548 omnes.

409 568 511 617 Pag.
540 566 634 606 209.
664 568 702 605 2.
745 579 791 603 ne
780 563 835 617 ρὶ
863 559 913 604 οὗ
933 561 1171 613 Σαλούστιος
1202 563 1415 617 μέμνηται]
1444 563 1627 604 Nominat
1647 563 1742 617 qni-

300 619 407 670 dem,
435 621 474 659 in
473 594 538 658 OQ
559 619 733 657 Caesaiis
757 620 951 670 oratione3
981 635 1054 659 nec
1069 621 1219 672 aliquid.
1238 621 1418 673 amplius.

410 679 503 728 Peg
543 678 640 717 209.
667 675 705 716 4.
746 674 965 726 Περσευς“
942 693 962 717 ο
984 674 1230 728 Ηπειρωτης,
1259 673 1524 728 ὅνεομάχος,]
1556 675 1743 723 Quisnam

298 731 455 772 tandem
474 731 524 769 sit
538 730 605 768 hic
629 730 819 779 Perseus?
856 732 894 769 Si
915 732 1208 771 Macedonicum
1228 734 1339 771 illum
1359 732 1627 784 supradictum
1647 731 1748 782 vult,

302 789 396 840 (qui
419 786 575 840 quidem
598 787 807 826 maximam
829 788 951 839 Epiri,
981 788 1278 839 Thessaliaeque
1302 794 1454 840 partem
1473 788 1544 826 sibi
1566 787 1747 851 subjuga-

301 851 422 892 verat,
433 843 449 899 )
478 843 583 880 unde
600 856 704 881 nunc
725 844 895 882 revixit?
940 858 1060 896 supra
1082 845 1182 883 enim
1210 859 1231 882 a
1250 846 1292 884 P.
1313 844 1476 884 Aemilio
1494 843 1646 882 occisus
1665 850 1747 887 tra-

303 901 429 938 ditur:
467 905 533 937 aut
555 912 675 950 quare
694 898 791 938 haec
811 901 974 951 repetita
999 901 1119 939 sunt?
1175 901 1312 951 Neque
1333 901 1435 940 enim
1453 901 1608 940 Persem
1628 899 1747 938 alium

303 957 428 995 ullum
462 961 651 993 memorat
679 956 918 1007 Eutropius,
951 970 1063 1008 quem
1100 956 1194 994 citat
1225 957 1375 994 Auctor
1395 962 1541 995 noster.
1599 955 1748 994 Deinde

305 1027 376 1051 cur
403 1007 609 1062 Νεομάχος
630 1011 846 1061 diceretur,
875 1026 956 1050 non
983 1013 1078 1050 satis
1106 1012 1240 1051 video:
1283 1012 1523 1050 vocabulum
1551 1010 1651 1049 enim
1667 1009 1748 1049 hoe

303 1068 447 1106 nullibi
467 1067 575 1118 apud
596 1041 846 1119 Scr⁷iptores‚
868 1068 977 1120 quod
998 1069 1135 1116 sciam,
1169 1070 1352 1106 occurrit.
1409 1068 1563 1106 Persem
1590 1066 1749 1118 quidem

304 1125 430 1162 classe
451 1136 519 1160 sua
539 1124 735 1161 Romanos
755 1124 903 1163 crebiis
932 1124 1176 1163 denimentis
1197 1124 1366 1162 affecisse
1385 1125 1549 1162 testatur
1565 1124 1750 1173 Zonaras,

304 1181 415 1218 '10m.
437 1184 478 1223 2.
495 1177 562 1218 καὶ
581 1174 702 1227 αυθις
721 1178 744 1220 ὁ
763 1178 938 1231 Περσευς
954 1178 1175 1232 ἐθάοσησε,
1213 1179 1281 1220 καὶ
1307 1177 1332 1219 ἃ
1361 1178 1544 1231 κατέσχεν
1562 1178 1586 1219 ὅ
1609 1179 1750 1218 Φίλιπ-

304 1251 402 1286 πος,
431 1229 691 1286 ἅνεκτησατο,
720 1235 787 1276 καὶ
816 1239 872 1290 τῷ
897 1239 1071 1290 ναυτικῷ
1099 1233 1220 1287 συχνοὶ
1249 1251 1342 1283 τους
1370 1236 1573 1286 Ρωμαίους
1597 1230 1749 1275 ἐλύπει-

306 1299 383 1331 etc.
441 1290 570 1328 Persei
592 1290 707 1327 etiam
723 1291 834 1330 navis
844 1277 1136 1330 Celeberrimae
1156 1292 1330 1330 meminit
1347 1291 1582 1342 Eutropius,
1613 1291 1682 1328 lib.
1706 1290 1747 1334 4.

304 1346 369 1386 his
386 1345 536 1384 verbis:
576 1343 747 1384 Romam
780 1343 976 1399 (Paulus)
1010 1363 1093 1385 cum
1112 1348 1256 1398 ingenti
1273 1361 1416 1399 pompa
1436 1345 1563 1395 rediit,
1592 1347 1631 1384 in
1653 1360 1750 1383 nave

308 1403 454 1451 Persei,
511 1415 582 1438 uae
601 1402 808 1440 inusitatae
826 1401 1107 1454 magnitudinis
1116 1401 1248 1455 faisse
1267 1400 1455 1449 traditur,
1484 1399 1580 1440 adeo
1597 1411 1638 1440 ut
1659 1414 1748 1439 XVI.

308 1457 462 1497 ordines
482 1416 635 1495 {icatur
652 1456 827 1496 habuisse
844 1473 966 1496 remor
968 1474 1042 1496 um
1100 1458 1169 1495 His
1186 1458 1317 1508 itaque
1338 1457 1544 1506 adductus,
1573 1471 1646 1508 pro
1665 1471 1750 1496 νεο-

308 1510 446 1566 μάχος,
473 1508 674 1563 ναυμάχος
693 1513 796 1564 lego,
823 1520 892 1553 aut
914 1514 1026 1560 forte²
1056 1528 1277 1567 νηομαχος,
1305 1519 1507 1566 vertoque,
1536 1509 1753 1551 Navalibus

306 1569 448 1623 pugnis
472 1565 572 1607 celeb
576 1569 640 1605 ris.

423 1626 641 1678 Pag-209.
674 1626 736 1665 10.
771 1622 945 1676 ῤ’ἠξτῶν
973 1623 1152 1679 Αφρων]
1179 1624 1365 1662 Afrorum
1387 1624 1491 1672 Rex,
1528 1623 1611 1663 sive
1639 1623 1752 1663 Dux:

309 1679 386 1718 hoc
401 1679 556 1717 nomine
584 1679 683 1717 enim
703 1680 898 1719 Barbaros
918 1683 1045 1719 Duces
1075 1694 1166 1718 suos
1185 1679 1383 1732 appellare
1402 1679 1539 1718 solitos
1554 1693 1650 1730 esse,
1678 1693 1754 1718 su-

307 1750 382 1788 pia
407 1735 643 1773 monuimus.

422 1792 641 1842 Pag.209.
673 1793 735 1831 13.
783 1789 851 1830 καὶ
878 1787 1018 1840 σφάζει
1041 1807 1110 1831 τον
1135 1789 1419 1844 προειρημένον
1443 1789 1637 1845 Παῦλον]
1669 1792 1754 1830 Imo

312 1846 534 1898 supradicti
552 1845 664 1883 Pauli
679 1846 828 1883 Aemilii
847 1846 1090 1885 Macedonici
1112 1854 1222 1898 pater
1242 1849 1318 1885 fuit
1337 1848 1480 1885 Paulus
1501 1847 1587 1897 ille,
1619 1848 1686 1899 qui
1706 1848 1756 1885 ab

311 1902 527 1941 Hannibale
558 1901 710 1939 occisus
742 1908 811 1940 est.
867 1903 1018 1940 Bellum
1048 1903 1146 1940 enim
1169 1903 1359 1941 Punicum
1383 1903 1616 1953 secundum,
1646 1903 1755 1953 quod

311 1957 528 1996 Hannibale
548 1956 648 1994 (luce
669 1970 757 1995 cum
778 1957 1009 2009 Carthagine
1034 1958 1170 1997 habuit
1189 1960 1325 2007 Roma,
1353 1958 1502 1997 bellum
1522 1958 1756 1996 Macedoni-

315 2026 405 2051 cum
422 2012 650 2061 secundum,
682 2026 760 2063 quo
781 1988 943 2052 ceciditb
947 2015 1102 2064 Perses,
1131 2029 1172 2053 L.
1190 2015 1346 2052 circiter
1363 2027 1483 2052 annos
1502 2014 1757 2065 piaecessit.

415 2070 516 2119 Pag
543 2071 743 2109 209.18.
796 2067 997 2122 ἐμπρήσας
1022 2068 1096 2121 τὴν
1122 2066 1241 2110 πόλιν
1265 2077 1334 2107 etc.
1376 2069 1443 2109 καὶ
1474 2070 1757 2133 αἰχμαλωτίσας

315 2119 467 2175 αυτὴν]
503 2123 584 2160 Iino
603 2123 751 2173 minus3
783 2126 985 2164 obsidione
1008 2127 1108 2164 enim
1128 2140 1210 2164 eam
1235 2125 1402 2163 cinxisse
1420 2125 1653 2176 Scipionem,
1682 2126 1755 2163 vix

317 2179 396 2217 dici
419 2184 566 2230 potest:
598 2176 757 2231 denique
776 2195 850 2217 non
861 2183 946 2233 jam
965 2196 990 2219 a
1009 2183 1119 2220 tertio
1139 2179 1279 2233 lapide,
1299 2179 1398 2218 sed
1383 2195 1487 2232 ipsas
1509 2178 1756 2232 Carthaginis

314 2245 449 2288 portas
470 2231 666 2272 obsidione
687 2235 906 2286 quatiebat:
935 2237 1172 2287 inquitlflol
1176 2250 1240 2284 us
1265 2236 1337 2273 lib.
1362 2240 1399 2277 2.

431 2293 525 2341 Pag.
556 2292 649 2331 210.
680 2293 718 2329 2
757 2293 860 2341 εἰχον
882 2291 946 2340 δὲ,
976 2289 1053 2332 ἀπὸ
1069 2289 1319 2343 Αλεξάνδρου
1344 2290 1440 2342 etc.]
1469 2291 1615 2329 Eodem
1635 2291 1755 2330 modo

318 2352 486 2395 nugatur
509 2345 620 2383 etiam
655 2344 747 2383 libii
764 2344 882 2396 hujus
900 2351 936 2389 8.
967 2348 1102 2397 initio,
1145 2347 1193 2385 dc
1214 2347 1435 2384 Alexandro
1456 2348 1577 2385 ve1ba
1595 2347 1756 2396 faciens,

316 2401 501 2439 homanis
524 2400 691 2438 ditiones
713 2413 861 2450 eorum,
891 2416 940 2439 ex
958 2404 1160 2441 Persarum
1183 2403 1359 2440 manibus
1378 2408 1564 2451 extortas,
1594 2403 1759 2441 reddeu-

317 2465 376 2495 te:
409 2469 529 2507 quum
546 2456 734 2504 Romani,
768 2470 848 2494 non
868 2458 943 2496 nisi
963 2460 1078 2508 longo
1098 2466 1191 2510 post
1207 2458 1404 2496 Alexandi
1407 2471 1470 2495 um
1490 2459 1542 2498 Μ.
1565 2465 1757 2515 tempore,

318 2519 413 2564 post
428 2513 579 2550 Italiam
600 2526 688 2550 sero
707 2511 863 2551 tandem
882 2519 1005 2551 totam
1022 2515 1243 2563 subactam,
1272 2515 1312 2551 in
1331 2521 1484 2553 exteros
1504 2528 1609 2552 arma
1627 2528 1759 2553 move-

320 2583 363 2606 ie
388 2568 603 2618 coepelint

435 2627 530 2675 Pag.
566 2626 658 2666 210-
689 2626 726 2664 9.
760 2622 827 2664 τὸν
846 2620 1018 2675 αδελφον
1045 2639 1113 2663 του
1136 2639 1292 2674 πρωτου
1312 2624 1563 2677 Σκηπίονος]
1597 2626 1645 2662 Ut
1666 2627 1759 2663 Sci-

321 2679 387 2731 pio
410 2679 508 2716 alter
529 2679 755 2728 Africanus,
797 2679 844 2718 ob
864 2680 1031 2718 Africam
1056 2680 1276 2728 subactam,
1304 2679 1357 2718 ita
1377 2679 1443 2717 hie
1464 2681 1678 2727 Asiaticus,
1709 2681 1756 2719 ab
1774 2723 1782 2726 ,

323 2734 494 2771 Asiatico
515 2734 618 2772 bello
637 2748 657 2771 a
678 2748 718 2772 se
735 2748 925 2787 prospere
945 2742 1073 2786 gest0,
1105 2735 1397 2784 cognominatus
1427 2742 1504 2784 est,
1532 2744 1575 2775 ut
1596 2742 1758 2774 testatur

322 2789 554 2843 Eutropius:
595 2789 659 2828 lib.
681 2794 717 2833 4-
749 2790 881 2845 Scipio
899 2790 1066 2832 Romam
1089 2790 1213 2842 rediit,
1242 2792 1387 2844 ingenti
1399 2790 1530 2846 gloria
1549 2790 1758 2846 triumpha-
