1838 3230
296 198 393 245 468
700 191 983 238 IOANNIS
1011 194 1345 238 MALALAE

392 309 758 369 Κατεπέμφθησαν
786 312 831 354 δέ
859 309 1005 369 σάκραι
1039 313 1081 356 ἐν
1105 319 1195 363 ταῖς
1223 311 1409 368 πόλεσιν,
1445 311 1548 357 ὥστε
1569 313 1666 364 τοῦς
1684 314 1742 370 μὴ

293 384 586 428 κοινωνοῦντας
612 387 702 429 ταῖς
731 377 861 435 ἁγίαις
883 381 1109 436 ἐκκλησίαις
1129 383 1170 424 ἐν
1194 382 1367 439 ἐξορίαις
1388 382 1741 436 καταπέμπεσθαι,

295 445 351 496 ὥς
377 447 749 503 προφασιζομένους
779 452 854 490 τοῦ
883 448 1154 503 ὀνομάζεσθαι
1181 450 1254 504 τὴν
1285 447 1457 492 σύνοδον
1476 448 1744 504 Χαλκηδόνος

294 518 375 557 τῶν
401 513 618 565 ἑξακοσίων
645 513 874 570 τριάκοντα.
943 518 1010 559 καὶ
1027 517 1235 572 γενομένης
1255 522 1436 572 ταραχῆς
1453 518 1494 559 ἐν
1505 517 1739 576 Ἀντιοχείᾳ,

240 594 272 628 Β
296 581 490 638 ὥρμησαν
508 582 547 624 οἳ
577 584 699 637 δῆμοι
731 583 772 625 ἐν
798 587 856 641 τῷ
887 584 1120 642 ἐπισκοπείῳ
1165 589 1481 638 λιθοβολοῦντες
1507 587 1575 628 καὶ
1604 585 1775 642 φωνὰς5

291 647 527 706 ὗβριστικάς
554 648 885 706 κατακράζοντες.
956 654 1022 694 καὶ
1050 651 1281 702 ἐξελθόντες
1313 653 1350 695 οἳ
1379 653 1678 707 παραμένοντες
1701 653 1743 695 ἐν

150 721 183 755 Ο
207 721 275 760 208
298 722 357 775 τῷ
374 719 645 776 πατριαρχείῳ
680 717 766 772 ἅμα
789 723 847 776 τῷ
868 717 1012 775 κόμητι
1033 725 1105 774 τῆς
1126 719 1338 774 ἀνατολῆς,
1368 721 1502 774 βέλεσι
1521 722 1587 763 καὶ
1610 722 1744 770 λίθοις

291 782 550 834 ἀντιστάντες
583 786 757 836 πολλοὺς
784 791 866 830 τῶν
889 786 1185 839 στασιαζόντων
1207 788 1376 831 ἀνεῖλον.
1461 788 1514 831 τὰ
1555 789 1600 831 δὲ
1635 805 1743 844 πρα-

288 852 445 908 χθέντα
464 852 669 908 ἀνηνέχθη
689 858 748 912 τῷ
768 859 939 908 βασιλεῖ·
963 857 1029 898 καὶ
1051 856 1225 898 ἐκέλευσε
1244 861 1529 912 τιμωρηθῆναι
1551 854 1740 905 πολλούς.

389 920 457 963 Ἔν
487 920 599 979 αὐτῷ
632 922 676 963 δὲ
705 925 761 979 τῷ
785 921 922 981 χρόνῳ
950 924 1016 965 καὶ
1039 921 1211 978 μήνυσις
1232 923 1632 980 κατεπέμφθηπαρά
1647 922 1740 979 Ἑρ-
1754 928 1798 962 10

292 987 487 1043 μογένους
532 989 663 1032 ἕνεκεν
695 993 768 1044 τῆς
795 995 1005 1046 συμβολῆς
1035 995 1109 1034 τοῦ
1139 992 1316 1045 πολέμου
1351 990 1560 1046 Ῥωμαίων
1590 1008 1634 1034 τε
1676 992 1744 1033 καὶ

292 1059 483 1112 Περσῶν.
553 1059 772 1114 στρατηγοὶ
790 1059 866 1116 γὰρ
888 1062 1064 1117 Περσῶν
1082 1057 1411 1115 καταδραμόντες
1426 1059 1528 1114 μετὰ
1546 1059 1744 1114 βοηθείας

290 1121 484 1178 χιλιάδων
513 1123 578 1177 ἐξ,
626 1123 681 1174 ὥς
709 1125 935 1182 ὀφείλοντες
970 1131 1220 1183 παραλαβεῖν
1247 1125 1593 1184 Μαρτυρόπολιν·
1638 1122 1745 1182 ἦσαν

243 1195 273 1230 O
294 1191 372 1248 γὰρ
400 1189 678 1246 σκηνώσαντες
707 1195 761 1242 εἲς
789 1195 841 1237 τὰ
868 1195 971 1251 μέρη
992 1195 1160 1250 Ἀμίδης
1188 1195 1300 1251 παρὰ
1319 1200 1376 1252 τῷ
1403 1195 1600 1254 λεγομένῳ
1621 1198 1745 1248 Νυμ-

293 1260 375 1317 φίῳ
394 1264 578 1317 ποταμῷ.
649 1260 1011 1313 ἀντικαταστάντες
1035 1265 1078 1305 δέ
1092 1262 1280 1318 Ῥωμαῖοι
1299 1264 1482 1320 Πέρσαις
1500 1262 1573 1306 οὒκ
1599 1260 1741 1317 ἐδυνή-
1756 1263 1798 1299 15

292 1331 432 1381 θησαν
459 1325 608 1383 τρέψαι
638 1327 797 1379 αὐτούς.
868 1332 934 1372 καὶ
962 1331 1150 1387 δευτέραν
1184 1329 1424 1387 σύγκρουσιν
1447 1328 1739 1385 συμβαλόντες,

292 1396 361 1436 καὶ
382 1393 597 1453 τρακτάτῳ
621 1400 752 1451 φυγῆς
773 1395 1017 1452 χρησάμενοι
1031 1396 1242 1452 Ῥωμαῖοι,
1280 1396 1446 1441 ἐδόκουν
1463 1397 1634 1455 φεύγειν.
1705 1397 1744 1439 οἶ

293 1462 339 1504 δέ
355 1461 515 1518 Πέρσαι
535 1463 878 1518 καταδραμόντες,
898 1466 1134 1519 νομίσαντες
1160 1465 1308 1515 αὐτοὺς
1330 1464 1564 1518 διώκεσθαι,
1596 1465 1743 1508 ἔλυσαν

291 1528 344 1571 τὰ
372 1527 527 1572 ἑαυτῶν
558 1527 771 1585 τάγματα·
815 1533 1059 1589 στραφέντες
1090 1534 1135 1575 δὲ
1175 1531 1365 1588 Ῥωμαῖοι
1409 1533 1564 1587 ἔκοψαν
1590 1532 1632 1576 ἐκ
1657 1536 1743 1575 ’τῶν

292 1599 469 1653 Περσῶν
482 1595 669 1651 χιλιάδας
696 1596 769 1642 δύο
781 1630 794 1652 ,
828 1603 930 1656 χειρὶ
951 1599 1145 1654 λαβόντες
1170 1601 1239 1643 καί
1259 1618 1371 1651 τινας
1393 1599 1588 1656 ἐξάρχους
1607 1600 1798 1643 αὕτῶνΞΟ

294 1662 593 1719 αἰχμαλώτους,
617 1665 874 1722 ἀφειλάμενοι
895 1670 937 1718 ἐξ
961 1668 1095 1711 αὐτῶν
1115 1670 1180 1710 καὶ
1198 1666 1346 1720 βάνδα.
1417 1673 1498 1712 τῶν
1519 1669 1574 1711 δὲ·
1593 1672 1744 1711 λοιπῶν

294 1730 568 1788 ἐκφευγόντων
588 1734 757 1790 ἐκπερᾶν
780 1735 850 1777 τὸν
869 1737 1064 1792 Νυμφιόν
1090 1736 1274 1790 ποταμὸν
1304 1738 1346 1779 ἐν
1366 1743 1452 1787 τοῖς
1479 1734 1650 1793 ῥεύμασι
1670 1739 1744 1779 τοῦ

293 1804 482 1854 ποταμοῦ
518 1799 727 1845 ἀπώλοντο
776 1801 1032 1858 διωκόμενοι·
1085 1802 1274 1860 Ῥωμαῖοι
1312 1805 1356 1848 δὲ
1395 1803 1653 1862 ὑπέστρεψαν
1689 1806 1745 1853 εἷς

384 1896 417 1930 8.
441 1892 680 1938 &meletense
703 1898 769 1932 Ox.

382 1973 492 2008 Porro
513 1974 613 2009 etiam
636 1976 765 2010 Sacrae
787 1988 850 2023 per
871 1977 970 2012 urbes
992 1974 1240 2020 emittebantur,
1268 1978 1305 2013 id
1328 1978 1512 2024 exigentes,
1536 1978 1585 2013 uti
1607 1979 1643 2012 S.
1667 1979 1739 2013 Ec-

293 2017 468 2053 clesiarum
490 2030 511 2054 a
534 2021 761 2055 communione
785 2023 843 2067 qui
862 2023 1081 2065 abstinerent,
1105 2024 1424 2066 exterminarentur3
1449 2025 1573 2070 quippe
1590 2024 1646 2068 qui
1662 2025 1741 2058 sub-

291 2063 472 2098 trahebant
493 2077 583 2106 sese‚
617 2071 855 2111 praetexentes
885 2069 949 2102 sibi
971 2069 1145 2112 Synodum
1170 2069 1468 2104 chalcedonensem
1491 2081 1618 2103 nchX.
1652 2070 1740 2115 Epi-

292 2120 480 2153 scoporum‚
505 2121 604 2153 quam
622 2123 684 2145 nec
707 2113 869 2147 nominari
890 2114 1078 2150 voluerunt.
1125 2115 1273 2149 Obortus
1295 2116 1375 2149 inde
1398 2115 1594 2150 Antiochiae
1616 2115 1740 2148 tumul-

292 2158 367 2195 tus,
389 2153 647 2199 irrumpentibus
670 2157 703 2189 in
736 2158 955 2203 Episcopium
987 2159 1113 2205 popelli
1137 2161 1262 2203 turbis,
1302 2173 1384 2195 saxa
1406 2161 1505 2195 etiam
1527 2160 1738 2194 vibrantibus

295 2202 332 2232 et
355 2198 506 2233 convicia
529 2202 767 2237 evomentibus.
816 2204 894 2237 Una
918 2209 1029 2238 autem
1052 2209 1222 2247 exeuntes,
1246 2217 1318 2240 cum
1341 2205 1490 2240 Orientis
1513 2205 1656 2246 Comite,
1680 2205 1738 2250 qui

293 2243 331 2277 in
352 2243 638 2279 Patriarchalibus
661 2247 797 2281 aedibus
821 2250 1122 2290 commorabantur,
1146 2252 1342 2296 turbamque
1365 2251 1440 2285 telis
1463 2254 1498 2284 et
1521 2251 1607 2284 saxis
1629 2252 1738 2295 impe-

294 2292 428 2331 tentes3
458 2289 690 2325 seditiosorum
712 2294 971 2338 quamplurimos
995 2306 1014 2327 e
1035 2295 1143 2329 medio
1166 2297 1379 2330 sustulerunt.
1424 2296 1522 2336 Quae
1544 2295 1603 2329 ubi
1624 2296 1737 2342 Impe-

294 2334 404 2368 ratori
426 2334 537 2368 delata
560 2335 714 2378 fuerant3
743 2349 763 2370 a
786 2339 934 2381 plurimis
956 2339 1186 2374 seditiosorum
1210 2352 1335 2385 poenas
1356 2341 1477 2385 exegit.

386 2379 515 2413 Eodem
538 2383 689 2425 tempore
719 2383 839 2427 praelii
863 2384 946 2417 alius
968 2386 1088 2419 Persas
1118 2386 1209 2419 inter
1230 2387 1464 2430 Romanosque
1495 2385 1656 2420 commissi
1677 2398 1735 2420 re-

293 2424 377 2458 latio
410 2425 454 2458 ab
485 2425 696 2470 Hermogene
732 2427 1100 2474 [Constantinopolim]
1125 2431 1223 2465 missa
1246 2436 1307 2465 est.
1353 2432 1529 2464 Persarum
1555 2431 1641 2465 enim
1663 2431 1737 2465 Du-

295 2481 371 2510 ces,
405 2481 464 2503 sex
487 2475 688 2505 armatorum
710 2471 857 2506 Millibus
879 2473 1057 2515 instructi,
1093 2475 1323 2517 imminebant,
1360 2476 1455 2520 quasi
1478 2476 1735 2522 Martyropolim

295 2514 467 2548 adorturi:
496 2521 607 2549 castra
630 2516 715 2551 enim
738 2516 773 2551 in
795 2517 934 2561 regione
957 2520 1135 2562 Amidensi,
1154 2522 1253 2564 juxta
1274 2521 1479 2566 Nymphium
1501 2521 1649 2563 fluvium,
1673 2533 1736 2567 po-

293 2563 441 2593 suerant.
486 2559 627 2594 Romani
649 2561 764 2606 itaque
785 2562 820 2596 in
843 2574 900 2596 eos
922 2568 1105 2605 moventes,
1127 2566 1246 2600 Persas
1266 2566 1373 2610 primo
1395 2566 1524 2611 impetu
1546 2567 1735 2612 propellere

293 2615 361 2637 non
385 2608 584 2648 potuerunt:
610 2606 735 2641 iterato
759 2612 870 2642 autem
892 2619 1083 2653 congressu,
1107 2610 1221 2653 fugam
1243 2610 1307 2655 ipsi
1329 2611 1530 2653 simulantes,
1553 2617 1650 2656 terga
1673 2612 1734 2646 de-

294 2649 437 2689 derunt3
466 2661 557 2694 quos,
579 2654 736 2695 tanquam
758 2653 794 2686 in
816 2653 928 2697 fugam
955 2657 1060 2694 actos,
1084 2655 1261 2689 confertim
1278 2657 1402 2691 Persae
1423 2656 1577 2697 insecuti,
1601 2656 1734 2691 ordines

295 2705 369 2727 suos
392 2694 574 2731 solvebant.
623 2697 710 2730 Tum
733 2709 814 2731 vero
838 2701 1071 2732 convertentes
1093 2711 1163 2733 sese
1185 2700 1344 2743 Romani,
1368 2702 1436 2736 duo
1458 2703 1635 2737 Persarum
1658 2702 1733 2736 mil-

294 2738 342 2772 lia
365 2738 580 2782 exciderunt3
619 2744 840 2777 exarchorum
870 2743 1031 2777 nonnullis
1054 2743 1153 2778 etiam
1184 2756 1282 2779 manu
1306 2748 1432 2791 captis=
1472 2758 1574 2791 quos,
1612 2746 1731 2780 ablatis

295 2794 410 2817 eorum
433 2785 576 2826 vexillis,
604 2786 757 2831 captivos
779 2789 978 2822 habuerunt.
1024 2788 1161 2823 Caeteri
1184 2802 1264 2825 vero
1288 2792 1344 2837 qui
1367 2793 1480 2836 fugam
1504 2792 1731 2836 capessebant,

295 2827 500 2874 Nymphium
522 2830 658 2866 fluvium
681 2833 860 2877 tranaturi‚
883 2833 1026 2879 vestigia
1048 2845 1161 2869 eorum
1181 2838 1406 2881 prementibus
1428 2837 1597 2879 Romanis,
1619 2836 1732 2871 flucti-
