1838 3230
7 0 55 102 μή

598 123 677 167 AN
680 123 718 167 N
722 121 1071 167 OTATIONES.
1461 126 1564 175 565

100 255 191 282 men
203 241 342 282 mortis
358 253 498 293 genere
516 241 734 287 incertum,
764 237 1030 278 dubitandum
1054 251 1135 277 non
1151 243 1231 287 est;
1258 251 1332 278 nec
1349 239 1451 279 enim
1473 252 1564 278 eum

99 311 278 352 unquam
296 298 390 339 inde
406 304 636 338 revocatum
655 296 837 347 legimus.
895 295 995 335 Vide
1011 295 1168 347 Joseph.
1188 295 1384 347 Antiquit.
1403 296 1472 335 lib.
1495 299 1563 340 18.

213 368 309 419 Pag.
340 366 438 410 240.
467 370 508 410 7.
538 364 708 418 Μαρτίῳ
729 358 803 415 κγ’,
833 365 904 415 τῆς
923 360 1092 416 σελήνης
1107 359 1275 416 ἐχούσης
1293 362 1447 416 ἡμέραν
1467 359 1560 417 κγ’.]

97 421 319 472 Cedrenus,
349 428 390 461 et
413 421 505 462 Chr.
526 420 717 461 Alexand,
741 421 915 468 Auctor,
946 420 1197 459 salvatorem
1226 427 1404 460 nostrum
1432 421 1563 459 Martii

93 492 216 518 xxm.
244 478 501 523 crucifixum,
543 491 638 518 xxv.
665 490 761 516 vero
790 476 1081 526 resurrexisse,
1119 483 1158 515 et
1186 490 1236 516 ex
1267 478 1562 530 consequentia,

93 547 198 574 1111.
225 549 247 573 a
274 534 374 574 Juda
402 535 625 588 proditum,
669 533 830 572 volunt:
881 539 1018 571 noster
1048 539 1180 572 tamen
1210 532 1354 572 horum
1382 547 1562 583 numero,

93 590 199 630 diem
221 591 340 630 alium
371 592 414 631 in
433 591 496 630 his
525 590 706 631 omnibus
734 589 869 628 addit:
912 590 954 628 in
979 591 1096 629 lunae
1119 596 1278 630 tantum·
1295 590 1360 630 die
1387 603 1478 630 cum
1506 591 1561 631 eis

93 648 346 688 conveniens.

211 717 309 768 Peg.
339 714 434 759 240.
466 718 531 757 11.
572 717 626 769 τῇ
647 711 726 768 πρό
755 711 806 766 η’.
837 715 1048 754 καλανδῶν
1073 714 1337 766 Arma-Manu]
1377 714 1454 754 Hic
1480 729 1562 754 non

92 771 169 810 sibi
191 777 344 810 constat
371 773 539 810 Auctor:
581 785 668 812 vm.
694 771 798 822 enim
833 770 1026 809 Calendas
1048 769 1205 822 Apriles
1227 771 1391 821 incidit,
1422 772 1562 811 nonin

92 826 226 868 Martii
250 841 367 867 xxxv.
403 827 472 866 sed
497 841 595 868 xxv.
664 827 784 875 Quod
814 827 918 867 enim
945 827 1111 866 Romani
1143 835 1436 879 computantes,
1471 842 1561 869 vm.

92 883 286 923 calendas
315 883 529 941 (subaudi,
562 881 692 937 anie,)
730 883 907 936 Apriles,
947 883 1106 933 dicunt,
1138 884 1279 922 Graeci
1307 884 1561 935 recentiores,

90 944 144 995 τῇ
161 937 241 995 noo*
260 937 311 993 η’.
335 942 546 982 καλανδῶν
566 941 818 993 Απριλλίων,
855 940 1034 982 efferunt.
1091 941 1150 978 lta
1177 940 1296 978 etiam
1316 941 1469 980 Auctor
1489 956 1561 980 no-

91 1004 175 1036 ster
202 1009 343 1050 supra,
375 997 519 1036 Christi
546 997 790 1035 nativitatem
825 998 1049 1048 assignan8‚
1088 1000 1138 1052 τῇ
1164 995 1242 1048 πρό
1271 992 1322 1049 η’.
1350 999 1561 1038 καλανδῶν

92 1055 363 1108 Ιανουαρίων,
393 1053 491 1107 μηνὶ
523 1054 754 1108 Δεκεμβρίῳ
781 1051 847 1095 κε’.
876 1053 927 1092 ad.
954 1053 1032 1095 Cal.
1054 1053 1278 1101 Januarias,
1307 1053 1351 1092 id
1376 1061 1455 1105 est,
1485 1055 1560 1094 De-

91 1109 259 1158 cembris
280 1124 378 1150 xxv.
403 1124 486 1150 eam
506 1110 638 1163 ponit;
668 1115 788 1150 recte.

205 1181 302 1232 Peg.
330 1178 428 1221 240.
458 1182 526 1222 20.
570 1176 692 1218 πλέον
709 1180 791 1218 τῶν
816 1175 1075 1232 ἐγνωσμένων
1092 1173 1309 1231 πρότερον]
1339 1174 1461 1217 πλέον
1479 1176 1560 1217 hoc

90 1235 183 1274 loco
215 1235 425 1276 redundat.
499 1235 704 1273 Caeterum
733 1234 820 1287 ipsa
847 1234 1074 1284 Phlegontis
1109 1234 1230 1273 verba
1260 1247 1340 1272 non
1370 1234 1561 1286 producit

90 1294 241 1331 Auctor
261 1298 417 1341 nostem
447 1304 547 1341 quae
566 1297 696 1329 tamen
714 1289 836 1328 habes
855 1291 961 1342 apud
986 1290 1197 1329 Eusebium
1217 1289 1406 1329 Chronie.
1425 1291 1493 1332 lib.
1521 1296 1558 1333 1.

91 1349 190 1387 Cum
207 1354 339 1387 tamen
360 1347 427 1386 alii
449 1347 706 1398 Phlegontem
722 1346 831 1385 hunc
850 1348 1093 1387 Trallianum
1111 1347 1323 1400 appellent.
1353 1346 1460 1385 unde
1478 1348 1559 1386 No-

89 1410 174 1444 stro
194 1403 444 1445 Atheniensis
467 1403 600 1442 dictus
623 1410 704 1452 est,-
745 1402 1003 1455 Phlegontem
1025 1405 1126 1442 enim
1146 1404 1272 1453 illum,
1305 1403 1372 1455 qui
1394 1403 1558 1442 Hadria-

87 1461 130 1501 ni
149 1461 318 1500 libertus
340 1467 436 1510 erat,
467 1460 537 1512 qui
558 1460 847 1512 Olympionica,
879 1467 917 1500 et
944 1460 1139 1499 Chronica
1163 1460 1336 1513 scripsit,
1366 1458 1556 1499 hocloco

86 1518 307 1569 intelligere
328 1531 430 1567 eum,
459 1530 543 1556 non
560 1524 621 1556 est
640 1517 751 1569 quod.
770 1516 1010 1556 dubitemus.

202 1589 300 1639 Peg.
328 1589 426 1628 241.
457 1587 496 1627 9.
538 1583 710 1640 ὑπατείᾳ
735 1586 982 1625 Σουλπικίου
1001 1583 1071 1625 καὶ
1092 1583 1237 1635 Σῶλα]
1269 1585 1354 1626 Ser.
1384 1587 1554 1626 Συλλοῦ.

85 1641 307 1694 Sulpicium
330 1641 511 1690 Galbam,
541 1648 580 1680 et
600 1642 749 1694 Syllam
769 1642 877 1682 Coss,
901 1641 1047 1679 habent
1069 1647 1108 1678 et
1128 1639 1218 1678 Chr.
1241 1641 1356 1680 Alex.
1373 1648 1413 1680 et
1433 1642 1555 1680 Euse-

85 1698 197 1747 bius3
225 1698 296 1738 sed
315 1698 365 1737 ad
383 1711 528 1738 annum
548 1711 637 1737 xlx.
659 1698 821 1749 Tiberii,
850 1711 952 1737 anno
973 1698 1060 1738 scil.
1082 1695 1229 1735 Christi
1248 1698 1472 1749 passionem
1492 1713 1552 1738 se—

86 1761 243 1808 quente-

199 1811 302 1865 Peg.
331 1813 426 1854 243.
466 1814 506 1853 1.
535 1809 579 1852 ἐν
593 1813 650 1865 τῷ
666 1811 879 1867 zakarian]
910 1810 996 1849 Imo
1014 1809 1057 1849 in
1074 1810 1171 1850 villa
1190 1810 1422 1849 Luculliana
1443 1824 1552 1850 mor-

84 1875 166 1910 tem
189 1868 306 1918 obiit,
335 1873 437 1906 teste
455 1868 657 1906 Suetonio.
1131 1911 1137 1918 .

195 1927 301 1977 Pag.
331 1923 425 1966 243·
455 1929 494 1967 2.
538 1921 596 1965 ῶν
614 1924 809 1964 ἐνιαυτῶν
830 1918 924 1974 οη’.]
954 1923 1011 1961 Ita
1029 1923 1146 1962 etiam
1168 1923 1394 1962 Suetonius.
1453 1923 1552 1962 Cor-

83 1982 293 2034 rigendum
318 1981 454 2032 itaque
477 1980 570 2020 Chr.
594 1982 710 2022 Alex.
728 1981 798 2020 ubi
821 1979 920 2019 haec
938 1980 1024 2033 ipsa
1046 1994 1096 2019 ex
1114 1987 1262 2030 nostro,
1291 1986 1483 2033 corrupte
1502 1980 1552 2018 li-

85 2044 160 2090 cet,
189 2038 397 2090 desumpta
416 2036 550 2079 habes.

199 2095 300 2148 Peg.
333 2093 427 2137 243.
455 2094 494 2136 4.
540 2094 791 2147 ἐβασίλευσεν
820 2094 953 2142 Ηλίος
981 2090 1126 2146 Γάϊος]
1155 2093 1334 2143 Helium,
1364 2092 1448 2133 sive
1470 2091 1550 2131 Ae-

85 2152 198 2202 lium,
229 2151 380 2190 dictum
401 2151 615 2203 Caligulam
635 2151 778 2190 nullibi
798 2150 965 2189 invenio.

201 2222 297 2273 Peg.
328 2221 424 2262 243.
453 2223 492 2262 7.
533 2218 598 2260 ἐπὶ
615 2222 686 2271 τῆς
702 2218 894 2268 ’ὑπατείας
914 2215 1067 2259 Γάλλου
1084 2215 1153 2257 καὶ
1170 2214 1429 2266 Νοννιανοῦ]
1456 2214 1550 2253 Gal-

85 2277 169 2315 lum
186 2282 224 2315 et
247 2276 471 2315 Nonianum
495 2275 654 2327 quidem
674 2276 780 2314 Coss.
802 2275 962 2314 invenio
994 2274 1101 2326 apud
1125 2273 1214 2315 Chr,
1240 2274 1350 2311 Alex.
1366 2278 1405 2310 et
1424 2272 1546 2310 Euse-

83 2332 193 2372 bium
213 2334 347 2373 etiam:
377 2332 446 2372 sed
463 2332 514 2371 ad
534 2347 680 2372 annum
699 2332 848 2372 Tiberii
869 2346 955 2372 xxx.
978 2330 1139 2371 biennio
1161 2331 1316 2370 scilicet
1334 2334 1425 2367 ante
1445 2327 1549 2366 Cali-

155 2403 216 2429 am
238 2390 293 2428 lm
327 2419 336 2428 .

85 2389 154 2441 gal
197 2403 323 2485 Iln'd.p
358 2441 573 2498 ἐκράτησεν
593 2443 623 2496 ἦ
643 2445 823 2498 βασιλεία
842 2440 967 2486 αὐτοῦ
987 2443 1054 2496 ἔτη
1076 2441 1125 2493 δ’,
1169 2442 1238 2484 καὶ
1255 2443 1387 2494 μηνᾶς
1408 2436 1545 2488 ἕπτά.]

84 2501 299 2553 Imperavit
316 2503 432 2541 Caius
453 2502 627 2553 Caligula
648 2502 832 2552 triennio,
849 2508 888 2542 et
906 2516 949 2541 x.
970 2500 1184 2550 mensibus,
1214 2499 1433 2550 diebusque
1455 2510 1546 2537 vm.

84 2557 144 2596 uti
161 2563 328 2598 testatur
350 2559 580 2609 Suetonius,
609 2559 687 2599 Tit.
709 2559 775 2602 59.

171 2648 181 2654 -
198 2613 297 2668 Pssg·
325 2615 420 2659 243.
449 2619 487 2660 9.
532 2614 724 2670 εὔχρους]
754 2615 906 2655 Pallido
927 2615 1060 2654 colore
1086 2613 1206 2652 fuisse
1233 2613 1287 2651 ait
1309 2610 1520 2650 Suetonius
1530 2624 1542 2660 5

88 2671 158 2723 qui
179 2671 295 2710 etiam
315 2671 599 2723 Characterem,
628 2687 649 2711 a
669 2679 808 2712 nostro
831 2674 945 2723 longe
966 2672 1180 2720 diversum,
1214 2669 1252 2708 ei
1267 2667 1419 2707 tribuit.

197 2729 299 2780 Pag.
318 2727 409 2770 243.
428 2732 491 2771 16.
505 2730 674 2782 πλησίον
691 2733 764 2770 τοῦ
783 2727 903 2783 ὅρους
922 2732 950 2768 I
952 2729 1045 2768 ἀΐου
1058 2725 1277 2780 Καίσαρος]
1297 2726 1425 2776 Prope
1434 2736 1545 2761 mon-

86 2789 164 2823 tem
187 2785 230 2824 C.
254 2784 448 2832 Caesaris3
483 2785 525 2825 id
556 2793 616 2827 est
634 2786 746 2840 juxta
770 2801 853 2826 eam
878 2784 1022 2825 montis
1043 2789 1219 2838 partem,
1262 2782 1330 2821 ubi
1347 2781 1380 2821 J.
1401 2782 1544 2821 caesar
