1838 3230
666 157 974 204 EPIS'IULA.
1268 122 1271 125 ’
1452 158 1555 205 719

90 294 186 320 xm.
218 278 406 320 videlicet
426 278 520 320 belli
539 274 873 330 Peloponnesiaci,
904 274 1064 326 Olymp.
1082 286 1149 312 xc.
1178 285 1225 310 n.
1254 271 1318 311 uti
1335 276 1492 310 constat
1509 284 1558 310 ex

92 338 180 390 ipsa
200 335 433 387 Comoedia,
464 335 534 375 ubi
554 335 755 387 Trygaeus
775 333 832 371 sic
855 332 996 370 Pacem
1019 329 1254 382 alloquitur:

556 410 568 427 ‚
617 408 629 426 ‚
678 408 689 425 ‚
732 409 743 422 1

310 473 639 524 Γενναιοπρεπῶς
668 473 796 510 τοῖσιν
825 468 1006 521 ἐρασταῖς

306 530 437 580 Ημῖν,
477 527 521 568 οἵ
546 539 618 567 σου
649 521 870 579 τρυχόμεθ’
897 522 979 578 ’ἤδη

314 586 413 638 Τρία
438 584 505 625 καὶ
537 579 622 625 δέκ’
653 583 731 635 ἔτη.

90 661 174 702 Jam
192 675 387 715 nusquam
406 662 523 702 habet
542 661 700 701 Malelas
713 692 725 712 ,
757 675 837 714 quo
858 660 977 700 abdat
998 658 1100 698 illud
1125 656 1309 711 putidum
1329 660 1367 694 et
1385 653 1555 694 inhone-

90 725 197 758 stum
217 725 348 772 caput.
406 720 577 758 Tantum
597 719 705 758 abest
723 725 768 758 ut
789 719 860 757 Ion
877 716 1076 768 Aeschylo
1094 722 1191 754 natu
1207 713 1327 752 fuerit
1349 711 1556 763 grandim-3
1581 709 1614 744 0
1638 709 1684 745 53

89 781 136 813 ut
154 782 354 828 superstes
376 775 412 815 ei
438 776 559 814 fuerit
577 789 697 814 annos
727 774 878 814 solidos
894 787 1056 813 xxxvu.
1115 773 1226 810 Nunc
1256 777 1414 822 tempus
1434 775 1492 807 est
1511 773 1558 806 ut

90 831 140 870 de
158 832 266 871 Iouis
287 832 447 884 scriptis
469 832 586 871 fidem
609 832 834 871 liberemus.
881 831 931 869 Et
950 831 1130 882 profecto
1152 841 1232 866 non
1251 826 1446 865 immerito
1463 839 1557 877 pro-

87 894 178 941 pter
199 889 462 942 multiplicem
492 889 716 927 doctrinam
739 903 760 927 a
790 886 1030 926 Callimacho
1052 885 1238 924 laudatus
1257 890 1314 922 est
1331 883 1414 922 Ion.
1472 879 1557 922 Καὶ

88 946 351 999 Καλλίμαχος,
384 945 438 984 ait
456 944 611 996 sindus,
641 944 684 986 ἐν
706 942 947 998 χωλιοὶμβοις
968 942 1160 996 μέμνηται
1177 937 1316 991 αὐτοῦ,
1349 935 1410 980 ὅτι
1429 934 1556 979 πολλοὶ

88 1000 286 1054 ἔγραψεν·
315 1003 415 1041 Nam
442 1008 487 1041 ut
512 1003 690 1041 Poemata
722 1002 830 1051 prius
859 1012 1155 1049 recenseamus3
1183 997 1328 1036 deinde
1348 1009 1447 1048 quae
1468 1010 1557 1034 ora-

86 1058 193 1097 tione
213 1072 331 1112 prosa
353 1059 598 1111 composuit:
636 1056 791 1098 Melica
819 1057 924 1096 Ionis
946 1057 1160 1096 laudantur
1179 1060 1218 1094 et
1236 1050 1553 1107 Ditlzyrambicoe.

86 1113 220 1154 Schol.
240 1114 537 1168 Aristophanis,
567 1120 606 1153 et
624 1114 785 1153 Suidas:
824 1117 905 1155 Ιων
925 1108 1191 1167 διθυράμβων
1206 1109 1275 1151 καὶ
1294 1112 1422 1161 μελῶν
1439 1124 1555 1160 ποιη-

85 1166 535 1224 1259.Hatpocration:
577 1170 723 1224 ἔγραψε
743 1169 786 1211 δὲ
809 1170 905 1223 μέλη
923 1167 1063 1211 πολλοί.
1122 1168 1170 1207 Et
1189 1165 1440 1217 dithyrambo
1461 1165 1555 1216 qui-

85 1226 175 1265 dem
201 1228 321 1279 vicit,
350 1241 440 1267 cum
461 1227 770 1266 Atheniensibus
797 1227 948 1266 viritim
969 1226 1058 1264 Chii
1091 1224 1234 1263 cadum
1253 1222 1471 1261 distribuit:
1504 1235 1556 1260 ex

84 1283 234 1323 Melicis
265 1284 506 1324 carminibus
536 1290 645 1323 extat
670 1283 780 1322 Odae
806 1283 1069 1336 principium,
1111 1285 1242 1322 Αοῖον
1271 1278 1554 1331 ἆμεροφοίταν.

0 1374 5 1380 .
83 1339 241 1392 Αστέρα
257 1342 460 1395 μείναμεν,
490 1337 627 1382 οἷελίου
646 1339 954 1393 Λευκοπτέρυγα
974 1335 1218 1408 πρξίδρομον.
1258 1336 1323 1374 Sic
1343 1336 1428 1386 lege
1445 1335 1556 1387 apud

85 1395 342 1437 Scholiastem
370 1404 410 1437 et
426 1397 606 1437 Suidam:
637 1397 737 1435 male
754 1396 795 1434 in
824 1402 999 1448 utroque
1017 1395 1275 1448 αεροφοίταν,
1307 1398 1345 1431 et
1365 1393 1404 1430 in
1426 1393 1554 1430 altero

83 1455 206 1510 λευκῇ
237 1452 410 1509 πτέρυγι.
474 1456 651 1494 Paeanes.
690 1451 866 1507 Hymni,
898 1450 1036 1492 Scolia
1064 1452 1148 1490 sive
1171 1450 1342 1490 carmina
1366 1448 1554 1486 conviva-

82 1509 150 1548 lia.
207 1509 339 1549 Schol.
361 1509 558 1562 Aristoph.
585 1508 784 1562 Elegiaca.
840 1509 950 1548 Idem
975 1515 1014 1546 et
1031 1508 1185 1547 Suidas.
1244 1507 1305 1545 Ex
1324 1505 1455 1555 Elegis
1474 1518 1553 1542 non

83 1579 232 1618 paucos
252 1579 394 1606 versus
418 1566 583 1605 adducit
599 1565 844 1605 Athenaeus:
885 1572 931 1604 ut
947 1565 1016 1607 lib.
1036 1578 1095 1603 xx.
1125 1578 1158 1605 c.
1177 1566 1217 1606 3.
1260 1561 1344 1603 Καὶ
1367 1565 1446 1603 Ιων
1466 1557 1507 1602 δ’
1529 1560 1555 1602 ὅ

85 1618 186 1671 Χῖός
209 1635 329 1676 φησι,

302 1688 481 1742 Χαιρέτω
506 1687 696 1742 ἡμέτερος
715 1686 900 1740 βασιλεῦς
919 1687 1049 1742 σωτήρ
1067 1704 1108 1730 τε
1126 1688 1258 1743 πατήρ
1278 1702 1331 1736 τε,

357 1750 468 1799 Ημῖν
495 1744 539 1786 δὲ
557 1741 725 1799 κρητῆρ’
747 1742 922 1798 οἰνοχόοι
939 1745 1113 1799 θέραπες

301 1799 539 1852 Κιρνᾶντων
557 1799 815 1855 προχύταισιν
835 1802 878 1843 ἐν
896 1798 1105 1857 οἷργυρέοις
1118 1814 1127 1824 ·
1158 1799 1183 1842 ὅ
1205 1798 1249 1842 δὲ
1268 1797 1414 1855 χρυσὸς

361 1856 484 1900 Οἶνον
506 1859 604 1912 ἔχων
623 1861 766 1910 χειρῶν
785 1858 919 1907 νιζὲτω
941 1859 997 1907 εἰς
1018 1859 1186 1910 ἔδαφος·

83 1921 123 1954 et
144 1927 242 1966 quae
264 1922 502 1967 sequuntur:
545 1914 611 1953 ubi
633 1915 905 1954 casaubonum
935 1917 1199 1968 nequicquam
1227 1918 1469 1953 aestuantem
1485 1912 1546 1951 vi-

83 1971 199 2021 deas,
230 1978 277 2010 ut
303 1973 433 2012 eliciat
464 1987 512 2012 ex
538 1971 623 2010 istis
651 1972 884 2011 sententiam
909 1973 1180 2022 commod-'21:115
1208 1985 1299 2010 nam
1323 1970 1435 2023 prius
1456 1983 1544 2008 eor-

82 2027 268 2066 rectionis
283 2028 479 2081 indigent,
510 2042 626 2080 quam
648 2042 670 2066 a
692 2042 891 2081 quoquam
910 2029 1073 2082 intelligi
1100 2028 1265 2082 possint.
1321 2028 1411 2066 Non
1429 2027 1544 2078 longe

85 2084 356 2125 aberrabimus
377 2101 400 2126 a
426 2100 575 2138 scopo,
602 2085 634 2123 si
659 2084 717 2123 sic
742 2086 969 2137 legerimus:

299 2164 352 2172 —-
382 2165 436 2172 —-
467 2165 518 2172 —
548 2141 574 2183 ὁ
597 2137 641 2182 δ’
665 2141 826 2190 ἕκαστος

303 2196 428 2240 Οἶνον
446 2199 544 2252 ἔχων
563 2202 711 2250 χειροῖν
728 2198 835 2246 ἱζέτω
853 2198 911 2248 εἷς
930 2197 1089 2250 ἔδαφος.

90 2252 320 2296 comoediae
348 2262 395 2295 ut
422 2255 571 2294 Comici
588 2254 719 2294 Schol.
745 2253 1014 2296 Comoedialut
1035 2255 1190 2295 Suidas.
1246 2252 1541 2309 Epigrammata

82 2310 192 2351 Idem
210 2311 343 2352 Schol.
365 2318 404 2352 et
422 2312 660 2362 Anthologia
684 2312 881 2365 Epigram.
910 2312 978 2352 lib.
997 2316 1034 2355 3.
1054 2326 1088 2353 c.
1112 2316 1179 2357 26.

379 2420 382 2422 -
582 2371 707 2417 Ιωνος
722 2369 778 2418 εἰς
800 2365 1038 2424 Εὐριπίδην.

298 2427 425 2478 Χαῖρε
445 2424 755 2477 μελαμπέπλοις,
786 2422 988 2480 Εὐριπίδη
1002 2456 1012 2476 ,
1044 2424 1087 2466 ἕν
1105 2420 1285 2478 γυάλοισι

356 2482 523 2533 Πιερίας
537 2479 607 2523 τόν
625 2477 687 2522 ἆεὶ
708 2479 848 2532 νυκτός
868 2482 964 2535 ἔχων
981 2478 1181 2534 θάλαμον.

302 2539 396 2578 Ισθι
418 2534 459 2578 δ’
478 2537 560 2579 nino*
576 2535 726 2590 χθονός
743 2535 821 2590 ὧν,
850 2536 911 2581 ὅτι
933 2552 994 2580 σοι
1012 2537 1124 2586 κλέος
1144 2535 1321 2589 ἄφθιτον
1343 2533 1468 2584 ἔσται,

355 2596 450 2635 Ισον
476 2595 689 2647 Ομηρείαις
711 2591 871 2644 ἀενάοις
895 2592 1063 2648 χάρισιν.

81 2646 159 2686 Sed
186 2647 344 2686 omnino
366 2650 462 2688 falsa
487 2658 545 2689 est
567 2658 605 2691 et
634 2652 818 2691 ementita
841 2651 1070 2704 inscriptio:
1101 2662 1217 2702 quam
1241 2648 1344 2687 ratio
1374 2653 1534 2700 tempo·
1556 2651 1589 2686 Ο
1612 2651 1658 2688 54

79 2717 169 2742 rum
186 2705 332 2743 refutat
357 2712 395 2744 et
411 2707 554 2759 rejicit.
612 2708 818 2747 Mirificum
835 2723 930 2748 vero
961 2713 1118 2760 poetam
1143 2707 1275 2744 Ionem
1289 2735 1299 2754 ‚
1330 2705 1397 2756 qui
1416 2705 1532 2743 Euri·
1558 2710 1587 2744 V
1608 2711 1655 2747 28

78 2760 210 2812 pidem
228 2767 428 2802 mortuum
447 2763 734 2815 Epigrammate
755 2764 1033 2814 celebraverit,
1063 2764 1148 2815 ipse
1165 2763 1243 2815 jam
1264 2775 1384 2800 annos
1404 2761 1534 2800 trede-

79 2816 156 2856 cim
174 2817 381 2858 extinctus.
438 2819 613 2860 Decessit
628 2821 696 2861 lon
721 2822 880 2874 Olymp.
904 2834 967 2862 xc.
986 2834 1031 2860 11.
1051 2833 1154 2860 anuo
1172 2818 1266 2860 belli
1287 2818 1532 2871 Peloponne-
