1838 3230
16 81 38 90 ·›.

15 94 41 117 'n'

579 163 586 172 ⁸
657 159 954 208 EPISTOLA.
1431 167 1463 214 7
1467 165 1531 214 05

2 215 26 338 fil
67 270 166 317 lxlv
164 286 291 347 ρισον,
321 290 344 317 a
361 276 484 318 verbo
503 276 660 348 λυρίζω.
687 273 782 326 ἁνος
800 275 1024 318 mehercule
1041 275 1143 332 πρός
1161 274 1305 332 λύρανί
1360 278 1531 320 Tantum

2 317 18 366 3
69 331 173 371 enim
191 330 236 374 τὸ
251 333 466 387 ἐκλυρίζειν
486 340 526 374 et
548 351 592 375 το
579 331 817 374 καλυπτειν
835 334 961 386 signis
965 335 1116 374 catione
1132 335 1334 384 differunt,

0 420 24 502 ἢ
67 442 159 484 Alte
175 444 357 497 profecto
377 447 475 487 latet
489 447 605 486 ulcus
631 452 777 484 tetrum
799 452 838 484 et
854 447 1192 500 κακοηθέστατον·
1222 447 1329 499 quod
1350 447 1426 486 nisi
1440 449 1532 488 lan-

288 390 491 438 Quantum
517 390 697 443 Hypanis
716 390 864 429 Veneto
889 391 1011 430 distat
1028 392 1076 430 ab
1098 391 1283 432 Eridano,

67 491 196 540 einata
226 502 339 554 prius
367 501 559 555 Hesychii
583 502 894 553 existimatione,
922 510 1041 554 negat
1066 505 1117 543 ad
1136 503 1337 543 sanitatem
1362 506 1532 572 perduci

12 557 16 561 ’
63 569 196 610 posse.
235 558 454 625 Siquidem
481 558 748 598 erubescendo
773 572 937 611 promus
967 573 1103 600 errore
1130 561 1266 612 posuit
1282 557 1531 627 Εκλυτρισον

63 626 140 664 pro
158 609 418 668 Ελυτρωσον·
468 614 591 682 quod
587 615 814 654 rectissime
838 615 996 667 quidem
1024 617 1298 684 interpreteris
1326 613 1529 669 κάλυψον.

62 669 152 722 Ipse
170 669 413 722 Hesychius.
443 667 638 738 Ελυτροις
668 674 1045 740 IgAAYMMAz'I,
1086 669 1371 725 σκεπάσμασιν.
1420 678 1527 715 Elv-

62 741 136 794 τρα
165 727 316 779 κυρίως
346 742 395 768 τα
418 724 700 780 ἐνειλήματα
679 725 709 780 ἢ
737 731 1123 771 KAAYMMATA.
1172 733 1366 783 Ελυτρον,
1392 730 1528 783 δέρμα,

62 777 198 834 θήκη,
226 781 422 836 λέπυρον,
451 783 665 836 {vell-mia,
696 787 1015 835 KAAYMMA,
1045 785 1261 838 σκέπασμα.
1317 786 1414 825 Inde
1442 787 1530 828 ἐλυ

61 841 243 892 τρωσθαι
268 840 377 892 apud
407 840 716 893 Hippocratem,
760 847 799 880 et
820 845 1113 894 προσελυτροῦν
1133 842 1240 894 apud
1270 841 1528 894 Athenaeum,

61 894 273 935 involucro
294 903 445 947 tegere·
474 897 654 936 similiter
674 896 949 964 ἕξελυτρῶσαι,
977 898 1149 948 nudare,
1179 913 1230 937 ex
1249 898 1529 950 integumentis

62 952 230 991 solvere.
287 951 457 1004 Hesy.ch
481 950 783 1023 Εξελύτρωσας,
824 950 1065 1005 ἐγύμνωσας.
1120 955 1244 993 Satin'
1270 955 1349 994 hoc
1375 963 1527 996 certum

61 1014 102 1047 et
115 1008 368 1060 exploratum
389 1016 467 1058 est,
497 1025 529 1049 ω
552 1010 649 1062 φίλη
668 1006 824 1061 κεφαλη
845 1010 942 1048 Milli
958 1011 1273 1063 jucundissime?
1331 1012 1386 1051 At
1403 1013 1527 1052 enim-

61 1077 160 1103 vero
191 1065 382 1104 exclamet
408 1064 475 1104 hic
503 1066 669 1119 aliquis,
710 1067 744 1104 Ο
769 1066 958 1106 Juvenem
994 1067 1252 1106 confidentem
1285 1074 1323 1107 et
1351 1075 1527 1108 temera-

61 1120 185 1162 rium!
223 1127 320 1161 tune
351 1121 462 1160 illum
481 1121 744 1175 Hesychium,
774 1122 1047 1163 doctissimum
1071 1124 1425 1163 Grammaticorum
1444 1125 1526 1165 He-

61 1176 244 1229 sychium
264 1184 395 1217 tantas
419 1178 596 1218 inscitiae
618 1178 773 1217 affinem
799 1193 882 1217 esse
901 1180 1096 1231 suspicari
1122 1179 1239 1230 ausis,
1268 1186 1314 1218 ut
1333 1178 1527 1235 Εκλύτρι-

60 1245 134 1274 σον
156 1234 368 1283 scriberet5
413 1234 489 1273 nisi
516 1235 679 1274 verbum
705 1234 808 1273 illud
837 1235 981 1274 alicubi
1009 1236 1190 1287 legisset,
1229 1237 1336 1288 apud
1366 1244 1525 1278 autores

59 1289 187 1329 forte¹
192 1304 292 1342 quos
321 1291 435 1342 longa
462 1290 547 1330 dies
564 1298 602 1330 et
622 1292 738 1331 nimia
766 1298 942 1331 vetustas
969 1292 1253 1332 subtraxerunt
1272 1293 1433 1333 notitiae
1451 1308 1524 1333 no-

59 1344 198 1385 strae?
255 1346 303 1385 1‘
287 1361 366 1400 Jam
388 1353 428 1386 et
453 1348 624 1388 frontem
641 1361 739 1398 nega
758 1347 808 1386 de
833 1348 951 1387 rebus
971 1349 1144 1400 periisse.
1202 1350 1361 1390 Placide
1389 1356 1522 1389 tamen

59 1402 218 1451 amabo,
247 1403 281 1443 0
302 1402 482 1455 quisquis
503 1417 560 1443 est
589 1411 630 1443 et
648 1403 818 1456 reprime
836 1410 875 1443 te
898 1406 1109 1457 tantisper,
1141 1405 1234 1444 dum
1257 1406 1332 1444 alia
1352 1408 1526 1445 nonnul-

59 1458 104 1498 la
117 1459 300 1512 profero,
331 1472 432 1511 quae
459 1466 679 1512 te‘quoque
707 1461 836 1512 ipsum
865 1461 966 1500 velis
996 1462 1098 1500 nolis
1123 1461 1164 1500 in
1192 1462 1425 1501 sententiam
1454 1477 1523 1501 no-

60 1520 181 1554 stram
200 1522 340 1566 cogent
356 1517 538 1556 transire.
596 1517 697 1555 Dum
721 1517 823 1555 enim
844 1530 892 1555 ex
914 1517 1085 1568 antiquis
1107 1517 1350 1568 Scholiastis,
1383 1520 1522 1558 Gram-

58 1571 233 1619 maticis,
261 1572 438 1621 Lexicis,
468 1586 569 1624 quae
596 1587 679 1611 non
708 1573 1021 1611 contexebantur
1045 1572 1143 1614 κατοέ
1173 1579 1384 1626 στοιχεῖον,
1413 1576 1521 1614 omni

60 1641 111 1666 ex
131 1634 244 1680 parts
272 1628 466 1667 vocabula
484 1629 679 1676 corradit,
709 1629 852 1680 quibus
879 1627 982 1667 hanc
1002 1642 1111 1667 suam
1137 1628 1382 1684 Συναγωγην
1401 1632 1520 1670 locu-

59 1684 184 1737 pletet
209 1690 248 1722 et
264 1683 467 1723 resereiat:
513 1698 630 1736 saepe
646 1698 722 1724 usu
738 1686 848 1723 venit
868 1691 913 1723 ut
933 1685 981 1723 ab
1000 1685 1194 1737 imperitis
1213 1687 1406 1737 librariis,
1449 1689 1519 1740 qui

60 1754 204 1806 parum
225 1746 408 1779 accurate
433 1740 694 1804 scripserant,
722 1741 788 1779 vel
814 1755 836 1778 a
866 1741 926 1779 sui
962 1741 1152 1780 similibus
1184 1740 1519 1798 Ονοματοθήραις

59 1798 104 1836 in
125 1810 297 1836 errorem
324 1796 511 1836 inductus
533 1797 603 1837 sit.
644 1810 823 1849 quaeque
849 1810 1042 1849 nusquam
1064 1798 1234 1849 gentium
1252 1801 1316 1838 vel
1335 1801 1435 1839 lecta
1454 1802 1517 1840 vel

63 1853 197 1892 audita
212 1859 315 1902 sunt,
342 1853 556 1892 lectoribus
575 1856 656 1892 suis
675 1853 875 1892 obtrudat.
931 1855 1035 1893 Illud
1056 1856 1109 1893 sis
1127 1855 1232 1897 vide.
1290 1857 1322 1911 †
1341 1853 1516 1898 Δελεδώ-

62 1925 136 1962 νη,
164 1909 189 1951 ὅ
205 1912 371 1961 μυλαῖος
391 1906 520 1962 ἰχθύς
577 1911 658 1948 Suo
680 1910 768 1948 loco
787 1908 866 1948 hoc
892 1910 1028 1961 leges
1016 1925 1057 1949 m
1077 1912 1188 1951 litera
1208 1916 1256 1953 A.
1313 1914 1395 1963 Ego
1416 1927 1512 1952 veto

60 1979 185 2017 nugas
214 1964 285 2004 has
299 1979 380 2005 esse
401 1979 529 2005 meras
546 1966 618 2005 tibi
637 1967 854 2005 denuncio:
884 1968 1074 2020 scriptum
1094 1969 1196 2007 enim
1217 1969 1395 2019 op01tu1t
1415 1973 1513 2010 Ελε-

60 2020 192 2075 δοίνη,
220 2018 394 2074 ὀσμύλος
423 2019 552 2075 ἰχθυς.
612 2023 733 2062 Piscis
758 2029 816 2062 est
841 2023 889 2062 de
918 2024 1165 2077 polypodum
1192 2038 1352 2076 genere,
1395 2040 1512 2094 quem

60 2085 278 2118 memorant
297 2078 537 2129 Aristoteles,
569 2079 803 2130 Athenaeus,
834 2080 912 2120 alii.
969 2081 1079 2120 Idem
1104 2081 1345 2134 Hesychius:
1378 2078 1514 2133 Οσμύ-

58 2138 125 2176 λια
141 2151 223 2176 των
242 2132 479 2177 πολυπόδων
502 2136 546 2177 αἱ
563 2134 712 2185 &awai
738 2132 967 2203 λεγόμεναι,
1005 2137 1073 2179 καὶ
1105 2135 1267 2189 ἰχθύδια
1291 2135 1389 2179 ποιὰ
1415 2136 1512 2178 ἅττα

60 2187 214 2245 εὐτελῆ.
269 2189 447 2244 Οσμύλαι
465 2194 685 2246 βολβιτῖναι
712 2189 938 2234 θαλασσιοι.
995 2195 1061 2233 Sic
1092 2194 1324 2233 emendandi
1350 2201 1443 2233 sunt
1469 2194 1513 2232 hi

59 2247 152 2287 loci.
211 2248 357 2288 Videor
382 2256 510 2288 autem
535 2249 631 2288 mihi
658 2250 816 2300 videre,
851 2249 949 2302 quid
983 2250 1191 2290 errationis
1223 2264 1356 2288 ansam
1385 2250 1512 2302 Hesy-

59 2303 151 2343 chio
168 2304 334 2346 dederit.
391 2306 615 2345 Nimirum
602 2320 644 2344 in
665 2313 799 2346 autore
822 2319 893 2344 suo
914 2307 1102 2359 scriptum
1126 2312 1209 2345 erat
1227 2306 1257 2358 ἦ
1273 2304 1316 2347 δ’
1338 2303 1510 2358 ἑλεδώνη

58 2361 124 2399 vel
141 2376 261 2412 μιαρα
282 2358 321 2402 δ’
350 2359 522 2415 ἑλεδώνη
551 2363 617 2401 vel
648 2363 772 2402 simile
801 2363 1023 2415 quippiam:
1054 2363 1121 2401 ille
1149 2362 1290 2408 miser,
1317 2376 1408 2401 cum
1437 2376 1510 2400 sua

61 2422 186 2455 aetate
215 2417 308 2456 libri
340 2426 515 2458 carerent
543 2419 661 2470 signis
689 2426 893 2469 accentus,
922 2415 1140 2470 δελεδωνην
1169 2419 1317 2470 piscem
1347 2418 1512 2468 effinxit,

60 2473 216 2525 qualem
234 2487 360 2526 neque
381 2476 554 2524 Nereus,
586 2488 712 2526 neque
728 2477 959 2527 Neptunus,
988 2489 1063 2514 nec
1088 2476 1173 2526 ipse
1198 2481 1311 2527 pater
1329 2475 1513 2514 Oceanus

60 2530 277 2580 agnoverit.
334 2532 436 2570 Ecce
457 2531 565 2570 aliud
582 2531 676 2570 huic
694 2532 884 2582 geminum
907 2539 946 2570 et
967 2544 1207 2582 germanum.
1264 2530 1296 2583 †
1322 2528 1514 2580 Θολκαζει

58 2588 326 2639 χαλιναγωγεῖ.
380 2588 502 2627 Nemo
534 2594 580 2628 ut
603 2587 748 2652 opinor
776 2589 924 2627 inficias
951 2588 1087 2636 iverit,
1119 2587 1215 2638 quin
1242 2587 1297 2626 ita
1319 2588 1512 2655 scriptum

58 2642 193 2691 suerit,
214 2641 361 2694 absque
380 2650 509 2682 tamen
529 2645 633 2683 notis
654 2651 858 2684 accentus·
890 2648 1042 2691 Ιππους
1057 2639 1100 2683 θ’
1118 2639 1288 2694 ολκαζει,
1307 2645 1373 2684 vel
1393 2641 1514 2694 Νῆοὶς

58 2694 110 2738 θ’
128 2695 290 2746 ολκᾶζει.
347 2699 437 2751 Ipse
457 2700 699 2752 Hesychius:
731 2699 911 2750 Ολκάζει,
942 2699 1060 2749 ελκει,
1089 2703 1356 2755 χαλιναγωγεῖ.
1408 2701 1513 2739 Illud

59 2760 190 2792 autem
207 2751 393 2804 θολκοὶζει
412 2756 508 2795 cedo
532 2771 752 2809 quenquam
784 2756 1010 2796 mortalium
1038 2756 1108 2808 qui
1137 2759 1284 2809 legerit.
1334 2756 1370 2808 †
1390 2758 1515 2798 Ενδε-

57 2822 248 2859 κατευσα,
276 2807 396 2863 τήνδε
412 2827 552 2865 κωπην
576 2811 818 2869 ἐπαρξάμην.
876 2815 999 2854 Recta
1024 2814 1124 2854 serie
1143 2813 1224 2853 hoc
1243 2814 1436 2877 scriptum
1454 2814 1513 2852 of-

113 2871 258 2907 lommes
292 2873 458 2908 Malalas.
507 2914 510 2917 Δ
1185 2870 1255 2914 45

1547 1585 1649 1621 035
