1838 3230
300 183 400 229 426
691 178 984 223 IOANNIS
1017 182 1359 227 MALALAE

301 296 413 355 αὐτῷ
443 294 634 340 ἀπελθεῖν
655 298 721 339 καὶ
743 297 970 341 ἀνανεῶσαι
990 298 1107 343 πόλιν
1126 306 1200 357 τῆς
1220 304 1410 358 Φοινίκης
1435 305 1491 354 εἷς
1516 304 1563 347 τὸ
1591 306 1746 359 λΙμιτον

299 365 373 420 τὴν
407 366 620 420 λεγομένην
653 362 885 422 Πάλμυραν
921 370 986 410 καὶ
1015 368 1088 418 τὰς
1119 371 1329 425 ἐκκλησίας
1374 373 1441 414 καὶ
1469 371 1523 414 τὰ
1551 371 1742 428 δημόσια,

300 430 491 481 κελεύσας
519 434 584 474 καὶ
614 432 794 488 ἀριθμὸν
811 441 1070 490 στρατιωτῶν
1113 439 1215 492 μετὰ
1236 444 1316 481 τῶν
1347 439 1583 494 λιμιτανέων
1617 441 1744 484 καθέ-

300 502 443 551 ζεσθαι
474 501 557 542 ἐκεῖ
592 503 658 542 καὶ
688 501 757 543 τὸν
786 503 913 545 δοῦκα
938 503 1131 560 Ἔμίσσης
1164 507 1265 562 πρὸς
1295 507 1342 549 τὸ
1373 506 1657 564 φυλάττεσθαι
1692 509 1745 552 τὰ

293 566 499 621 Ῥωμαϊκὰ
533 570 600 610 καὶ
625 567 897 624 Ἱεροσόλυμα.
969 570 995 626 ἡ
1030 574 1073 615 δὲ
1100 573 1311 631 Πάλμυρα
1329 574 1469 633 πρῴην
1496 577 1571 630 μὲν
1591 574 1777 632 μεγάληό

295 634 498 692 ὑπῆρχεν,
537 637 672 691 ἐπειδὴ
705 636 889 690 ὃΔαβὶδ
907 640 949 682 ἐν
970 639 1080 698 αὐτῷ
1108 647 1165 699 τῷ
1196 642 1309 702 τόπῳ
1352 643 1430 699 πρὸ
1464 649 1539 687 τοῦ
1571 649 1743 700 κτισθῆ-

298 721 364 746 ναι
401 702 518 746 πόλιν
563 703 840 760 ἐμονομάχησε
878 707 981 761 μετὰ
1015 713 1088 750 τοῦ
1115 713 1154 751 Γ
1151 711 1276 754 ολιάθ
1318 709 1568 766 ὡπλισμένου
1602 712 1740 762 ὄντος.

295 771 407 821 ὅστις
427 775 465 813 Γ
462 772 587 814 ολιιὶθ
604 774 711 830 λίθῳ
735 775 874 828 λαβὼν
895 775 1021 828 ἔπεσε,
1051 779 1116 818 καὶ
1138 780 1306 835 δραμών
1327 778 1348 822 ὃ
1373 782 1511 834 Δαβὶδ
1543 780 1743 838 ἀπεκεφά-

295 844 403 882 λισεν
432 840 556 883 αὐτὸν
585 843 641 891 εἷς
667 841 688 884 ὃ
719 843 929 899 ἐπεφέρετο
958 842 979 886 ὁ
1001 847 1040 885 Γ
1037 845 1162 888 ολιὰθ
1188 849 1326 903 ξίφος,
1373 850 1439 890 καὶ
1464 849 1538 904 τὴν
1565 849 1744 906 κεφαλὴν

243 917 274 951 C
298 908 424 951 αὐτοῦ
446 909 585 962 λαβὼν
618 910 810 964 κατέσχεν
827 914 889 954 ἐπὶ
917 911 1083 968 ἡμέρας,
1109 917 1176 956 καὶ
1192 914 1267 958 εἷθ’
1300 915 1429 966 οὕτως
1455 917 1497 959 ἐν
1519 915 1741 974 Ἶεροσολύ-
1755 925 1798 958 10

293 994 387 1030 μοις
413 975 616 1032 εἲσήγαγεν
652 978 780 1033 αὐτὴν
806 980 910 1033 μετὰ
944 983 1055 1036 νίκης
1091 981 1322 1039 ἔμπροσθεν
1363 983 1490 1027 αὑτοῦ
1516 987 1572 1035 εἰς
1599 985 1743 1028 κοντὸν

293 1046 613 1100 βασταζομένην.
683 1047 751 1089 διὰ
782 1053 904 1091 τοῦτο
932 1050 1129 1104 Σολομὼν
1158 1049 1179 1094 ὅ
1215 1052 1405 1104 βασιλεὺς
1448 1050 1548 1108 ὑπὲρ
1578 1059 1651 1108 τῆς
1682 1054 1742 1112 νζ-

295 1130 367 1167 κης
385 1118 457 1156 τοῦ
481 1112 606 1156 αὖτοῖ
625 1115 778 1171 πατρὸς
795 1118 938 1169 Δαβὶδ
955 1117 1138 1174 ἐποίησεν
1157 1119 1285 1175 αὐτὴν
1304 1119 1422 1163 πόλιν
1436 1119 1626 1175 μεγάλην,
1655 1123 1742 1163 ἐπι·

145 1180 178 1214 0
204 1180 270 1216 153
293 1184 381 1231 θεὶς
413 1181 517 1238 αὐτῇ
544 1182 589 1224 τὸ
625 1181 754 1237 ὄνομα
788 1183 1042 1242 Πάλμυραν,
1079 1186 1135 1237 ὥς
1164 1189 1377 1244 γενομένην
1406 1195 1554 1244 μοῖραν
1581 1194 1639 1247 τῷ
1660 1193 1699 1232 Γ
1697 1208 1741 1232 0-

290 1248 404 1294 λιάθ.
476 1250 523 1292 τὸ
551 1251 596 1292 δὲ
624 1249 764 1308 πρῴην
793 1251 1013 1309 ἐφύλαττεν
1041 1254 1066 1310 ἦ
1089 1256 1191 1311 αὐτὴ
1221 1255 1335 1306 πόλις
1358 1260 1423 1299 καὶ
1450 1257 1501 1299 τὰ
1518 1255 1740 1312 Ἱεροσόλυ-
1753 1265 1795 1300 15

288 1335 374 1372 μα,
423 1317 521 1360 ὅθεν
564 1321 629 1360 καὶ
655 1320 1028 1378 Ναβουχοδονόσορ
1069 1323 1090 1366 ὅ
1124 1325 1315 1377 βασιλεὺς
1341 1329 1516 1381 Περσῶν
1535 1325 1583 1367 δι’
1614 1326 1741 1381 αὐτῆς

289 1386 510 1443 παρελθὼν
571 1384 737 1442 πρώτην
779 1388 907 1443 αὐτὴν
942 1392 1145 1446 παρέλαβε
1186 1396 1323 1450 πολλῷ
1361 1392 1492 1450 κόπῳ·
1553 1394 1738 1448 ἐφοβεῖτο

288 1454 366 1511 γὰρ
404 1453 575 1497 ὄπισθεν
602 1455 731 1510 αὐτὴν
760 1457 897 1498 ἐᾶσαι·
943 1463 1104 1514 πλῆθος
1137 1460 1214 1516 γὰρ
1245 1466 1506 1515 στρατιωτῶν
1532 1461 1738 1504 Ἰουδαίων

288 1522 469 1577 ἐκάθητο
494 1524 593 1565 ἐκεῖ*
629 1522 767 1577 ἥντινα
795 1524 1048 1580 παραλαβών
1091 1527 1247 1578 καύσας
1283 1528 1451 1585 ἔστρεψε
1461 1561 1475 1581 ,
1513 1531 1579 1571 καὶ
1609 1529 1739 1580 οὕτως

288 1591 362 1645 τὴν
380 1589 643 1646 Ἰερουσαλὴμ
667 1593 905 1647 παρέλαβεν.
1748 1605 1794 1639 20

385 1657 434 1702 Ὁ
453 1660 497 1701 δὲ
519 1659 641 1709 αὐτὸς
659 1659 938 1711 Ἰουστινιανὸς
957 1662 1127 1706 δέδωκεν
1152 1661 1347 1707 ὗπατειάν
1367 1668 1419 1721 τῇ
1441 1664 1535 1721 ἕκτῃ
1552 1663 1737 1720 ἐπινεμή-

287 1744 347 1770 σει
382 1732 439 1787 τῷ
462 1729 683 1787 ἴανουαρίῳ
700 1730 810 1784 μηνί.

377 1846 639 1903 2.,Παλμυροὶν
661 1849 730 1884 Ox.
754 1848 810 1883 hic
834 1853 870 1883 et
892 1849 992 1883 infra.
1119 1851 1178 1904 ¹¹:
1197 1848 1329 1905 πόντον
1346 1851 1412 1906 Ox'.
1430 1832 1432 1834 ι
1538 1851 1593 1888 14.
1617 1852 1734 1908 αὐτῇ]

376 1895 496 1975 3ξῖῆῖ
517 1895 637 1986 (gxko.
667 1895 755 1976 ssid'
778 1896 1121 1986 μὲοὲραῖἐωξζηοῗέὲὲ)
1136 1897 1203 1976 (ξιξ
1224 1902 1334 1932 om1s1t
1355 1899 1483 1941 παλαι,
1513 1898 1602 1944 quod
1625 1904 1736 1946 posuit

287 2055 411 2094 catam,
433 2052 477 2086 ad
496 2054 633 2099 Imperii
656 2056 740 2090 fines
761 2055 870 2098 sitam,
896 2060 931 2090 et
955 2056 1119 2100 collapsas
1140 2055 1224 2091 inibi
1246 2057 1403 2092 ecclesias
1426 2060 1463 2092 et
1492 2058 1650 2094 aedificia
1672 2070 1736 2104 pu-

284 2097 374 2132 blica
405 2098 450 2131 de
472 2110 560 2132 novo
585 2101 769 2136 excitaret:
803 2103 987 2136 Numerum
1025 2102 1124 2136 etiam
1149 2102 1294 2136 Militum
1317 2103 1509 2138 Limitaneis
1533 2104 1635 2148 adjici
1664 2105 1736 2149 jus-

283 2143 340 2184 sit,
372 2143 430 2187 qui
452 2145 512 2177 sub
534 2145 632 2179 Duce
657 2147 825 2182 Emisseno
849 2148 898 2182 ibi
921 2147 1143 2188 considerent,
1179 2148 1215 2181 in
1236 2148 1541 2194 Hierosolymorum
1574 2149 1736 2184 Romani-

285 2200 353 2233 que
382 2189 518 2234 Imperii
547 2191 659 2225 finium
693 2193 886 2227 custodiam.
952 2195 1040 2228 Erat
1071 2199 1182 2227 autem
1207 2194 1363 2238 Palmyra
1393 2194 1468 2228 olim
1493 2196 1573 2229 urbs
1595 2206 1733 2239 magna:

283 2235 348 2268 hoc
370 2235 456 2268 enim
479 2234 515 2268 in
536 2236 633 2278 loco,
657 2241 736 2270 ante
758 2239 855 2282 jacta
877 2238 926 2272 ibi
948 2239 1041 2273 urbis
1063 2239 1267 2281 fundamina,
1291 2239 1441 2273 Davidus
1465 2240 1600 2274 Goliam
1624 2251 1736 2274 arma-

283 2284 353 2313 tum
383 2280 544 2324 singulari
567 2293 741 2326 aggressus
765 2284 948 2318 certamine
980 2285 1095 2330 lapillo
1119 2285 1323 2329 prostravit,
1363 2295 1609 2330 accurrensque
1633 2290 1736 2329 caput

284 2325 409 2358 Goliae
432 2326 482 2359 sui
505 2326 611 2371 ipsius
629 2327 743 2371 gladio
768 2330 963 2373 amputavit.
1013 2331 1116 2371 Quod
1138 2331 1203 2365 sibi
1225 2342 1372 2372 sumens,
1404 2342 1466 2375 per
1490 2330 1626 2374 aliquod
1649 2334 1736 2364 tem-

282 2381 346 2414 pus
369 2383 478 2405 secum
502 2373 639 2406 habuit=
676 2379 843 2418 contoque
866 2375 989 2409 deinde
1012 2377 1164 2416 affixum,
1193 2377 1228 2409 in
1251 2376 1426 2410 Victoriae
1446 2375 1586 2419 signum,
1610 2376 1735 2411 Hiero-

281 2415 435 2459 solymis,
459 2417 522 2451 sibi
547 2418 712 2461 praeferri
736 2419 855 2452 voluit.
902 2420 976 2453 Rex
998 2421 1115 2464 itaque
1140 2422 1317 2461 Salomon,
1340 2420 1376 2454 in
1401 2421 1590 2455 memoriam
1614 2421 1734 2457 Victo·-

281 2460 354 2495 riae
376 2462 484 2506 hujus,
508 2475 529 2497 a
546 2463 680 2498 Davide
703 2470 802 2509 patre
825 2470 1034 2509 reportatae,
1058 2466 1240 2510 speciosam
1263 2467 1311 2499 ibi
1334 2466 1451 2499 urbem
1475 2466 1647 2500 condidit:
1672 2479 1734 2501 no-

279 2516 422 2551 menque
447 2509 492 2549 ei,
519 2521 540 2543 a
562 2509 685 2543 Goliae
707 2511 792 2551 fato,
816 2510 1005 2555 Palmyram
1029 2512 1134 2546 dedit.
1183 2511 1335 2544 Antehac
1357 2511 1443 2544 enim
1467 2513 1544 2545 urbs
1568 2512 1634 2546 ista
1652 2512 1735 2547 Hie·

280 2552 453 2596 rosolymis
476 2554 622 2589 cedebat
643 2555 678 2588 in
701 2556 1007 2600 propugnaculum=
1046 2558 1135 2591 unde
1158 2557 1234 2590 Rex
1258 2557 1435 2590 Persarum
1457 2557 1734 2592 Nabuchadono-

282 2608 395 2638 sorus,
420 2598 686 2644 Hierosolymam
709 2601 797 2636 bello
821 2605 956 2646 petens,
986 2603 1169 2647 urbemque
1192 2603 1299 2643 hanc,
1333 2613 1507 2636 numeroso
1529 2603 1733 2638 Judaeorum

281 2643 450 2686 praesidio
483 2645 701 2688 instructam,
743 2658 765 2681 a
787 2651 885 2690 tergo
908 2647 1099 2691 relinquere
1129 2647 1219 2681 haud
1241 2651 1350 2680 tutum
1381 2647 1591 2689 existimans,
1629 2647 1733 2693 ipsam

280 2687 385 2732 prius,
413 2691 515 2725 multo
538 2691 619 2726 licet
640 2693 769 2733 labore,
795 2691 898 2737 cepit,
921 2697 1123 2738 captamque
1143 2692 1304 2726 incendiis
1330 2692 1497 2728 vastavit:
1537 2693 1734 2738 Hierosoly-

280 2744 350 2768 mas
373 2746 455 2769 vero
477 2736 567 2781 ipsas
592 2736 715 2771 deinde
736 2738 925 2783 occupavit.
1565 2763 1572 2778 ε

371 2791 577 2829 Justinianus
601 2798 711 2829 autem
732 2806 843 2830 mense
864 2795 1046 2838 Januario,
1080 2794 1199 2830 Indict.
1223 2806 1280 2838 w,
1305 2806 1450 2831 nummos
1473 2795 1673 2832 Consulares
1694 2793 1730 2829 in

282 2836 441 2880 populum
469 2841 663 2884 spargebat.
