1838 3230
412 144 1016 190 cHRoNOGRAPfflA.
1074 144 1123 187 L.
1155 125 1290 189 xvuss
1490 152 1588 198 423

217 265 375 311 Ἔκτισε
401 264 447 308 δὲ
467 264 510 308 ἓν
526 268 578 322 τῇ
611 263 716 321 αὐτῇ
739 262 960 325 Ἀντιοχείᾳ
989 262 1199 322 εὖκτήριον
1227 262 1338 309 οἶκον
1370 269 1443 322 τῆς
1470 264 1587 322 ἁγίας
1612 273 1644 308 Ο
1671 271 1736 310 148

124 333 325 379 θεοτόκου
377 335 444 378 καὶ
488 333 760 390 ἀειπαρθένου
806 335 1001 390 Μαρίας,
1049 332 1239 391 ἄντικρυς
1269 339 1344 389 τῆς
1372 336 1588 392 λεγομένης

120 401 333 462 Ῥουφίνου
352 406 579 459 βασιλικῆς,
602 402 743 451 κτίσας
763 403 934 456 πλησίον
954 404 1019 445 καὶ
1040 403 1175 459 ἕτερον
1206 400 1317 447 οἶκον
1349 408 1431 447 τῶν
1462 402 1586 461 ἆγίων
1613 411 1643 445 Β

122 475 277 528 Κοσμᾶ
314 473 382 514 καὶ
413 472 645 525 Δαμιανοῢ.
728 468 926 520 ὡσαύτως
963 472 1008 514 δὲ
1041 471 1169 514 ἔκτισε
1195 473 1263 514 καὶ
1310 476 1463 523 ξενῶνα
1516 475 1585 516 καὶ

90 540 278 598 ὅλουτρᾶ
321 541 388 583 καὶ
427 539 670 595 κινστέρνας.
753 536 905 593 ὅμοίως
945 540 991 582 δὲ
1023 542 1090 583 καὶ
1119 538 1143 594 ἡ
1170 539 1442 598 εὐσεβεστάτη
1478 545 1582 586 Θεο-

122 607 238 665 δῶρα
267 610 334 652 καὶ
366 607 469 663 αὐτὴ
499 606 631 650 πολλὰ
664 611 715 664 τῇ
744 605 858 650 πόλει
889 608 1110 665 παρέσχεν·
1147 608 1275 652 ἔκτισε
1305 610 1350 652 δὲ
1382 612 1449 654 καὶ
1474 609 1585 655 οἷκον

121 681 197 727 τοῦ
229 676 478 734 ἀρχαγγέλου
517 676 693 731 Μιχαὴλ
735 675 1055 732 εὐπρεπέστατον
1089 675 1221 720 πάνυ·
1269 677 1397 721 ἔκτισε
1435 681 1480 722 δὲ
1516 682 1583 722 καὶ

121 745 197 801 τὴν
228 745 445 802 λεγομένην
469 745 705 788 Ἀνατολίου
734 743 974 800 βασιλικήν,
1017 746 1185 801 πέμψας
1211 746 1308 796 τοὺς
1336 748 1475 799 κίονας
1500 748 1583 792 ἀπὸ

119 812 605 863 Κωνσταντινουπόλεως.
677 811 701 868 ἦ
735 814 779 855 δὲ
807 813 909 868 αὐτὴ
943 814 1172 872 Αὕγουστα
1199 814 1422 872 Θεοδώρα,
1460 815 1582 872 ποιή-

64 894 230 928 1οσασα
260 882 440 938 σταυρὸν
472 880 696 936 πολύτιμον
727 882 796 925 διὰ
827 888 1110 941 μαργαριτῶν
1135 882 1314 938 ἔπεμψεν
1346 886 1388 928 ἓν
1407 884 1582 942 Ἰεροσο-

117 949 272 1006 λύμοις,
345 949 367 994 ὅ
397 952 442 993 δὲ
463 950 586 1000 αὐτὸς
615 950 901 1001 Ἰουστινιανὸς
927 953 1084 1010 δωρεὰς
1114 952 1347 1007 κατέπεμψε
1378 958 1478 997 πᾶσι
1497 961 1585 1004 τοῖς

115 1019 327 1063 &nouum
346 1024 420 1074 τῆς
436 1017 664 1074 Ῥωμαϊκῆς
682 1021 897 1069 πολιτείας.

225 1089 277 1131 Οἱ
296 1089 341 1131 δὲ
357 1088 473 1131 αὐτοὶ
496 1092 678 1142 βασιλεῖς
697 1089 1022 1145 προεχειρίσαντο
1052 1088 1123 1131 τὸν
1154 1090 1365 1144 πατρίκιον
1387 1088 1584 1133 ιΥποῖτιον

117 1154 404 1214 στρατηλάτην
434 1157 636 1212 ἀνατολῆς
678 1159 732 1206 εἰς
761 1157 807 1199 τὸ
835 1156 1015 1214 φυλάξαι
1036 1157 1111 1209 τὰς
1139 1157 1362 1215 ἐπιδρομὰς
1391 1164 1473 1203 τῶν
1495 1164 1582 1203 Eat-
1606 1158 1658 1204 03

63 1238 106 1273 15
117 1229 304 1283 ρακηνῶν
321 1225 389 1268 διὰ
409 1225 460 1269 τὰ
482 1225 704 1268 ἀνατολικὰ
723 1225 840 1282 με’ρη.

212 1295 280 1338 Ἐν
308 1295 353 1338 δὲ
384 1298 442 1353 τῷ
475 1293 587 1351 αὐτῷ
622 1298 749 1351 καιρῷ
778 1293 883 1336 κατὰ
918 1291 1034 1335 πόλιν
1081 1295 1226 1336 πολλοὶ
1263 1293 1584 1353 ἒτιμωρήθησαν

115 1365 342 1418 Μανιχαΐοι
353 1395 367 1415 ,
406 1364 447 1405 ἐν
467 1360 528 1412 οἷς
548 1360 786 1418 ἐτιμωρήθη
808 1364 875 1406 καὶ
896 1360 923 1418 ἢ
944 1362 1042 1418 γυνὴ
1062 1361 1287 1420 Ἐρυθριόυ
1310 1369 1385 1409 τοῦ
1408 1369 1584 1420 συγκλη-

113 1435 227 1474 τικοῦ
269 1433 337 1474 καὶ
361 1429 481 1474 ἄλλαι
503 1429 591 1486 ἅμα
611 1430 729 1489 αὐτῇ.

218 1503 307 1555 Τῆς
342 1500 387 1543 δὲ
424 1501 649 1555 θεομηνίας
693 1497 911 1555 συμβάσης
974 1496 1105 1555 κόμης
1159 1499 1364 1556 ἀνατολῆς
1405 1499 1583 1558 ὑπῆρχεν

57 1568 374 1626 ΞοἚφραΐμιος·
414 1567 524 1618 ὅστις
554 1569 640 1623 μετ’
669 1569 803 1624 ὀλίγον
828 1566 979 1625 χρόνον
1000 1568 1276 1623 ἀναγκασθεὶς
1293 1572 1581 1626 προεχειρίσθη
1607 1589 1640 1623 0
1669 1588 1733 1624 149

115 1635 370 1693 πατριάρχης
394 1637 656 1692 Ἀντιοχείας·
702 1635 723 1679 ὃ
758 1637 835 1693 γὰρ
869 1637 947 1694 πρὸ
980 1636 1107 1679 αὐτοῦ
1141 1637 1311 1692 γεγονώς
1339 1637 1582 1694 Εὖφράσιος

113 1707 156 1749 ἐν
176 1710 226 1763 τῇ
244 1707 446 1765 θεομηνία
468 1707 742 1762 πυρίκαυστος
761 1705 925 1761 ἐγένετο.
999 1703 1159 1760 γνόντες
1182 1706 1227 1747 δὲ
1250 1706 1288 1747 οἳ
1309 1706 1484 1761 εὐσεβεῖς
1503 1712 1584 1762 βα-

205 1836 241 1872 4.
265 1834 394 1880 Κοσμᾶ
418 1836 485 1871 Ox.
510 1836 551 1873 V.
578 1836 646 1871 vol.
670 1837 700 1870 Ι.
722 1847 756 1881 p.
784 1837 860 1872 130.
872 1836 916 1870 C.
969 1837 1003 1872 5.
1034 1836 1262 1883 κινστέρνας]
1283 1837 1492 1883 κιγστέρνας
1513 1840 1582 1876 Ox.

205 1883 308 1919 Cous.
331 1895 365 1930 p.
387 1883 445 1919 57.
469 1883 513 1918 Ε.
604 1884 640 1918 9.
663 1879 857 1928 Αὖγούστα
881 1882 948 1917 Ox.
995 1883 1125 1919 Eadem
1148 1886 1393 1930 μαργαρίτων.

205 2006 372 2042 Extruxit
404 2008 526 2049 etiam,
560 2007 765 2043 Antiochiae
797 2008 916 2044 aedem
946 2009 1150 2053 oratoriam,
1186 2022 1206 2045 e
1229 2010 1370 2055 regione
1401 2011 1582 2054 Basilicae,

114 2052 232 2088 Rufini
255 2053 392 2096 dictae,
423 2054 466 2088 D.
489 2055 624 2089 Mariae
647 2054 821 2100 Deiparae
844 2067 977 2102 semper
999 2056 1135 2101 Virgini
1159 2068 1306 2091 sacram:
1345 2056 1400 2092 cui
1423 2057 1525 2092 etiam
1548 2057 1584 2091 in

138 2099 308 2145 ropinquo
333 2100 474 2135 alteram
498 2101 626 2134 Aedem
661 2101 726 2134 SS.
758 2101 901 2135 cosmae
925 2107 961 2137 et
985 2102 1151 2136 Damiano
1177 2102 1356 2138 excitavit.
1417 2103 1586 2137 Consimi-

127 2145 194 2180 iter
242 2156 353 2191 uoque
375 2146 580 2192 Hospitium,
607 2147 736 2181 Balnea
760 2154 795 2180 et
819 2147 992 2182 Cisternas
1016 2149 1177 2183 extruxit.
1225 2149 1318 2190 Quin
1340 2152 1375 2183 et
1399 2148 1585 2191 religiosis-

113 2190 196 2226 sima
217 2157 408 2226 fll'heodora
431 2194 547 2227 urbem
572 2194 713 2227 eandem
737 2193 849 2228 multis
872 2194 1034 2229 donavit:
1076 2195 1203 2229 Aedem
1227 2195 1329 2229 etiam
1352 2194 1585 2239 splendidissi-

112 2248 199 2272 mam
223 2238 389 2280 extruxit,
413 2238 576 2272 Michaeli
596 2239 812 2284 Archangelo
836 2251 984 2282 sacram3
1009 2241 1159 2275 Anatolii
1182 2241 1297 2283 etiam,
1322 2251 1421 2285 quam
1444 2243 1585 2282 vocant,

113 2282 291 2317 Basilicam
323 2284 497 2327 condidit,
536 2285 697 2319 columnis
720 2297 760 2319 eo
799 2298 841 2319 ex
865 2286 1162 2331 Constantinopoli
1184 2285 1394 2321 transmissis.
1451 2286 1584 2320 Eadem

113 2328 303 2364 Theodora
325 2331 488 2374 Augusta,
515 2330 787 2377 pretiosissimam
810 2332 929 2367 Crucis
951 2332 1114 2377 effigiem,
1138 2344 1181 2366 ex
1205 2331 1403 2376 Margaritis
1424 2331 1584 2365 elabora-

115 2377 206 2416 tam,
253 2375 509 2422 Hierosolymas
531 2377 634 2411 misit.
692 2376 785 2411 Idem
815 2377 1021 2413 Justinianus
1052 2378 1286 2424 Vectigalibus
1309 2388 1371 2422 per
1404 2377 1584 2422 Imperium

115 2419 300 2455 Romanum
322 2421 475 2457 omnibus
498 2422 586 2457 dona
608 2422 803 2458 transmisit.

206 2466 311 2502 Iidem
333 2468 560 2514 Imperatores
584 2469 724 2502 militum
754 2469 790 2503 in
813 2469 961 2504 Oriente
985 2468 1188 2515 Magistrum
1212 2468 1372 2502 dixerunt
1395 2467 1582 2513 Hypatium

116 2510 319 2555 Patricium,
351 2514 409 2559 qui
434 2520 549 2559 partes
573 2514 766 2548 Orientales
790 2527 811 2549 a
833 2515 1080 2550 Saracenorum
1103 2514 1348 2549 incursionibus
1371 2517 1535 2548 tueretur.

207 2557 390 2594 Caeterum
413 2571 475 2605 per
500 2560 536 2594 id
568 2565 699 2606 tempus
723 2560 918 2595 Manichaei
940 2561 1063 2607 passim
1087 2572 1150 2606 per
1173 2561 1274 2595 urbes
1298 2559 1432 2604 plurimi
1455 2571 1581 2604 poenas

115 2601 302 2683 ‘dfferfmtt
330 2617 379 2684 εἴ·
396 2617 537 2650 quorum
561 2617 703 2641 numero
728 2612 804 2642 erat
824 2607 979 2652 Erythrii
1003 2605 1180 2642 Senatoris
1204 2606 1324 2648 Uxor,
1348 2617 1483 2651 unaque
1507 2618 1580 2641 cum

114 2659 126 2682 ι
197 2659 218 2694 p
232 2659 308 2683 ures
337 2662 357 2684 a
370 2662 435 2686 tae.

208 2694 286 2736 Quo
314 2699 465 2742 tempore
499 2701 611 2732 autem
640 2703 755 2733 terrae
788 2702 898 2732 motus
931 2697 1124 2738 acciderat,
1166 2697 1286 2731 Comes
1318 2700 1394 2731 erat
1429 2697 1581 2732 Orientis

117 2739 363 2785 Ephraemius3
401 2743 459 2785 qui
482 2743 583 2788 paulo
609 2751 686 2789 post
718 2744 999 2778 Patriarchatum
1025 2742 1281 2777 Antiochensem
1304 2742 1475 2788 suscipere
1499 2754 1580 2778 coa—

116 2794 190 2820 ctus
213 2790 274 2820 est.
325 2786 536 2832 Euphrasius
558 2789 658 2831 enim,
691 2789 848 2825 decessor
873 2790 959 2833 ejus,
984 2788 1253 2832 conflagratione
1276 2788 1424 2824 Coelesti
1449 2791 1580 2823 absum-

116 2837 194 2878 ptus
208 2831 370 2877 perierat.
411 2832 639 2878 Imperatores
655 2841 765 2870 autem
781 2833 1031 2879 religiosissimi,
1057 2833 1173 2869 audito
1195 2833 1432 2879 Ephraemium
1453 2834 1579 2869 Orien-
