1838 3230
261 154 402 235 274*
665 180 956 224 IOANNIS
985 181 1321 225 MALALAE

267 290 356 356 {pag
378 300 480 357 πρὸς
506 299 631 343 αὐτὸν
649 297 920 342 ὗπενόθευσεν
943 299 1067 344 αὐτὸν
1091 300 1297 356 Τραϊανὸς
1315 297 1522 355 βασιλεύς,
1544 297 1721 356 ταξάμε-

214 373 247 407 D
271 388 339 419 νος
369 371 509 412 δοῦναι
538 368 648 425 αὐτῷ
676 368 750 422 τὴν
780 370 988 421 βασιλείαν
1009 373 1206 424 ΙῙερσῶν,
1237 369 1306 410 ἐὰν
1328 366 1574 426 συμμαχῆσῃ
1595 368 1720 427 minii·-

269 440 335 481 καὶ
362 437 658 485 ὖπονοθευθεὶς
686 431 790 490 ἦλθε
816 436 917 492 πρὸς
934 436 1057 479 αὐτὸν
1074 434 1216 486 νυκτός
1230 450 1239 460 ’
1276 439 1342 479 καὶ
1361 437 1499 490 λαβὼν
1523 436 1647 480 αὐτὸν
1668 437 1724 487 εἷς

269 507 317 548 τὸ
336 506 438 547 ἴδιον
459 504 583 546 αὐτοῦ
614 504 737 560 με’ρος
754 504 856 558 μετὰ
880 509 952 547 τοῦ
971 503 1157 559 πλήθους
1178 504 1304 547 αὐτοῦ
1327 503 1348 547 ὅ
1367 504 1492 554 αὐτὸς
1510 502 1725 555 θειότατος

273 570 500 629 Τραϊανός,
539 569 702 625 ὥρμησε
727 571 830 614 κατὰ
851 577 922 614 τοῦ
942 574 1245 628 Σανατρουκιόυ
1258 605 1270 624 ,
1308 573 1507 625 βασιλέως
1524 575 1721 628 Περσῶν·
1734 584 1756 618 5

271 643 337 684 καὶ
355 644 516 682 πολλῶν
535 642 711 694 Περσῶν
729 637 933 683 πεσόντων
952 639 1192 695 συνελάβετο
1213 641 1283 683 τὸν
1301 638 1622 696 Σανατρούκιον,
1644 645 1726 692 ῥἀ-4

271 709 384 751 σιλέα
404 711 579 762 Περσῶν
594 740 606 759 ,
646 705 867 764 φεύγοντα·
905 710 972 750 καὶ
998 707 1208 765 ἐφόνευσεν
1236 707 1371 751 αὐτόν.
1442 711 1508 751 καὶ
1542 709 1727 763 ἐποίησεν

271 776 355 818 ἄντ’
379 776 504 818 αὐτοῦ
524 776 695 829 βασιλέα
722 779 897 831 Περσῶν
924 782 1015 825 ,τοῖς
1046 775 1325 833 ὑπολειφθεῖσι
1347 778 1413 818 καὶ
1432 781 1727 830 προσπεσοῦσιν

272 844 384 901 αὐτῷ
411 843 594 899 Πέρσαις
627 842 652 898 ὃ,
689 843 812 892 αὐτὸς
840 844 1047 899 Τραϊανὸς
1079 845 1182 886 κατὰ
1219 845 1294 893 τὰς
1327 842 1531 894 συντάξεις
1559 842 1727 898 ὀνόματι

271 909 660 967 Παρθεμασπάτην,
684 912 771 954 υἱὸν
788 910 1003 968 Ὀσὸρόου,
1022 910 1188 968 γράψας
1207 917 1256 968 τῇ
1275 910 1484 970 συγκλήτῳ
1501 916 1552 968 τῇ
1572 913 1613 954 ἐν
1625 909 1724 955 Ῥῶ-
1738 923 1783 956 10

273 998 330 1036 μῃ
355 978 415 1022 ὅτι
435 976 638 1033 τοσαύτην
659 982 725 1022 καὶ
744 979 906 1035 ἄπειρον
922 984 996 1036 γῆν
1012 982 1078 1022 καὶ
1097 979 1252 1036 ἄμετρα
1273 978 1530 1034 διαστήματα
1549 980 1728 1037 ἀφεστη-

221 1047 254 1081 Ε
278 1046 378 1091 κότα
394 1050 468 1101 τῆς
482 1044 638 1101 Ῥώμης
659 1049 819 1090 διοικεῖν
836 1048 908 1090 οὐκ
929 1046 1207 1102 ἀντεχόμεθα,
1243 1047 1348 1089 ἀλλὰ
1362 1046 1634 1103 παράσχωμεν
1652 1047 1730 1090 αὗ-

125 1115 158 1148 0
182 1115 252 1151 358
276 1122 362 1164 τοῖς
388 1114 559 1168 βασιλέα
586 1113 908 1170 ὑποτεταγμένον
932 1120 989 1173 τῷ
1013 1120 1094 1158 τῶν
1110 1114 1320 1170 Ῥωμαίων
1344 1113 1493 1172 κράτει.
1563 1117 1628 1158 καὶ
1655 1115 1728 1158 ἅν·-

274 1184 475 1239 τὲγραψεν
501 1181 614 1240 αὐτῷ
634 1182 661 1238 ἡ
688 1181 909 1238 σύγκλητος
936 1183 1017 1226 ἀπὸ
1041 1181 1198 1239 Ῥώμης
1225 1183 1387 1226 ἅπαντα
1416 1187 1582 1227 ποιὶσαι
1607 1181 1663 1234 ὥς
1689 1182 1728 1226 δ’

218 1257 220 1259 ’
276 1251 326 1294 ἂν
348 1248 545 1304 βούληται
563 1253 630 1293 καὶ
648 1251 770 1300 αὐτὸς
790 1252 931 1308 συνίδῃ
951 1251 1168 1308 συμφέρειν
1185 1256 1235 1308 τῇ
1251 1250 1466 1310 Ῥωμανίᾳ.
1531 1253 1598 1294 καὶ
1628 1252 1726 1306 ἓβα-
1740 1259 1785 1295 15

275 1320 431 1361 σίλευσε
450 1321 626 1374 Περσῶν
648 1317 669 1361 ὃ
692 1317 1069 1374 Παρθεμασπάτης.
1122 1319 1194 1362 τὸν
1218 1320 1261 1361 δὲ
1280 1317 1456 1373 πόλεμον
1474 1321 1539 1362 καὶ
1559 1319 1634 1375 τὴν
1653 1337 1729 1362 κα-

275 1386 328 1429 τὰ
356 1390 531 1442 Περσῶν
559 1387 671 1441 νίκην
697 1391 770 1429 τοῦ
802 1385 1017 1430 θειοτάτου
1052 1391 1259 1443 Τραϊανοῦ
1278 1385 1299 1429 ὃ
1321 1385 1562 1443 σοφώτατος
1575 1387 1732 1442 Ἀρεια-

275 1454 345 1503 νὸς
365 1452 385 1495 ὃ
407 1452 690 1511 χρονογράφος
713 1454 888 1508 ἐξέθετο,
914 1452 1133 1512 ἱστορήσας
1152 1457 1217 1497 καὶ
1237 1452 1576 1511 συγγραψάμενος
1597 1453 1731 1498 πάντα

277 1522 468 1578 ἀκριβῶς.

134 1622 165 1655 V
192 1623 257 1659 117
377 1610 426 1654 ‘O
443 1612 486 1654 δὲ
504 1610 627 1660 αὐτὸς
644 1611 834 1664 βασιλεὺς
853 1612 1013 1667 ἐποίησε
1032 1613 1098 1654 καὶ
1110 1612 1184 1667 τὴν
1194 1611 1366 1667 ’Άμιδαν
1374 1610 1637 1670 μητρόπολιν,
1657 1627 1788 1662 not-20

279 1679 400 1730 λέσας
424 1680 618 1735 ἐπαρχίαν
643 1682 985 1734 Μεσοποταμίαν,
1008 1680 1255 1736 ἀπομερίσας
1283 1681 1411 1735 αὐτὴν
1433 1681 1513 1723 ἀπὸ
1533 1681 1733 1737 Ὀσδροη-

279 1753 375 1803 νῆς,
414 1747 510 1796 δοὺς
530 1748 596 1789 καὶ
618 1746 796 1804 ἄρχοντα
819 1747 923 1805 αὐτῇ
945 1750 1010 1790 καὶ
1031 1749 1185 1791 δίκαιον
1205 1746 1502 1805 μητροπόλεως.
1573 1749 1734 1804 ἐποίησε

371 1879 426 1912 11.
449 1875 692 1923 ἀφεστηκότα]
716 1878 851 1921 „Forte
866 1878 1075 1913 scribendum
1093 1875 1379 1925 ἄφεστηκυῖαν.“
1402 1880 1466 1916 Ch.
1553 1879 1608 1914 15.
1632 1878 1732 1922 συνί-

371 1925 441 1970 δῃ]
466 1925 626 1960 συνείδοι
647 1925 714 1958 ox.
799 1925 853 1960 16.
880 1924 1184 1971 Παθεμασπάτης
1204 1926 1272 1960 Ox.
1349 1927 1405 1962 21.
1424 1924 1641 1970 Ὀσδροΐνησ
1663 1925 1732 1959 Ox.

278 2036 378 2080 janus
400 2035 515 2080 itaque
537 2036 737 2080 Imperator,
760 2035 820 2070 ubi
844 2037 908 2072 hoc
929 2037 1105 2080 rescierat,
1127 2038 1164 2073 in
1186 2041 1302 2084 partes
1325 2050 1403 2073 suas
1420 2038 1736 2083 Parthemaspatem

283 2081 499 2122 sollicitavit3
530 2081 715 2126 pollicituS‚
740 2095 775 2116 se
798 2082 851 2124 ei,
874 2084 901 2117 si
924 2096 961 2118 se
983 2084 1064 2118 belli
1086 2085 1211 2118 socium
1234 2085 1452 2129 adjungeret,
1475 2084 1651 2117 Persarum
1675 2094 1733 2117 re·-

282 2137 385 2171 gnum
408 2127 573 2160 daturum.
620 2127 763 2172 Accepit
786 2128 1009 2164 conditionem
1032 2130 1346 2174 Partbemaspates‚
1375 2134 1547 2173 noctuque
1569 2139 1644 2162 cum
1665 2128 1732 2163 suis

283 2171 329 2205 ad
352 2171 538 2216 Trajanum
560 2171 712 2206 accessit.
757 2173 857 2206 Hunc
879 2173 996 2219 itaque
1019 2175 1083 2217 sibi
1106 2175 1309 2219 adjungens,
1333 2173 1587 2215 Sanan-nciam,
1609 2173 1732 2208 Persa-

283 2228 357 2250 rum
380 2229 507 2262 regem,
529 2216 702 2251 adoritur:
738 2218 918 2263 Persisque
942 2220 1091 2265 plurimis
1113 2220 1149 2253 in
1172 2220 1301 2265 praelio
1324 2219 1541 2261 cadentibus,
1566 2219 1734 2254 Sanatru-

284 2262 356 2296 cius
379 2273 440 2296 rex
470 2263 584 2307 fugam
607 2261 771 2306 capessit,
810 2271 995 2310 captusque
1017 2265 1153 2300 tandem
1182 2265 1394 2300 interficitur.
1439 2264 1530 2298 Huic
1558 2264 1675 2309 itaque
1697 2264 1733 2298 in

282 2318 389 2352 regno
413 2308 592 2342 Persarum
614 2307 803 2351 Imperator
825 2310 1147 2355 Parthemaspatem,
1169 2311 1310 2345 Osdrois
1331 2309 1446 2350 filium,
1473 2321 1516 2343 ex
1538 2314 1640 2354 pacto
1662 2310 1734 2344 Re-

284 2364 360 2397 gem
382 2352 538 2395 suffecit3
580 2353 711 2394 Persis,
747 2353 806 2406 qui
829 2361 1047 2399 supererant,
1072 2356 1116 2390 ad
1138 2356 1240 2402 pedes
1263 2355 1295 2390 ei
1318 2354 1581 2409 procidentibus.
1624 2355 1734 2391 Sena-

282 2404 355 2432 tum
377 2409 459 2433 vero
475 2398 660 2433 Romanum
675 2398 719 2432 de
738 2397 788 2432 his
811 2400 989 2434 certiorem
1011 2402 1156 2442 faciensz
1179 2401 1295 2443 „Has
1317 2400 1444 2445 lnquit,
1465 2400 1632 2444 regiones,
1655 2406 1733 2436 tan-

285 2447 344 2477 tae
367 2454 441 2478 cum
464 2445 548 2486 sint,
570 2447 732 2489 tantoque
755 2455 777 2478 a
798 2444 906 2479 Roma
927 2446 1104 2481 intervallo
1129 2446 1282 2487 dissitae,
1314 2450 1431 2481 tenere
1451 2457 1519 2480 non
1541 2457 1731 2491 pessumum

286 2488 417 2533 Regem
438 2488 556 2534 itaque
589 2489 702 2535 potius
725 2489 773 2524 eis
805 2490 1060 2533 constituamus,
1094 2491 1234 2537 imperio
1258 2491 1409 2526 Romano
1441 2492 1637 2535 subjectum.
1675 2503 1731 2526 re—

286 2533 422 2578 scripsit
445 2534 477 2568 ei
500 2540 654 2570 senatus:
690 2534 893 2581 Imperatori
914 2536 1080 2581 integrum
1104 2549 1194 2579 esse,
1229 2548 1293 2583 pro
1317 2536 1459 2572 arbitrio
1484 2549 1542 2572 suo
1566 2535 1609 2572 de
1630 2537 1732 2572 rebus

286 2580 438 2613 omnibus
468 2579 673 2625 decernere,
712 2581 876 2625 juxtaque
906 2592 947 2615 ac
968 2581 1041 2627 ipse
1071 2582 1256 2617 Romaniae
1278 2582 1360 2616 utile
1382 2583 1459 2618 fore
1486 2582 1732 2627 Judicaveriw

287 2623 349 2657 Sic
370 2623 486 2669 itaque
509 2626 803 2672 Parthemaspates
821 2627 996 2661 Persarum
1019 2638 1080 2661 rex
1102 2629 1213 2662 factus
1235 2630 1296 2662 est.
1343 2628 1440 2662 Haec
1461 2632 1572 2663 autem
1594 2628 1638 2662 de
1659 2627 1732 2662 bel-

286 2668 320 2702 lo
344 2669 501 2712 Persico,
526 2676 562 2705 et
584 2671 779 2707 divinissimi
801 2672 944 2716 Trajani
967 2672 1128 2712 victoria,
1151 2673 1344 2718 conscripta
1363 2674 1503 2719 reliquit
1526 2672 1732 2719 sapientissi-

288 2724 359 2747 mus
381 2715 524 2751 Arianus
548 2716 854 2764 Chronographus3
879 2717 937 2762 qui
958 2717 1024 2753 ista
1047 2718 1157 2752 omnia
1181 2722 1340 2754 accurate
1363 2719 1530 2766 exposuit.

377 2781 471 2816 Idem
491 2783 682 2830 Imperator
704 2786 855 2821 Amidam
876 2785 912 2820 in
934 2787 1147 2833 Metropolim
1171 2786 1275 2828 fecit3
1309 2790 1345 2822 et
1367 2787 1663 2832 Mesopotamiam,
1686 2785 1730 2820 ab

287 2825 456 2863 osdroina
476 2830 681 2874 sejunctam,
712 2831 748 2866 in
778 2832 979 2868 Provinciae
1013 2834 1150 2869 formam
1182 2833 1335 2879 redegit,
1370 2833 1549 2870 Praefecto
1583 2833 1731 2877 Jureque
