1838 3230
281 199 386 228 κων
657 170 661 178 .
787 176 1244 225 PROLEGOMENA.

281 305 362 336 stro
384 293 580 350 prodatur
600 292 668 352 ¹):
698 307 779 349 quo
808 309 882 334 nec
913 309 954 336 se
982 311 1057 338 nec
1085 311 1177 337 suos
1198 293 1392 349 Aequales
1413 294 1745 343 &memini-mm

279 364 428 404 vidisse
458 363 722 417 liquidissimo
754 358 1012 406 demonstrat.
1073 365 1238 405 Accedit
1263 365 1374 418 quod
1390 363 1747 420 Nyctepdrcffl‘pu-

272 426 715 484 testatem-abrogatam
734 439 774 471 et
792 446 868 485 pro
890 445 936 472 eo
951 431 1172 474 Praetorem
1195 431 1370 473 creatum
1391 432 1441 472 ad
1463 431 1745 488 *sodanias-&173-

277 498 445 553 padocis
477 497 730 540 Consulatum
769 497 820 552 (i.
854 513 887 539 e.
918 499 970 538 ad
1007 503 1152 542 annum
1188 501 1444 554 Imperatoris
1482 499 1580 557 12.)
1619 500 1747 556 conji-

280 566 447 619 ciat²);
485 567 594 620 quod
627 573 758 606 tamen
791 566 956 607 triennio
990 576 1104 620 ante,
1135 576 1286 622 'nempe
1325 567 1412 609 Cos.
1437 566 1747 620 Belisaria-,vfa-

281 641 390 674 ctum
410 641 487 685 est,
516 640 562 673 ut
582 641 745 689 apparet
773 648 824 675 ex
843 633 1009 675 Novella
1027 645 1121 679 x111.
1180 637 1335 686 Quibus
1359 635 1580 690 adjicienda
1605 632 1746 677 ewra-

280 702 372 743 bula
401 702 495 753 ista,
533 701 729 754 quam'de
748 702 854 753 Rege
875 701 1166 744 Axumz'tarum
1190 703 1401 744 memoriae
1417 702 1628 760 tradit3),
1655 700 1744 745 ebm

275 772 461 823 'tempore
484 769 692 809 Justiniani
720 775 858 808 contra
885 771 1026 822 Regem
1047 770 1343 812 Homeritarum
1370 772 1412 811 in
1439 772 1588 812 bellum
1606 768 1746 827 'profe-

279 844 457 877 cturum.
495 838 588 891 quia
617 832 892 889 Negotiatores
921 837 1164 879 Christianos
1204 841 1245 879 in
1274 841 1580 880 Auxumitarum
1616 844 1745 895 regio-

278 921 348 946 nes
369 913 617 946 transeuntes
646 906 762 945 bonis
794 905 976 945 omnibus
1004 913 1041 945 et
1058 908 1140 946 vita
1159 908 1192 946 is
1210 909 1472 960 spoliaverat,
1500 909 1678 957 vovisse,
1710 911 1745 950 si

278 974 588 1015 Homeritensem
621 971 726 1013 bello
761 974 967 1026 superavit
1005 973 1268 1013 Christianum
1308 991 1349 1015 se
1377 974 1588 1031 futurum5
1628 977 1647 1030 (
1655 979 1744 1019 Pro

280 1040 514 1082 Christianis
540 1044 662 1094 enim,
691 1042 849 1095 inquit,
888 1039 1072 1080 adversus
1112 1058 1196 1082 eum
1226 1057 1340 1083 arma
1363 1057 1474 1083 sumo
1484 1041 1524 1098 3)
1565 1051 1605 1086 et
1629 1053 1744 1099 parta

277 1104 447 1151 victoria
477 1112 642 1162 Legatos
670 1109 721 1149 ad
748 1109 1013 1148 ,lastinianum
1041 1110 1216 1158 misisse,
1244 1122 1287 1151 ut
1314 1110 1532 1166 Episcopus
1560 1112 1639 1153 siba·
1659 1112 1745 1161 Gle-

279 1179 427 1232 ricique
453 1176 664 1229 darentur,
695 1171 730 1216 a*
747 1176 887 1233 quibus
922 1175 1164 1216 Christianae
1190 1177 1413 1232 Religionis
1442 1174 1673 1221 rudimentis
1709 1191 1745 1221 et

277 1245 479 1301 Mystes-iis
504 1245 695 1297 imbutus,
724 1259 837 1286 sacro
858 1243 1118 1298 Baptismatis
1149 1243 1310 1285 lavacro
1338 1246 1598 1300 intingeretur.
1655 1247 1744 1288 Hoc

279 1320 406 1353 totum
429 1329 448 1352 a
467 1328 563 1354 vero
579 1315 806 1367 longissime
832 1312 1046 1351 abhorrere
1072 1313 1366 1353 testatissimum
1392 1314 1435 1353 fit
1455 1329 1505 1355 ex
1527 1318 1742 1371 Pmcopio:

277 1396 368 1421 nam
390 1388 507 1421 autor
537 1389 595 1421 est
616 1384 706 1434 ille,
735 1384 879 1434 Regem
897 1380 1198 1420 Axumiiensem
1211 1410 1223 1429 ,
1261 1381 1378 1420 etiam
1413 1390 1503 1423 ante
1529 1383 1572 1423 id
1591 1385 1765 1424 bellum„

276 1450 491 1501 Religionis
516 1445 760 1489 Christianae
787 1451 908 1489 fuisse
935 1450 1149 1497 cultorem,
1179 1449 1299 1502 idque
1330 1450 1488 1502 quidem
1517 1466 1638 1504 quam
1663 1454 1742 1493 fer.

269 1513 568 1570 ‘ventissimum3
601 1515 836 1573 Χριστιανός
867 1534 909 1560 τε
937 1515 995 1559 ὦν
1015 1515 1089 1558 καῖ
1118 1513 1238 1570 δόξης
1255 1517 1376 1570 τῆσδε
1397 1516 1452 1567 ὥς
1471 1514 1639 1573 μάλιστα
1654 1520 1742 1562 ἐπι-

273 1584 525 1640 μελούμενος.
583 1587 632 1626 Et
659 1593 705 1626 ut
731 1593 886 1626 constat
909 1600 993 1626 esse
1022 1587 1191 1625 alienum
1215 1585 1263 1624 ab
1291 1586 1397 1624 omni
1417 1587 1604 1638 veritate,
1630 1589 1687 1627 ita
1707 1589 1740 1628 si

273 1655 362 1707 quis
394 1655 569 1708 penitius
599 1654 651 1693 ad
674 1655 778 1693 illud
809 1655 1007 1705 attendat,
1051 1655 1242 1693 rationem
1279 1660 1319 1693 et
1345 1653 1508 1695 modum
1535 1656 1741 1695 fabulandi

272 1723 381 1776 apud
399 1717 639 1763 recentiores
658 1723 881 1775 Scriptores
900 1723 1118 1762 Graeculos
1134 1722 1324 1761 usitatum
1336 1751 1347 1772 ,
1375 1722 1550 1776 resipere
1575 1724 1740 1777 patebit.

272 1793 528 1831 committere
548 1805 627 1829 non
648 1805 828 1844 possum,
861 1791 957 1843 quin
984 1790 1052 1829 hic
1082 1789 1341 1843 subjungam,
1373 1789 1482 1842 quod
1507 1791 1549 1829 in
1566 1791 1648 1831 vita
1668 1790 1740 1831 Ju-

270 1859 365 1898 siini
392 1859 582 1909 Thracis,
612 1859 823 1898 ,Iustiniani
842 1859 1085 1908 Decessoris,
1116 1858 1229 1898 ann-is
1254 1858 1392 1911 paucis
1414 1866 1504 1900 ante
1521 1859 1642 1914 hujus
1661 1859 1740 1898 ini-

270 1926 370 1965 tium
400 1926 450 1965 de
471 1925 691 1979 Euphrasio
718 1941 810 1967 suae
839 1928 1016 1967 Civitatis
1048 1927 1296 1977 Patriarcha,
1326 1928 1520 1980 scriptum
1551 1927 1737 1980 reliquit5

273 1994 480 2033 suffectum
507 2007 594 2032 eum
621 1994 663 2032 in
695 1996 828 2035 locum
856 1995 1035 2035 defuncti
1062 1995 1206 2044 Pauli,
1241 1994 1519 2045 orthodoxos,
1547 2010 1646 2050 quos
1668 2009 1738 2034 vo-

272 2071 387 2112 cant,
412 2062 584 2115 graviter
610 2056 849 2115 persecutum
863 2062 1019 2119 fuisse,
1049 2061 1232 2117 plurimis
1253 2078 1381 2104 eorum
1410 2063 1526 2102 etiam
1550 2064 1636 2102 neci
1654 2072 1740 2101 ira-

272 2127 380 2169 ditis.
444 2129 571 2178 Quale
598 2119 675 2169 hoc
707 2132 853 2170 erroris
879 2133 1129 2183 portentum!
1161 2145 1277 2184 quam
1306 2130 1545 2181 absurdum,
1576 2136 1616 2169 et
1644 2126 1739 2170 ἆσῦ.

271 2199 432 2239 στατονὶ
474 2211 594 2250 quam
624 2198 840 2238 absurdum
873 2205 953 2248 est,
992 2197 1249 2252 Euphrasium
1286 2197 1563 2238 orthodoxum
1595 2196 1738 2237 Ortho-

271 2265 404 2306 doxos
426 2266 511 2305 neci
532 2265 761 2306 tradidisse!
792 2280 908 2319 quam
930 2266 1143 2305 absurdum
1165 2273 1224 2306 est
1239 2280 1342 2317 eum,
1372 2267 1440 2318 qui
1457 2266 1608 2305 idcirco
1629 2265 1739 2318 quod

270 2334 395 2374 fuerit
418 2331 677 2374 orthodoxus
697 2335 746 2374 ad
766 2334 970 2374 Thronum
993 2335 1105 2374 illum
1139 2341 1345 2387 promotus
1361 2342 1466 2384 erat,
1497 2334 1569 2373 sub
1595 2331 1736 2373 Ortho-

272 2398 385 2440 doxo
419 2401 662 2453 imperatore
702 2401 958 2443 orthodoxos
997 2402 1118 2441 fuisse
1155 2407 1424 2454 persecutum!
1475 2401 1575 2449 Quis
1608 2401 1736 2440 nescit

271 2466 506 2509 Haereticos
531 2468 630 2510 istos
653 2484 754 2523 quos
782 2471 884 2524 Imp.
912 2469 1154 2510 Anastasius
1181 2471 1231 2510 ad
1255 2469 1413 2511 Sedium
1442 2469 1733 2523 Episcopalium

312 2682 353 2726 ¹)
378 2682 519 2718 Confer.
546 2696 579 2730 p.
607 2686 684 2722 190.
707 2696 781 2720 cum
807 2685 884 2722 188.

310 2749 356 2793 ⁹)
378 2761 413 2795 p.
439 2752 521 2788 221.

312 2818 354 2863 ξὶ)
377 2829 411 2864 p.
440 2819 516 2856 164.
