1838 3230
624 142 1091 190 ANNOTATIONES.
1490 149 1590 198 503

130 262 234 302 mine
249 261 447 313 indigitat3
477 261 536 301 uti
551 261 717 301 inferius
742 273 814 299 suo
846 259 937 298 loco
959 258 1309 300 demonstrabitur.
1345 260 1352 278 ³
1379 262 1591 301 Sesostrim

129 332 226 360 vero
249 318 343 374 (qui
361 325 499 358 nostro
521 318 665 358 sostris
687 323 877 369 corrupte
900 317 1031 355 dictus
1055 314 1139 370 est)
1168 330 1303 355 omnes
1321 316 1441 357 hasce
1463 319 1590 370 regio-

129 389 199 416 nes
217 389 264 415 xx
282 389 475 416 annorum
491 375 619 428 spatio
639 376 680 414 in
710 379 946 426 potestatem
973 386 1084 412 suam
1105 374 1304 425 redegisse
1324 375 1462 413 asserit
1481 374 1590 413 Asu·-

131 445 271 480 oenm,
300 446 351 472 ex
369 431 604 472 Manethone
632 432 680 471 de
705 431 877 482 Aegypt.
901 430 1063 482 Dynast.
1093 430 1161 482 qui
1189 430 1306 470 etiam
1330 444 1420 470 eum
1446 445 1495 470 ex
1518 446 1589 484 po-

127 489 234 543 pulis
260 488 392 539 hisce,
420 488 760 540 generosioribus,
790 487 975 537 virtutis,
1013 487 1314 536 ignobilioribus
1345 501 1461 537 vero,
1491 489 1591 526 infa-

127 545 229 586 miae
257 553 391 585 notam
417 545 604 584 inussisse
622 551 809 594 testatur3
840 543 989 595 ubique
1011 558 1082 595 per
1102 544 1295 595 regiones,
1323 543 1482 594 horum,
1504 559 1589 583 mu·

125 601 313 653 lieribus,
339 602 498 642 illorum
515 615 611 640 vero
632 601 812 641 virilibus
833 599 1026 652 pudendis
1054 600 1271 652 insculptas
1294 601 1496 640 columnas
1513 602 1587 640 eii·

125 659 269 710 gendo.
324 657 471 698 Eadem
497 657 619 697 habes
654 658 762 711 apud
795 657 1041 695 Helodotuin
1069 657 1139 695 lib.
1171 662 1213 700 2.
1271 656 1513 727 Σέσωστρις,
1543 656 1589 707 ὃς

127 711 288 756 απασαν
304 711 537 781 ἐχειρωσατο
561 730 636 767 την
658 716 789 756 Ασίαν
820 713 863 755 ἐν
885 714 1083 762 ἐνιαυτοῖς
1106 710 1161 763 θ’,
1191 712 1260 754 καὶ
1288 717 1361 767 τῆς
1383 712 1588 767 Εὕρωπης

124 767 170 813 το
187 770 300 825 μέχρι
322 767 496 827 Θρᾴκης,
518 770 739 824 πανταχόσε
761 767 998 839 μνημόσυνα
1015 769 1168 822 ἐγείρας
1186 773 1258 823 τῆς
1273 770 1499 812 τῶνὲθνῶν
1517 787 1587 812 κα-

123 827 355 880 τασχέσεως·
386 812 451 870 ἐπὶ
475 826 548 882 μὲν
569 833 653 876 τοῖς
671 828 891 898 γενναίοις,
921 823 1103 894 ανδρων,
1133 826 1198 867 ἐπὶ
1227 825 1270 867 δὲ
1287 831 1370 875 τοῖς
1391 823 1588 881 οἷγεννέσι,

123 887 328 938 γυναικοῖν
348 885 470 938 μορία
495 889 581 933 ταῖς
611 883 774 936 στήλαις
802 879 1060 938 ἐγχαράττων.
1118 883 1208 923 vid.
1232 884 1378 924 Euseb.
1405 884 1586 935 Scaligei.

234 954 338 1005 Pssg·
367 955 435 996 26.
461 954 500 996 4.
529 948 652 1000 δόσας
673 949 809 1000 αυτοῖς
831 967 865 1004 χ.
876 951 891 1003 ]
921 951 1176 1003 Pallicipium
1197 952 1408 990 barbarum
1432 951 1498 990 hic
1518 952 1587 990 ha-

123 1007 284 1058 bemus,
312 1015 501 1061 tanquam
523 1009 570 1048 ab
589 1009 728 1059 ἕδοσα,
758 1022 840 1047 ³01.
872 1012 907 1050 1
935 1007 1046 1046 verbi
1073 1009 1275 1056 inusitati,
1307 1004 1405 1054 δόω,
1436 1009 1586 1046 forma·
1653 1034 1655 1038 ι

123 1071 230 1105 tum:
259 1065 374 1114 licet,
409 1063 740 1120 όρθογραφικως,
776 1079 849 1117 per
872 1079 904 1104 ω
930 1064 1050 1102 scribi
1079 1064 1453 1112 (1011110111,δωσας.
1511 1065 1586 1103 Ve-

122 1135 229 1172 rum,
258 1122 413 1171 Lector,
441 1122 561 1176 hujus
578 1123 728 1162 farinae.
747 1121 941 1162 vocabula
960 1121 1282 1174 quamplurima
1270 1134 1314 1159 m
1333 1119 1415 1159 hoc
1434 1120 1585 1160 Autore

122 1178 195 1218 tibi
216 1185 439 1218 occurrent.

233 1245 324 1300 Pag
293 1262 336 1300 g.
372 1251 441 1290 26.
472 1253 510 1291 2.
558 1244 699 1295 καθώς
728 1242 935 1298 Ηρόδοτος
969 1261 990 1286 ο
1020 1240 1253 1294 σοφώτατος
1275 1240 1581 1300 συνεγράψατο]

121 1303 178 1342 De
199 1303 317 1342 rebus
335 1302 444 1342 hisce
465 1317 514 1343 ne
535 1303 701 1343 verbum
722 1303 882 1354 quidem
902 1301 1010 1354 apud
1032 1301 1291 1340 Herodotum.

234 1373 330 1438 Pag.
358 1374 511 1414 26.10
569 1370 613 1412 ἐν
640 1373 724 1417 τοῖς
746 1367 907 1421 χρόνοις
937 1371 1010 1419 τῆς
1039 1370 1240 1421 βασιλείας
1253 1372 1330 1410 τοῦ
1347 1368 1582 1422 προειρημέ-

118 1441 194 1468 νου
211 1423 405 1480 Σώστρου
422 1422 479 1481 ἦν
499 1427 664 1480 Ερμῆς]
696 1426 846 1464 Sostris
868 1425 934 1464 hic
957 1426 1167 1476 Sesostris,
1198 1427 1246 1464 ab
1268 1427 1353 1464 aliis
1381 1426 1580 1476 omnibus,

117 1483 176 1522 uti
195 1497 315 1536 supra
334 1485 577 1533 monuimus,
608 1483 849 1536 appellatur:
880 1483 1015 1534 lapsus
1049 1489 1106 1521 est
1137 1483 1296 1522 interim
1321 1481 1412 1523 Chr.
1439 1482 1502 1522 Al.
1520 1483 1580 1520 in-

117 1546 298 1592 terpres,
325 1541 394 1579 ubi
416 1542 622 1580 Sesostrim
640 1540 766 1584 hunc,
799 1539 967 1578 eundem
1001 1539 1095 1577 facit
1124 1553 1214 1577 curn
1243 1539 1441 1578 Mercurio
1466 1540 1582 1576 T1is-

117 1596 296 1648 megist0.
353 1598 513 1636 Scilicet
531 1597 708 1636 fraudem
729 1595 764 1635 ei
786 1597 916 1634 faceie
936 1596 1131 1647 potuisset
1151 1596 1288 1634 Codex
1310 1595 1490 1643 vitiosus,
1511 1595 1579 1646 qui

116 1666 192 1704 pro
214 1653 347 1693 verbis
371 1653 478 1692 hisce
507 1670 537 1694 ε.
567 1669 599 1693 τ.
623 1669 656 1705 χ.
676 1655 750 1705 τῆς
776 1652 976 1704 βασιλείας
1000 1651 1241 1718 Σέσωστρις,
1273 1649 1318 1699 ὂς
1335 1646 1390 1721 ῆν
1422 1654 1576 1703 Ερμῆς,

117 1709 223 1749 sorte
240 1709 388 1749 habere
407 1710 625 1758 debuisset,
655 1724 685 1749 ε.
708 1724 740 1748 τ.
758 1724 793 1760 χ
814 1711 887 1761 τῆς
907 1709 995 1760 βασ.
1026 1705 1319 1761 Σεσώστριδος,
1349 1703 1403 1759 ῆν
1424 1710 1578 1759 Ερμῆς.

230 1781 423 1831 Pag.26.
455 1782 521 1822 18.
566 1773 768 1830 ζητήσετε]
803 1772 1005 1827 ζητήσεται
1028 1776 1125 1827 legit
1146 1775 1236 1814 Chr.
1264 1776 1328 1814 Al.
1351 1775 1549 1813 mendose.

228 1843 334 1885 ΙόἰιΖ.
373 1842 578 1898 ἀμυήτους
595 1847 757 1886 τοιαῦτα
779 1839 976 1896 μυστήρια
1001 1842 1268 1897 παρέχεσθαι]
1310 1842 1577 1890 (3111.A1.s139

115 1897 323 1955 ἆμυήτους
356 1905 520 1944 τοιαῦτα
558 1918 596 1954 μ.
626 1917 668 1942 π.
710 1907 910 1939 caeterum
945 1899 1154 1939 mendosus
1190 1900 1346 1953 penitus
1375 1904 1434 1937 est
1461 1899 1576 1937 locus

114 1959 210 2009 iste,
239 1958 416 2011 adeoque
447 1973 498 1998 ex
529 1958 617 2010 ipso
650 1957 822 2008 Cyrillo,
853 1956 956 1995 unde
988 1956 1087 1996 haec
1113 1958 1262 2006 onmia,
1301 1969 1391 1994 cum
1422 1962 1574 2004 nostro,

115 2015 419 2068 desumpserunt
437 2015 594 2065 Suidas,
617 2015 840 2063 cedrenus,
873 2012 1260 2063 Ch1.A1ex.Aut01‚
1288 2012 1573 2052 restituendus.

229 2087 323 2138 Pag.
351 2088 419 2127 27
453 2090 486 2126 1.
516 2082 546 2135 ἦ
571 2079 715 2124 τούτου
751 2077 915 2133 ἑνότης]
954 2081 1040 2119 Scr.
1072 2077 1102 2134 ἢ
1128 2077 1271 2122 τούτου
1297 2076 1461 2133 ἑνότης,
1499 2080 1573 2130 vel,

115 2140 150 2179 si
166 2141 318 2188 mavis,
348 2154 440 2179 cum
458 2139 635 2179 cedreno
647 2169 659 2189 ‚
688 2134 718 2191 ἢ
734 2136 763 2190 ή
782 2134 926 2178 τούτου
945 2134 1095 2189 ἑνότης.

230 2211 422 2262 Pag.28.
455 2212 522 2251 10.
571 2204 747 2255 Κάσσον,
777 2204 844 2245 καὶ
866 2206 1024 2256 Βῆλον]
1048 2199 1199 2246 Ιοὶσονα
1224 2203 1293 2246 καὶ
1322 2206 1469 2256 Βῆλον,
1499 2202 1574 2241 ha-

114 2265 182 2306 bet
203 2265 296 2304 Chr.
318 2266 430 2305 Alex.
452 2272 588 2305 contra
614 2263 906 2303 Historicorum
922 2260 1050 2300 fidem.

224 2331 322 2387 Pag·
352 2336 421 2376 29.
443 2335 483 2375 7
522 2328 675 2373 καὶτὸν
702 2325 977 2383 Τριπτόλεμον]
1008 2329 1226 2377 Quemnam
1242 2327 1399 2366 tandem
1416 2325 1483 2364 hic
1501 2326 1571 2364 ha-

114 2389 252 2429 bemus
263 2389 584 2443 Triptolemum?
609 2388 782 2426 Atticum
798 2386 958 2439 quidem
972 2386 1100 2436 illum,
1113 2383 1405 2438 agriculturae
1393 2397 1461 2421 mv
1465 2390 1571 2421 ento-

116 2459 213 2495 rem,
244 2448 358 2486 nobis
380 2446 568 2485 exhibent
589 2445 801 2494 Historici3
832 2443 902 2496 qui
916 2450 1044 2484 tamen
1063 2442 1212 2482 Inacho
1238 2455 1342 2482 cccc.
1366 2441 1477 2480 annis
1496 2453 1571 2493 po-

116 2502 259 2542 sterior
277 2510 355 2555 est,
379 2503 496 2557 juxta
513 2502 655 2542 Euseb.
681 2501 722 2540 in
742 2500 887 2540 Chron.

236 2573 325 2624 Pag·
355 2575 520 2615 29.1o.
566 2567 779 2624 κρούοντες
811 2569 867 2618 εἰς
900 2568 1066 2610 εκαστον
1094 2563 1206 2608 οἷκον
1237 2562 1384 2614 αὐτοῦ,
1413 2563 1480 2604 καὶ
1511 2563 1568 2605 λέ

115 2629 271 2680 γοντες]
307 2628 412 2667 Talis
439 2628 658 2681 cujuspiam
691 2626 1004 2675 consuetudinis,
1047 2638 1123 2675 qua
1159 2621 1482 2676 peregrinationis
1507 2635 1567 2659 so·

115 2683 219 2734 cios,
249 2684 415 2723 interra
441 2685 566 2724 aliena
598 2684 812 2736 obeuntes,
841 2685 1054 2735 πατριῶται
1084 2681 1125 2720 111
1152 2680 1284 2719 reditu
1313 2692 1384 2717 suo
1416 2684 1476 2716 tei
1496 2691 1565 2715 no-

114 2739 289 2779 minutim
316 2742 551 2794 compellare
583 2742 780 2797 solebant,
821 2754 868 2780 ex
897 2740 1065 2780 Homero
1098 2737 1277 2778 meminit
1304 2736 1360 2776 10.
1391 2735 1565 2783 Tzetzes,

114 2796 217 2838 chii.
242 2797 279 2841 5.
