1838 3230
271 173 372 221 320
668 169 964 215 IOANNIS
991 172 1332 218 MALALAE

267 305 341 344 χος
358 291 430 344 τῆς
449 287 576 344 αὐτῆς
594 285 748 339 πόλεως
763 288 954 334 ἀνενέωσε
973 295 1047 334 τοῦ
1064 289 1198 345 Βύζου
1215 293 1282 335 καὶ
1299 293 1496 350 προσθεὶς
1513 291 1614 338 ἄλλο
1632 291 1725 344 διά-

271 374 407 412 στημα
432 357 535 400 πολὺ
561 362 619 416 τῷ
643 359 759 412 τείχει
771 391 784 410 ,
819 360 886 400 καὶ
904 357 1094 414 συνάψας
1111 365 1169 419 τῷ
1190 365 1350 419 παλαιῷ
1372 363 1488 418 τείχει
1507 365 1580 417 τῆς
1599 361 1731 418 αὐτῆς,

269 424 437 478 πόλεως,
475 425 675 468 ἐκέλευσεν
696 425 823 480 αὐτὴν
844 428 1273 472 Κωνσταντινούπολιν
1291 430 1504 485 λέγεσθαι,
1541 429 1726 486 ἀναπλη-

167 500 200 535 0
225 502 248 538 6
271 492 407 550 ρώσας
420 495 486 536 καὶ
498 494 544 536 τὸ
559 492 734 537 Ἱππικὸν
749 496 815 536 καὶ
834 495 1041 552 κοσμήσας
1060 497 1159 541 αὐτὸ
1177 497 1509 554 χαλκουργήμασι
1525 499 1592 541 καὶ
1612 496 1734 556 πάσῃ.

271 563 419 620 ἀρετῇ,
467 563 607 612 κτίσας
640 564 680 604 ἐν
711 563 821 621 αὐτῷ
849 567 915 606 καὶ
947 563 1133 619 κάθισμα
1171 568 1347 622 θεωρίου
1382 569 1596 620 βασιλικοῦ
1624 566 1757 612 καθέἱ

215 637 249 672 Ε
272 629 493 685 ὁμοιότητα
514 635 587 672 τοῦ
608 631 648 673 ἓν
665 629 799 688 Ῥώμῃ
822 631 949 682 ὄντος.
1019 632 1146 676 ἔκτισε
1173 635 1217 676 δὲ
1237 636 1303 676 καὶ
1322 633 1519 678 παλάτιον
1538 633 1641 690 μέγα
1657 636 1727 677 καὶ

271 699 459 755 εὐπρεπὲς
482 699 576 741 καθ’
599 697 819 754 ὁμοιότητα
838 698 1032 751 ὡσαύτως
1053 706 1126 744 τοῦ
1143 700 1300 757 Ῥώμης
1318 704 1487 758 πλησίον
1509 707 1582 746 τοῦ
1597 700 1727 746 Ἱππι-

270 772 343 810 κοῦ
355 800 367 819 ,
407 767 504 821 [τὴν
525 766 672 810 ἄνοδον
691 768 769 810 ἀπὸ
792 773 864 811 τοῦ
886 771 1084 812 παλατίου
1108 772 1164 819 εἷς
1182 770 1229 813 τὸ
1250 769 1437 826 κάθισμα
1454 775 1527 814 τοῦ
1544 768 1726 814 Ἱππικοῦ

271 835 365 890 διὰ]
401 840 472 878 τοῦ
494 835 705 891 λεγομένου
725 838 927 891 Κοχλίου,
964 838 1104 888 κτίσας
1121 840 1186 881 καὶ
1207 836 1336 895 φόρον
1354 840 1480 895 μέγαν
1496 840 1565 882 καὶ
1582 838 1726 895 εὔπρε-

271 909 327 959 πῆ
348 902 475 957 πάνυ,
514 906 580 947 καὶ
600 903 755 960 στήσας
774 907 814 948 ἓν
833 910 890 963 τῷ
910 905 1021 964 μέσῳ
1042 907 1156 949 κίονα
1177 905 1462 965 ὁλοπόρφυρον
1479 907 1592 958 ἄξιον
1612 905 1724 950 θαύ-
1736 917 1781 951 10

269 990 424 1027 ματος,
461 974 528 1014 καὶ
559 971 693 1016 ἐπάνω
724 978 797 1016 τοῦ
831 973 959 1016 αὐτοῦ
985 976 1116 1025 κίονος
1145 973 1276 1034 ἑαυτῷ
1299 974 1462 1031 ἔστησεν
1486 973 1733 1032 ἀνδριάντα,

270 1039 415 1095 ἔχοντα
448 1041 489 1083 ἐν
521 1045 571 1097 τῇ
605 1046 761 1099 κεφαλῇ
793 1042 920 1084 αὐτοῦ
950 1042 1115 1092 ἀκτῖνας
1144 1041 1269 1086 ἑπτά·
1314 1042 1411 1100 ὅπερ
1434 1042 1735 1100 χαλκούργημα-

172 1120 206 1156 v
228 1121 251 1156 5
274 1108 417 1164 ἤγαγεν
446 1111 499 1158 εἷς
531 1108 576 1151 τὸ
596 1109 718 1152 Ἴλιον
746 1108 936 1165 ἕστηκός,
970 1110 1086 1154 πόλιν
1115 1116 1190 1166 τῆς
1221 1113 1415 1168 Φρυγίας.
1484 1109 1506 1155 ὃ
1538 1112 1582 1155 δὲ
1604 1101 1728 1162 αὐτὸς

269 1179 582 1226 Κωνσταντΐνος
604 1176 846 1234 ἀφελόμενος
871 1179 950 1222 ἀπὸ
975 1177 1132 1235 Ῥώμης
1151 1178 1287 1237 κρύφα
1308 1180 1354 1224 τὸ
1374 1176 1585 1236 λεγόμενον
1603 1182 1727 1223 Παλ-

269 1244 412 1289 λάδιον
443 1242 612 1298 ξόανον,
650 1245 794 1300 ἔθηκεν
826 1247 926 1289 αὐτὸ
951 1249 1005 1297 εἷς
1026 1247 1096 1290 τὸν
1114 1246 1181 1290 ὑπ’
1203 1248 1331 1291 αὐτοῦ
1356 1248 1575 1291 κτισθέντα
1595 1246 1726 1304 φόρον
1738 1257 1780 1292 15

269 1311 463 1357 ὑποκάτω
482 1317 555 1356 τοῦ
574 1316 706 1363 κίονος
724 1319 796 1369 τῆς
819 1313 971 1370 στήλης
990 1316 1131 1368 αὐτοῦ,
1170 1315 1226 1366 ὥς
1245 1333 1347 1366 τινες
1365 1317 1523 1372 λέγουσι
1540 1320 1623 1360 τῶν
1637 1319 1733 1367 Βυ-Ᾰγ

272 1383 440 1435 ζαντίων
460 1379 522 1424 ὅτι
543 1381 627 1424 ἐκεῖ
639 1389 775 1426 κεῖται.
845 1383 918 1438 τὴν
940 1384 984 1425 δὲ
1005 1382 1131 1438 τύχην
1154 1389 1226 1439 τῆς
1246 1382 1400 1434 πόλεως
1416 1388 1488 1439 τῆς
1505 1382 1574 1427 ὑπ’
1598 1384 1725 1427 αὐτοῦ

271 1450 571 1504 ἄνανεωθείσης
597 1452 663 1492 καὶ
692 1452 747 1500 εἷς
773 1448 904 1504 ὄνομα
933 1451 1060 1494 αὐτοῦ
1090 1453 1322 1507 κτισθείσης
1351 1450 1525 1507 ποιήσας
1554 1455 1613 1510 τῷ
1637 1455 1725 1510 θεῷ

270 1521 424 1562 θυσίαν
455 1517 702 1571 ἀναίμακτον
729 1516 911 1562 ἐκάλεσεν
928 1518 1177 1563 Ἄνθουσαν.
1245 1518 1334 1575 ἥτις
1360 1518 1474 1569 πόλις
1493 1521 1662 1574 ἐκτίσθη
1683 1520 1726 1570 ἐξ

267 1587 394 1643 ἀρχῆς
421 1585 500 1629 ὑπὸ
533 1588 758 1636 Φιδαλίας·
803 1589 870 1629 καὶ
898 1586 1056 1630 ἐκάλεσε
1085 1587 1176 1631 τότε
1207 1587 1279 1642 τὴν
1316 1586 1443 1644 τύχην
1473 1587 1600 1643 αὐτῆς
1633 1590 1782 1643 Κη-Ξο

268 1654 390 1713 ρώην.
451 1654 526 1709 τὴν
544 1655 588 1698 δὲ
610 1655 738 1711 αὐτὴν
760 1657 960 1698 Φιδαλίαν
979 1653 1146 1711 ἠγάγετο
1170 1654 1306 1708 Βύζας
1324 1654 1345 1699 ὅ
1365 1661 1439 1712 τῆς
1460 1653 1626 1716 Θρᾴκης
1643 1660 1726 1710 βα-

357 1750 391 1788 4.
415 1749 456 1787 δὲ
473 1750 514 1787 τὸ
534 1752 615 1796 Ox·‚
638 1751 701 1788 καὶ
718 1751 761 1789 τὸ
780 1751 905 1788 chron.
923 1752 1042 1787 Pasch.
1062 1764 1094 1798 p.
1107 1750 1185 1788 284.
1198 1752 1236 1786 A.
1325 1751 1357 1786 8.
1381 1750 1449 1797 τήν
1466 1771 1511 1778 -
1527 1750 1592 1787 διὰ
1610 1750 1726 1786 addidi

360 1809 403 1832 ex
425 1798 551 1832 Chron.
574 1809 608 1844 p.
631 1800 710 1834 284.
734 1799 774 1833 B.
874 1802 909 1835 9.
930 1797 1044 1844 μέγαν
1068 1798 1146 1840 Ch.,
1170 1799 1311 1840 chron„
1333 1797 1424 1844 μέγα
1447 1799 1526 1840 Oia,
1549 1795 1642 1842 μέγα
1663 1797 1727 1833 καὶ

361 1841 543 1888 εὐπρεπής
583 1844 704 1878 Pollux
744 1856 778 1890 p.
820 1845 899 1880 270.
1039 1846 1092 1880 13.
1137 1842 1284 1890 ἓστηκός
1322 1844 1408 1886 ch„
1455 1841 1614 1890 ἑστηκώς
1655 1843 1724 1877 Ox,

360 1892 416 1925 20.
444 1890 632 1934 Φιδαλίοις]
656 1892 733 1925 Scr.
761 1890 964 1932 Φιδοιλείας.
1010 1891 1053 1926 V.
1068 1890 1112 1925 ad
1127 1890 1193 1924 vol.
1211 1891 1238 1925 1.
1257 1902 1292 1935 p.
1312 1891 1388 1926 125.
1410 1890 1450 1924 A.
1541 1890 1624 1925 ibid.
1648 1890 1726 1933 Κη-

360 1933 480 1981 ριόην]
512 1934 655 1981 Κερόην
678 1936 802 1970 Chron.
829 1948 862 1981 p.
887 1939 965 1972 265.
990 1936 1031 1970 A.
1079 1936 1183 1977 Quod
1205 1935 1310 1981 magis
1333 1934 1414 1970 mihi
1437 1935 1613 1980 probatur.
1658 1933 1727 1968 Es·-

360 1981 444 2015 ficta
475 1982 559 2016 haec
592 1982 703 2027 puella
734 1981 870 2016 videtur
902 1994 944 2017 ex
972 1981 1171 2029 Κεροέσσῃ,
1200 1982 1256 2016 ius
1287 1982 1377 2023 filia,
1411 1979 1572 2026 Byzantis
1602 1984 1724 2022 matre,

362 2027 456 2072 apud
478 2027 681 2072 Hesychium
704 2028 868 2063 Illustrem
890 2040 924 2075 p.
948 2030 1004 2064 62.
1031 2029 1093 2063 Or.
1106 2053 1117 2070 ,
1141 2027 1200 2062 ubi
1222 2027 1321 2073 plura
1344 2027 1520 2062 Meursius.

126 1167 134 1201 lv

272 2105 460 2147 stauravit3
482 2116 644 2150 muroque
668 2106 733 2141 alio
757 2108 801 2142 de
823 2119 914 2143 novo
938 2110 1108 2149 extructo,
1131 2111 1166 2141 et
1189 2106 1232 2140 ad
1254 2116 1382 2139 murum
1404 2108 1554 2139 veterem
1577 2101 1724 2147 adjecto,

271 2151 388 2185 urbem
409 2151 534 2196 ipsam,
565 2151 905 2197 Constantinopolim,
937 2152 1054 2188 vocari
1072 2153 1181 2197 jussit.
1226 2150 1491 2196 Hippodromum
1514 2159 1647 2194 quoque
1670 2148 1725 2183 in-

273 2197 458 2239 stauravit,
494 2196 678 2242 statuisque
700 2199 827 2240 aereis,
858 2203 1046 2243 ornatuque
1068 2196 1253 2232 omnimodo
1274 2195 1531 2241 splendidiorem
1554 2193 1722 2228 reddidit:

274 2247 432 2277 extructa
455 2241 557 2276 etiam
578 2242 644 2283 ibi,
684 2243 727 2276 ad
750 2245 891 2279 formam
915 2245 985 2289 ejus
1009 2255 1097 2289 quae
1128 2243 1255 2277 Romae
1278 2245 1347 2283 est,
1382 2241 1464 2275 sella
1487 2239 1723 2285 Imperatoria,

273 2288 364 2321 unde
387 2287 500 2322 Ludos
523 2287 711 2333 Imperator
733 2294 914 2334 spectaret.
970 2289 1139 2324 Palatium
1163 2299 1298 2332 quoque
1331 2297 1486 2330 magnum
1523 2291 1558 2319 et
1589 2285 1725 2330 specio-

273 2344 365 2375 sum,
389 2333 490 2378 quale
511 2333 638 2367 Romae
661 2333 825 2375 habetur,
849 2346 957 2380 prope
978 2334 1265 2380 Hippodromum,
1290 2332 1470 2366 Cochleum
1492 2330 1641 2372 dictum,
1663 2341 1725 2364 ex-

268 2378 399 2412 truxit:
425 2379 547 2412 Forum
570 2379 670 2413 etiam
694 2379 838 2424 amplum
860 2387 895 2413 et
919 2379 1122 2425 spectabile,
1147 2379 1241 2423 cujus
1263 2377 1299 2411 in
1321 2377 1429 2411 medio
1447 2376 1641 2411 Columnam
1661 2387 1724 2420 po-

270 2423 357 2465 suit,
385 2423 664 2469 Porphyreticam
687 2429 794 2458 totam
818 2425 1015 2470 penitusque
1036 2425 1239 2460 mirandam:
1276 2423 1330 2457 cui
1361 2422 1463 2456 etiam
1493 2426 1635 2456 statuam
1657 2420 1724 2455 sibi

269 2468 449 2514 imposuit,
480 2469 593 2514 capite
614 2474 741 2524 septem
764 2470 868 2504 radiis
893 2475 1071 2505 coronato:
1108 2469 1198 2515 quod
1229 2468 1460 2504 simulachrum
1490 2478 1625 2502 aereum
1655 2467 1723 2501 Im-

270 2518 410 2559 perator
433 2526 475 2549 ex
498 2514 583 2556 Ilio,
606 2515 764 2550 ub1‘01im
786 2520 947 2555 steterat,
982 2517 1066 2550 urbe
1090 2514 1281 2559 Phrygiae,
1307 2513 1455 2547 advexit.
1503 2512 1595 2547 Idem
1619 2513 1722 2547 etiam

270 2559 519 2602 Constantium,
542 2561 689 2595 ablatum
713 2561 897 2596 clanculum
919 2560 1026 2595 Roma
1049 2561 1250 2600 Palladium,
1275 2559 1366 2604 quod
1386 2563 1520 2600 vocant,
1543 2559 1580 2592 in
1602 2559 1677 2593 foro
1700 2567 1723 2591 a.

269 2615 306 2638 se
329 2605 484 2647 condito,
514 2605 605 2641 infra
627 2607 809 2642 columnam
831 2611 962 2641 statuae
985 2618 1064 2640 suae
1088 2604 1285 2640 collocavit:
1322 2605 1408 2639 sicut
1430 2604 1613 2649 Byzantini
1635 2613 1721 2638 non-

268 2649 353 2683 nulli
377 2655 540 2692 asserunt,
564 2651 671 2696 ipsum
693 2651 815 2686 ibidem
837 2651 975 2686 recondi
999 2651 1214 2686 affirmantes.
1261 2651 1366 2684 Urbis
1387 2661 1468 2684 vero
1492 2662 1513 2685 a
1535 2661 1571 2684 se
1593 2649 1722 2683 instau-

268 2698 366 2729 ratae
396 2700 432 2729 et
463 2707 483 2730 a
513 2697 643 2732 nomine
675 2709 734 2732 suo
771 2700 920 2732 'vocatae
951 2697 1135 2731 Fortunam
1172 2697 1362 2730 Anthusam
1394 2694 1561 2741 appellari
1594 2693 1722 2734 voluit3

270 2740 470 2775 sacrificium
502 2741 711 2778 incruentum
733 2743 805 2778 Deo
829 2753 1003 2788 peragens.
1058 2741 1162 2776 Urbis
1186 2743 1281 2786 hujus
1312 2741 1421 2786 prima
1444 2740 1636 2776 fundamina
1657 2750 1721 2784 po—

270 2785 337 2818 suit
359 2785 538 2828 Phidalia3
579 2800 667 2833 quae
689 2789 782 2823 urbis
805 2789 977 2823 Fortunae
999 2791 1082 2822 tunc
1110 2788 1268 2832 temporis
1305 2787 1451 2822 Ceroenv
1471 2797 1592 2821 nomen
1614 2785 1722 2829 impo-

270 2829 346 2866 suit.
393 2831 579 2868 Phidaliam
602 2835 689 2870 hanc
712 2835 843 2880 Byzas,
876 2832 1049 2870 Thraciae
1071 2844 1151 2876 rex,
1173 2833 1208 2868 in
1231 2844 1365 2869 uxorem
1394 2831 1510 2875 duxit,
1534 2835 1609 2877 post
1631 2840 1720 2865 mor-
