1838 3230
221 159 322 206 262
620 150 899 198 I‘OANNIS
927 153 1275 198 MALALAE

75 287 107 321 ο
129 287 198 323 339
223 269 367 317 πολλά.
435 273 503 315 καὶ
521 271 595 328 τὴν
615 268 819 328 Εὐρώπην
836 271 881 314 δὲ
900 270 979 315 ἀπὸ
1008 270 1177 332 Θρᾴκης
1199 271 1368 330 ἐμέρισε,
1403 273 1545 324 κτίσας
1554 270 1686 329 Ἡρά-

225 346 358 386 κλειαν
389 338 506 383 πόλιν
536 341 610 395 τὴν
645 337 786 397 πρῴην
815 340 1030 397 λεγομένην
1065 342 1312 398 Πει’ρινθον’
1347 340 1491 397 ἥντινα
1526 342 1689 398 ἐποίησε

224 406 474 466 μητρόπολιν
484 442 497 462 ,
528 408 625 458 δοὺς
645 407 749 464 αὐτῇ
771 406 965 464 ἄρχοντα.
1035 408 1162 452 ἐκτισε
1185 411 1229 452 δὲ
1250 412 1316 452 καὶ
1337 410 1380 452 ἐν
1398 409 1616 470 Ἀντιοχείᾳ
1636 413 1688 468 τῇ

225 476 378 534 μεγάλῃ
397 477 567 531 πλησίον
586 480 659 518 τοῦ
677 473 860 533 θεάτρου
880 474 1009 533 ἱερόν,
1047 477 1068 520 ὃ
1089 476 1296 521 ἐπεκάλεσε
1316 483 1398 520 τῶν
1409 478 1600 532 Ἀνέμων.

178 555 208 590 C
330 543 457 604 Νόσῳ
480 546 525 587 δὲ
543 545 715 600 βληθεὶς
735 546 802 587 καὶ
820 543 993 603 πάρετος
1009 544 1218 602 γενόμενος
1242 544 1442 599 ἐτελεύτα,
1473 545 1530 589 ὢν
1554 547 1724 590 ἔνων-5

227 617 308 657 τῶν
333 610 411 656 oa'.
1193 656 1195 658 .

329 679 454 724 Μετὰ
477 680 521 722 δὲ
541 678 615 733 τὴν
634 680 846 734 βασιλείαν
865 680 992 723 αὐτοῦ
1014 681 1247 735 ἐβασίλευσε
1269 683 1393 731 Τίτος
1414 679 1435 724 ὅ
1459 681 1547 731 υἱὸς
1564 680 1693 725 αὖτοῦ

89 759 121 794 Ο
144 757 214 796 340
236 748 304 804 ἐτη
336 747 392 803 β’.
463 743 514 803 ἦν
541 748 586 790 δέ
613 746 793 804 μακρός,
830 746 998 802 λεπτός,
1034 748 1224 805 εὕχροος,
1260 747 1486 804 ἆπλόθριξ,
1522 747 1690 802 σπανός,

231 815 572 874 μικρόφθαλμος,
619 814 851 872 κονδόθριξ.
921 818 989 860 καὶ
1025 815 1152 860 πάθει
1192 815 1343 878 ἀνιάτω
1385 820 1558 874 βληθεὶς
1592 817 1693 861 ἀπέ-

231 890 383 937 θανεν,
422 884 478 927 ὢν
501 885 696 927 ἐνιαυτῶν
715 882 802 939 pff.
1704 893 1750 928 10

335 953 461 997 Μετὰ
492 953 536 994 δὲ
565 952 639 1007 τὴν
665 955 877 1007 βασιλείαν
903 954 1032 996 Τίτου
1052 954 1308 1006 ἐβασίλευσεν
1328 951 1349 996 ὃ
1371 951 1586 1003 θειότατος
1604 953 1693 996 Ao·
1748 962 1754 965 ’

234 1021 423 1077 μετιανὸς
442 1020 511 1075 ἐτη
539 1018 582 1062 ιε’
602 1022 669 1062 καὶ
691 1026 824 1076 μῆνας
843 1019 899 1075 β’.
969 1017 1020 1076 ἦν
1049 1022 1092 1063 δὲ
1122 1019 1279 1077 μακρός
1289 1053 1302 1074 ,
1339 1019 1505 1074 λεπτός,
1540 1019 1692 1074 λευκός,

237 1087 415 1142 ξαιιθός,
458 1086 703 1144 κονὸόθριξ,
751 1088 948 1145 γλαυκός,
994 1087 1243 1145 ὖπόκυρτος,
1293 1089 1520 1146 φιλόσοφος
1557 1088 1694 1145 ἄκρος.

237 1158 298 1199 ἐπὶ
330 1158 374 1199 δὲ
407 1161 480 1210 τῆς
505 1155 631 1198 αὐτοῦ
661 1160 871 1211 βασιλείας
899 1158 1075 1214 διωγμὸς
1100 1163 1346 1214 χριστιανιῖἱν
1378 1158 1551 1214 ἐγένετο·
1587 1157 1700 1207 ὅστις

186 1231 219 1265 D
243 1227 308 1268 καὶ
332 1225 403 1267 τὸν
433 1224 546 1280 ἅγιον
566 1222 756 1280 Ἰωάννην
783 1226 853 1269 τὸν
883 1225 1081 1279 θεολόγον
1109 1224 1318 1281 ἀνήνεγκεν
1339 1227 1381 1268 ἐν
1401 1231 1452 1283 τῇ
1468 1223 1603 1282 Ῥώμῃ
1629 1227 1696 1268 καὶ
1710 1234 1753 1270 15

239 1291 429 1347 ἐξήτασεν
462 1290 600 1335 αὐτόν.
671 1296 735 1335 καὶ
764 1292 990 1347 θαυμάσας
1017 1292 1090 1336 τόῦ
1119 1293 1247 1336 αὐτοῦ
1277 1293 1510 1337 ἀποστόλου
1533 1293 1608 1349 τὴν
1626 1309 1700 1337 σο-

241 1363 340 1417 φίαν
361 1361 556 1403 ἀπέλυσεν
576 1360 700 1403 αὐτὸν
725 1359 866 1420 λάθρᾳ
892 1362 1082 1403 ἀπελθεῖν
1113 1363 1167 1411 εἷς
1187 1361 1383 1417 ’Έφεσον,
1425 1361 1546 1404 εῗπών
1570 1362 1697 1420 αὐτῷ,

231 1428 408 1471 ’Ἀπελθε
427 1430 492 1471 καὶ
512 1425 720 1483 ἦσύχασον
746 1429 846 1473 ὅθεν
873 1425 1012 1484 ἦλθες,
1082 1431 1147 1470 καὶ
1170 1428 1415 1485 ἐλοιδορήθη
1429 1443 1440 1454 ·
1475 1431 1542 1471 καὶ
1561 1428 1700 1486 ἐξώρι-

243 1513 311 1539 σεν
334 1496 457 1539 αὐτὸν
481 1498 535 1544 εἷς
555 1495 744 1551 Πάτμον.
816 1497 991 1547 πολλοὺς
1013 1497 1057 1538 δὲ
1086 1496 1235 1547 ἄλλους
1263 1497 1523 1553 χριστιανοιῖς
1553 1498 1700 1547 ἐτιμω-

245 1563 397 1619 ρήσατο
410 1596 423 1617 ,
462 1562 564 1606 ὥστε
593 1571 730 1621 φυγεῖν
753 1566 795 1615 ἐξ
819 1564 955 1608 αὐτῶν
986 1569 1147 1619 πλῆθος
1165 1565 1227 1607 ἐπὶ
1244 1566 1314 1608 τὸν
1335 1563 1521 1618 Πόντον,
1558 1565 1758 1615 καθώςΞΟ

243 1631 428 1681 Βώττιος
451 1630 472 1674 ὃ
492 1632 621 1688 σοφὸς
637 1631 921 1689 χρονογράφος
941 1631 1226 1688 συνεγράψατο
1249 1633 1335 1676 κατ’
1362 1633 1509 1676 αὐτῶν.

95 1710 127 1745 O
149 1704 219 1746 341
342 1698 391 1743 ‘O
422 1700 466 1742 δὲ
493 1700 615 1750 αὐτὸς
643 1701 834 1755 βασιλεὺς
860 1700 1115 1756 Δομετιανὸς
1147 1702 1271 1759 ἐφίλει
1297 1701 1370 1744 τὸν
1405 1701 1610 1758 ὀρχηστὴν
1628 1705 1703 1744 τοῦ

335 1830 369 1865 5.
390 1828 551 1876 πάρει-ος
573 1830 650 1874 Ch„
673 1829 856 1878 πάραιτος
879 1832 947 1866 Ox,
1052 1832 1108 1867 16.
1132 1829 1301 1878 ἐξήτασεν
1323 1832 1401 1875 Ch„
1425 1830 1613 1876 ἕξοιίτασεν
1634 1831 1702 1866 Ox,

246 1943 441 1986 sejungens,
474 1954 516 1976 ex
538 1944 702 1979 Perintho
727 1949 831 1980 antea
851 1948 993 1987 vocata,
1020 1945 1221 1980 Heracleam
1243 1945 1359 1980 urbem
1382 1943 1556 1986 condidit3
1595 1943 1704 1978 Prae-

246 1989 409 2032 fectoque
441 1987 473 2022 ei
497 1989 596 2030 dato,
639 1991 859 2036 Metropolim
891 2002 961 2025 esse
984 1991 1103 2025 voluit.
1160 1991 1338 2036 Templum
1371 1990 1471 2025 etiam
1502 1987 1705 2024 Antiochiae

248 2033 418 2078 Magnae,
442 2033 531 2076 quod
560 2036 743 2070 Ventorum
766 2036 972 2081 appellavit,
992 2037 1091 2080 juxta
1115 2036 1304 2070 Theatrum
1328 2036 1487 2070 extruxit.

340 2078 463 2112 Morbo
495 2078 617 2113 deinde
648 2086 845 2127 correptum
888 2082 1106 2121 membrorum
1136 2081 1173 2116 vi
1191 2082 1262 2126 jam
1285 2081 1454 2123 resoluta,
1497 2079 1586 2114 diem
1610 2091 1704 2114 suum

249 2123 347 2165 obiit,
370 2134 473 2156 annos
494 2129 591 2158 natus
613 2136 703 2158 LXXI.

340 2168 440 2203 Hunc
473 2169 607 2215 excepit
629 2169 729 2204 Titus
759 2171 868 2213 filius3
908 2171 968 2216 qui
990 2172 1174 2217 imperavit
1195 2182 1298 2206 annos
1323 2181 1361 2205 n.
1407 2170 1496 2204 Erat
1517 2180 1600 2204 vero
1625 2181 1706 2215 pro-

252 2225 370 2255 cerus,
391 2214 549 2259 gracilis,
571 2215 684 2249 colore
706 2221 857 2258 venusto,
882 2218 976 2251 crine
999 2218 1112 2259 lento,
1136 2217 1299 2261 brevique
1322 2221 1358 2251 et
1378 2227 1473 2257 raro,
1497 2214 1600 2249 oculis
1624 2226 1706 2260 par-

251 2259 314 2295 vis.
361 2259 484 2293 Morbo
508 2263 619 2294 autem
641 2260 817 2294 insanabili
841 2267 1026 2307 correptus,
1051 2264 1131 2297 fatis
1155 2262 1330 2302 concessit,
1353 2272 1472 2295 annum
1496 2271 1597 2305 agens
1618 2270 1706 2296 xmt.

343 2303 427 2338 Post
449 2304 564 2339 Titum
586 2306 622 2339 in
644 2305 787 2351 Imperio
811 2308 968 2342 successit
992 2308 1212 2342 divinissimus
1235 2306 1468 2347 Domitianus3
1498 2306 1557 2351 qui
1579 2316 1707 2350 regna-

253 2349 307 2383 vit
330 2361 434 2383 annos
457 2361 503 2384 xv
526 2353 561 2384 et
582 2362 709 2385 menses
729 2362 767 2385 11.
813 2351 904 2386 Erat
927 2352 982 2387 hic
1004 2358 1137 2388 statura
1160 2364 1325 2397 procera,
1349 2351 1506 2396 gracilis,
1531 2351 1706 2393 candidus,

255 2393 348 2428 crine
375 2396 453 2430 rufo
477 2399 662 2440 curtoque,
696 2396 799 2431 oculis
829 2397 969 2439 caesiis,
999 2399 1203 2439 subcurvus‚
1234 2409 1440 2442 summusque
1472 2396 1708 2441 Philosophus.

255 2440 364 2484 Hujus
387 2441 447 2474 sub
469 2440 633 2485 imperio,
658 2441 923 2476 Christianorum
946 2448 1022 2477 erat
1044 2443 1258 2478 Persecutioz
1289 2444 1479 2487 Imperator
1502 2447 1612 2475 autem
1636 2441 1709 2476 Ro-

256 2497 340 2519 mam
365 2485 489 2520 adduci
513 2486 614 2530 jussit
636 2487 678 2522 D.
700 2487 861 2521 Joannem
886 2487 1119 2532 Theologum3
1154 2488 1204 2522 uti
1228 2488 1373 2522 examini
1395 2499 1470 2521 eum
1501 2488 1707 2531 subjiceretz

258 2531 394 2565 miratus
417 2535 528 2565 autem
552 2531 703 2577 Apostoli
724 2531 943 2577 sapientiam,
967 2533 1137 2576 Ephesum
1159 2533 1322 2567 redeundi
1345 2533 1428 2566 clam
1452 2532 1484 2566 ei
1506 2534 1637 2577 copiam
1656 2533 1710 2567 se-

260 2575 318 2616 cit‚
342 2575 505 2610 dicendo:
545 2577 597 2611 Ad
619 2578 726 2612 locum
748 2577 836 2611 unde
859 2577 980 2611 venisti
1003 2578 1038 2612 in
1062 2590 1147 2622 pace
1169 2579 1298 2613 redeas.
1345 2579 1400 2612 Ob
1424 2578 1490 2612 hoc
1513 2583 1623 2612 autem
1648 2589 1709 2611 ex-

259 2621 459 2664 probratus,
493 2621 528 2655 in
551 2622 706 2657 Patmum
738 2634 810 2657 eum
833 2623 1010 2666 relegavit.
1056 2624 1126 2657 Sed
1150 2627 1185 2656 et
1207 2623 1288 2658 alios
1319 2623 1420 2657 etiam
1443 2635 1485 2656 ex
1509 2622 1710 2656 Christianis

256 2666 515 2710 quamplurimos
545 2667 715 2713 suppliciis
739 2667 874 2702 affecit:
909 2669 1028 2713 itaque
1051 2669 1135 2713 fuga
1158 2668 1223 2702 sibi
1244 2669 1471 2710 consulentes,
1507 2667 1541 2701 in
1563 2669 1709 2702 Pontum

257 2721 292 2742 se
315 2716 539 2755 receperunt:
577 2713 663 2747 sicut
685 2715 772 2748 haec
795 2725 817 2748 a
837 2713 955 2749 Bottia
977 2713 1132 2759 sapiente
1154 2713 1423 2759 chronographo
1453 2713 1559 2748 literis
1581 2713 1711 2748 tradita

257 2762 346 2788 sunt.

349 2800 541 2846 Imperator
556 2808 669 2840 autem
685 2803 896 2840 Domitianus
911 2815 1034 2840 summe
1055 2804 1195 2839 charum
1217 2803 1281 2839 sibi
1297 2803 1417 2839 habuit
1433 2803 1590 2839 Paridem
1607 2812 1712 2849 quen-
