1838 3230
402 139 1018 186 cHRONoGRAPHIA.
1075 141 1124 186 L.
1152 107 1305 189 x‘vm.
1491 149 1589 198 469

123 255 466 318 Μηρτυρόπολιν.
537 259 559 305 ὃ
592 261 638 305 δὲ
668 260 768 312 dod}
795 259 1007 316 Ῥωμαίων
1036 260 1112 306 σὺν
1137 268 1225 313 τοῖς
1243 260 1461 321 κτήτορσιν
1479 265 1589 316 ἔξελ-

122 327 218 373 θὼν
245 327 459 374 ἓσκύλευσε
486 329 540 373 τὰ
564 330 739 385 λείψανα
771 334 855 373 τῶν
875 333 1079 389 Περσῶν,
1115 330 1214 382 τοὺς
1237 329 1434 390 ἐξάρχους
1452 333 1588 378 αὐτῶν

123 397 167 441 ἓν
185 402 350 458 φρουρᾷ
372 398 634 454 ἀποθέμενοι.
1610 402 1642 437 D

222 466 290 510 Ἐν
313 466 426 526 αὐτῷ
447 467 491 510 δὲ
509 470 568 526 τῷ
593 463 731 526 χρόνῳ
762 467 830 509 καὶ
848 465 1077 525 Δωρόθεος
1096 467 1118 512 ὃ
1139 472 1213 526 τῆς
1224 467 1436 527 Ἀρμενίας
1458 485 1587 525 στρα-
1611 483 1644 519 o
1667 484 1736 519 209

88 532 303 590 ὄτηλάτης
330 532 439 591 ἔχων*
454 533 681 591 Ῥωμαϊκὴν
703 542 822 592 χεῖρα
840 536 1058 592 πολεμικὴν
1079 536 1243 595 ὥρμησε
1261 537 1367 581 κατὰ
1385 541 1585 595 Περσῶν·

120 604 189 646 καὶ
210 602 511 660 περιγενόμενος
538 601 719 647 ἀπώλεσε
748 607 1083 661 Περσαρμενίους
1117 608 1184 649 καὶ
1215 608 1400 664 Πέρσας,
1433 611 1587 664 πικρῶς

118 671 262 722 αὐτοῖς
281 669 554 728 χρησάμενος.
626 672 832 728 παρέλαβε
866 674 910 715 δὲ
944 675 1010 715 καὶ
1039 675 1171 717 πολλοὶ
1192 675 1410 719 καστέλλια
1428 679 1586 733 Περσι-

117 738 196 783 κά·
243 742 285 784 ἐν
314 738 376 791 οἷς
404 741 610 797 παρέλαβε
639 741 875 784 καστέλλιον
902 740 1051 799 ὀχυρὸν
1076 743 1256 798 κείμενον
1285 742 1422 787 ἐπάνω
1447 743 1584 801 ὅρους,

116 809 216 863 μίαν
239 806 336 852 ὁδὸν
356 808 448 864 ἕχον
467 811 722 864 μονοπατιόυ
735 842 749 863 ,
788 809 888 853 ὅθεν
915 808 1122 862 κατιόντες
1143 812 1182 854 οἶ
1207 813 1332 855 ἐκεῖσε
1361 810 1584 868 ὑδρεύοντο

62 886 107 921 10
118 877 162 920 ἐκ
188 882 263 920 τοῦ
282 877 589 936 παραρρέοντος
606 882 808 934 ποταμοῦ.
882 878 921 922 οἱ
955 880 1001 922 δὲ
1036 882 1347 937 πραγματευταὶ
1365 885 1448 923 τῶν
1468 885 1585 938 Περ-

115 950 201 990 σῶν
224 944 373 1008 [πάντα
395 945 474 990 ὅσα
505 946 747 1003 ἐπεφέροντο
770 947 812 990 ἒν
830 951 882 1004 τῇ
903 950 1159 1008 πραγματείᾳ
1194 950 1317 992 ἐκεῖσε
1339 949 1581 1002 «inermum,

114 1012 172 1064 ὥς
197 1014 412 1072 ἀσφαλοῦς
436 1020 510 1059 τοῦ
544 1014 672 1059 τόπου
706 1015 836 1065 ὄντος.
908 1017 974 1058 καὶ
1000 1018 1185 1072 μηνυθὲν
1215 1022 1273 1076 τῷ
1297 1017 1408 1075 αὐτῷ
1430 1019 1584 1075 Δωρο-

113 1083 217 1142 θέῳ,
253 1081 534 1141 παρεφόσευσε
555 1088 613 1142 τῷ
631 1082 795 1142 κάστρῳ
813 1082 1036 1140 φυλάττων
1053 1084 1128 1140 τὴν
1156 1084 1304 1128 ἄνοδον
1323 1085 1475 1128 αὐτοῦ·
1510 1087 1578 1128 καὶ
1600 1087 1633 1122 Ε

113 1150 362 1206 λιμώξαντες
385 1153 424 1195 οἶ
444 1152 614 1196 ἔνδοθεν
626 1153 801 1207 Πέρσαι,
824 1151 960 1209 ὅρκοις
977 1153 1210 1204 πεισθέντες
1228 1154 1478 1211 προέδωκαν.
1515 1156 1585 1197 καὶ

59 1229 103 1265 15
114 1222 479 1278 καταπεμφθείσης
509 1219 720 1277 μηνύσεως
748 1218 827 1262 ὑπὸ
862 1221 1094 1279 Δωροθέου
1123 1226 1182 1281 τῷ
1214 1226 1379 1276 βασιλεῖ
1409 1223 1582 1265 Ἰουστι-

113 1294 236 1348 νιανῷ
281 1291 370 1346 περὶ
401 1295 484 1333 τῶν
507 1287 757 1347 εὗρεθέντων
785 1290 827 1332 ἐν
848 1293 907 1348 τῷ
942 1291 1190 1348 καστελλίῳ,
1233 1290 1431 1346 ἐξέπεμψε
1459 1289 1580 1347 Νάρ-

111 1374 190 1414 σην
209 1357 545 1416 κουβικουλάριον
563 1359 627 1401 ἐπὶ
645 1362 704 1417 τῷ
734 1361 989 1414 παραλαβεῖν
1016 1358 1068 1401 τὰ
1089 1359 1333 1414 ἀποκείμενα
1363 1360 1405 1402 ἕν
1423 1363 1482 1420 τῷ
1502 1377 1579 1402 κα-

110 1429 294 1485 στελλίῳ.
363 1429 434 1470 καὶ
456 1424 730 1477 κατελθόντος
750 1424 924 1483 Νάρσου
946 1427 1188 1484 παρέδωκαν
1209 1426 1357 1471 πάντα.
1573 1452 1575 1454 ·

217 1497 270 1540 Οἳ
289 1497 337 1540 δὲ
354 1495 517 1553 ἔξαρχοι
529 1499 706 1553 Περσῶν
724 1493 925 1552 ἀνήγαγον
946 1495 999 1539 τὰ
1020 1494 1213 1552 γενόμενα
1227 1500 1285 1555 τῷ
1307 1495 1443 1539 αὐτῶν
1451 1499 1574 1548 βασι-
1599 1485 1634 1566 g
1658 1485 1727 1566 ΞῨΟ

51 1568 190 1609 2022?-
227 1567 295 1608 καὶ
312 1565 618 1623 ἔκπεμφθέντος
637 1561 828 1619 πλήθους
845 1569 1024 1621 στρατοῦ
1045 1568 1278 1622 Περσικοῦ,
1315 1560 1450 1620 ἦλθον
1471 1567 1578 1618 πλη-

202 1673 258 1709 16.
291 1671 494 1719 ἐξέπεμψεν
517 1676 636 1719 Αρσην
657 1671 987 1720 κουβικουλᾶριον]
1011 1672 1102 1715 „Ita
1123 1672 1229 1707 habet
1249 1672 1335 1707 Cod.
1359 1671 1437 1706 MS.
1485 1671 1576 1705 For-

199 1725 238 1754 te
267 1725 379 1755 tamen
408 1720 608 1765 legendnm,
641 1718 818 1763 ἐξέπεμψε
852 1717 1008 1763 Νοὶρσην
1039 1731 1073 1753 κ.
1108 1719 1239 1753 Narses
1271 1718 1359 1753 enim
1389 1717 1575 1752 Eunuchus

199 1770 237 1801 et
259 1766 505 1808 cubicularius,
539 1765 601 1802 καὶ
623 1768 698 1801 τῶν
721 1766 916 1810 βασιλικῶν
937 1763 1133 1810 χρημάτων
1156 1765 1309 1808 ταμίας,
1343 1767 1380 1799 et
1402 1763 1575 1803 Quaestor

198 1811 328 1857 Regius
350 1816 444 1847 erat:
466 1818 557 1847 teste
580 1811 764 1857 Procopio,
789 1811 833 1845 de
855 1811 943 1846 Bell.
967 1811 1077 1845 Goth.
1102 1810 1160 1844 lib.
1183 1812 1244 1846 2⁶⁶
1267 1810 1334 1844 ch.
1426 1811 1482 1846 19.
1505 1804 1574 1843 αὕ-

198 1858 287 1904 miv]
313 1855 417 1907 αὐτῷ
442 1859 508 1894 Ox.
598 1860 656 1894 20.
677 1856 848 1903 πλήθους
871 1857 957 1900 ch„
990 1858 1135 1904 πλῆθος
1158 1857 1226 1892 Ox.

107 1952 169 1987 bus
192 1951 307 1987 obruti
340 1954 428 1988 sunt.
475 1950 659 1986 Caeterum
689 1949 832 1984 Romani
867 1948 1133 1995 Martyropolim
1164 1947 1312 1983 victores
1333 1944 1571 1992 repetierunt=

105 1997 185 2032 Dux
208 2002 320 2033 autem
343 1997 583 2038 Romanorum,
610 2008 679 2030 una
701 2007 774 2030 cum
798 1995 998 2041 primoribus
1021 1994 1124 2037 urbis,
1147 2006 1314 2039 egressus,
1337 1992 1446 2039 spolia
1468 1991 1573 2026 cada-

104 2045 246 2080 veribus
268 2043 436 2085 detraxit,
460 2042 630 2078 Exarchis
653 2043 829 2076 Persarum
854 2041 1028 2076 custodiae
1049 2040 1197 2075 traditis.

197 2090 329 2125 Eodem
352 2094 505 2134 tempore
527 2089 731 2130 Dorotheus,
755 2087 896 2122 militum
919 2087 955 2122 in
970 2086 1126 2122 Armenia
1148 2085 1330 2130 Magister,
1352 2082 1476 2118 bellica
1497 2082 1570 2117 Ro-

103 2147 277 2173 manorum
298 2147 396 2171 manu
421 2135 615 2176 instructus,
638 2135 759 2169 Persas
783 2145 960 2179 aggressus
983 2139 1058 2168 esta
1095 2131 1315 2178 superiorque
1337 2130 1460 2171 factus,
1484 2129 1570 2162 Per-

103 2182 287 2218 :armenios
318 2183 512 2227 Persasque
534 2181 686 2216 devictos
710 2179 852 2225 pessime
873 2180 1050 2214 tractavit.
1109 2179 1179 2214 Sed
1202 2182 1239 2212 et
1262 2176 1411 2212 Castella
1435 2184 1571 2218 quoque

103 2229 288 2264 Persarum
312 2227 458 2275 plurima
480 2227 592 2273 cepit:
624 2226 660 2260 in
684 2226 804 2271 quibus
827 2230 904 2261 erat
924 2237 1023 2260 unum
1046 2224 1315 2264 munitissimum3
1340 2221 1383 2256 ad
1406 2219 1510 2264 quod,
1533 2218 1569 2252 in

103 2279 217 2310 monte
239 2275 360 2317 situm,
398 2285 555 2308 ascensus
586 2273 729 2318 patebat
752 2271 888 2314 unicus,
927 2276 964 2306 et
985 2270 1147 2316 singulari
1183 2269 1308 2304 homini
1330 2269 1460 2301 tantum
1486 2275 1568 2310 per-

104 2320 198 2361 vius;
240 2331 303 2365 per
327 2331 425 2366 quem
449 2318 636 2354 Castellani
668 2317 919 2352 descendebant
941 2329 1045 2363 aquas
1076 2316 1120 2352 de
1143 2315 1278 2350 flumine
1301 2310 1568 2364 praeterfluente

104 2365 268 2400 hausturi.
314 2367 494 2401 Persarum
516 2376 652 2411 quoque
674 2365 905 2406 Mercatores,
936 2362 1097 2409 quicquid
1120 2364 1306 2397 mercantes
1326 2357 1568 2392 lucnfecerant

105 2410 190 2454 tibi,
226 2410 262 2446 id
286 2424 385 2447 omne
407 2411 442 2446 in
466 2412 532 2446 hoc
553 2410 716 2453 castello,
752 2414 914 2455 tanquam
936 2409 972 2443 in
994 2409 1070 2443 loco
1092 2405 1309 2443 munitissimo
1332 2407 1567 2448 reposuerant.

105 2456 210 2498 Quod
235 2458 296 2492 ubi
313 2458 491 2493 Dorotheo
515 2456 708 2491 nunciatum
732 2460 796 2500 est,
819 2455 992 2490 castellum
1007 2453 1182 2489 obsidione
1203 2451 1320 2492 cinxit,
1345 2459 1482 2483 ascensu
1504 2446 1565 2500 illo

105 2505 248 2546 angusto
279 2515 344 2550 per
367 2503 524 2538 custodes
552 2503 747 2537 intercluso.
794 2500 931 2536 Obsessi
952 2500 1071 2545 itaque
1102 2501 1224 2534 Persae
1247 2495 1364 2531 mediis
1396 2494 1565 2533 exhaustu,

104 2547 222 2582 salutis
244 2549 401 2584 cautione
422 2549 484 2583 sub
504 2548 688 2592 juramenti
717 2548 787 2583 fide
809 2547 875 2582 illis
896 2543 1056 2581 concessa
1077 2544 1247 2580 castellum
1271 2541 1448 2575 dederunt.
1496 2539 1564 2573 Im·—

103 2597 247 2639 perator
269 2600 379 2630 autem
400 2594 616 2635 Justinianus‚
639 2606 660 2629 a
683 2594 859 2628 Dorotheo
878 2604 941 2638 per
963 2592 1079 2626 literas
1101 2589 1228 2625 certior
1250 2589 1361 2622 factus
1377 2585 1420 2619 de
1443 2595 1564 2631 reper-

103 2639 148 2674 tis
171 2637 208 2672 in
226 2639 375 2675 castello
397 2640 575 2683 thesauris,
599 2641 780 2675 Narsetem
797 2637 1059 2678 Cubiculariaui,
1084 2635 1144 2681 qui
1167 2647 1223 2669 eos
1245 2631 1478 2679 deportandos
1502 2640 1563 2664 cu-

103 2690 199 2719 raret
228 2685 424 2730 expedivit3
470 2686 525 2721 cui
560 2685 757 2723 advenienti
786 2694 1007 2731 quaecunque
1038 2683 1073 2716 in
1107 2680 1256 2717 Castello
1290 2677 1563 2714 recondebantur

100 2729 230 2766 tradita
252 2735 332 2766 sunt
352 2730 472 2766 omnia.

192 2776 305 2810 Duces
328 2781 442 2811 autem
464 2777 667 2819 Persarum,
703 2789 791 2832 quae
813 2776 1028 2816 acciderant,
1052 2771 1141 2818 Regi
1165 2783 1224 2806 suo
1246 2769 1466 2825 deferebant:
1503 2765 1561 2812 qui

102 2833 279 2858 numeroso
302 2821 455 2858 exercitu
478 2823 616 2866 emisso,
640 2823 788 2859 Ducibus
811 2822 949 2868 insuper
971 2818 1170 2866 imperavit,
1197 2829 1239 2852 ne
1263 2815 1436 2851 Pemdem
1459 2824 1561 2859 repe-
