1838 3230
463 140 1075 193 CHRONOGRAPHIA.
1132 143 1180 186 L.
1210 143 1324 187 XVI.
1523 149 1622 197 405

157 263 234 304 τοῦ
250 258 380 319 πυρὸς
398 260 452 305 τὰ
469 266 593 306 πλοῖα
613 261 681 304 καὶ
696 261 1196 319 ποντίζονταιαῦτανδρα,
1207 259 1470 319 παρήγγειλεν
1482 263 1624 315 αὗτοῖς

158 329 333 387 ῥίπτειν·
363 331 431 373 καὶ
460 330 648 387 ὥρμησεν
666 331 722 380 εἰς
749 329 796 373 τό
815 330 942 385 πέραν
966 331 1072 374 κατὰ
1090 333 1338 375 Βιταλιανοῦ
1358 334 1425 375 καὶ
1445 337 1528 376 τῶν
1547 333 1622 376 ἂν-

158 395 345 454 Quium
371 397 511 442 αὐτοῦ.
567 400 635 442 καὶ
650 395 910 453 κατήντησαν
940 401 1006 442 καὶ
1027 399 1080 442 τοὶ
1100 403 1224 443 πλοῖα
1243 402 1493 444 Βιταλιανοῧ
1502 433 1516 455 ,
1554 403 1623 444 καὶ

159 463 390 522 εὖρέθησαν
401 465 561 523 ἔγγιστα
580 464 766 522 ἀλλήλων
777 466 987 510 κατέναντι
1004 472 1080 523 τῆς
1096 465 1214 524 ἁγίας
1225 468 1380 524 Θέκλης
1390 473 1464 525 τῆς
1482 470 1524 511 ἓν
1533 467 1619 513 §.¹15-
1648 475 1678 509 V
1702 473 1748 510 44

125 541 252 584 ὄκαις
264 536 322 584 εἷς
338 534 410 578 τὸν
420 533 545 578 τόπον
562 539 636 577 τοῦ
657 533 858 592 ῥεύματος
878 533 980 578 ὅπου
1001 536 1154 592 λέγεται
1170 537 1219 580 τὸ
1238 535 1434 594 βυθάριν.
1471 539 1538 580 καὶ
1558 539 1621 594 γί-

158 619 269 646 νεται
287 602 369 646 ἐκεῖ
381 600 406 658 ἦ
427 604 633 658 ναυμαχία
669 601 781 659 ὥραν
795 604 937 660 τρίτην
953 607 1028 659 τῆς
1062 603 1240 661 ἡμέρας·
1276 607 1343 647 καὶ
1366 603 1618 662 ἀνήφθησαν

156 669 448 728 ἐξαίφνης-ὕπὸ
468 671 597 728 πυρὸς
606 670 660 714 τὰ
670 675 791 714 πλοῖα
812 671 975 714 ἅπαντα
986 675 1236 716 Βιταλιανοῢ
1251 677 1326 716 τοῦ
1339 671 1539 730 τυράννου
1551 675 1618 717 καὶ
1643 680 1677 715 Ο
1703 681 1769 717 123

157 739 462 793 lamvio-Qum
481 741 536 789 εἷς
553 740 624 782 τὸν
639 740 777 793 βυθὸν
796 744 870 782 τοῦ
893 738 1095 797 ῥεύματος
1114 741 1211 795 μεθἱ
1242 735 1299 784 ὧν
1319 739 1425 796 εἶχον
1441 745 1482 784 Γ
1479 740 1620 785 «ham

152 807 224 849 καὶ
239 804 405 850 Οῧννων
416 809 482 850 καὶ
495 812 674 851 Σκυθῶν
694 813 958 863 στρατιωτῶν
975 809 1258 863 συνεπομένων
1277 810 1402 869 αὐτῷ.
1440 808 1461 853 ὃ
1481 811 1526 853 δὲ
1540 814 1618 853 Βι-

101 880 148 917 10
159 875 348 925 ταλιανός
373 878 439 918 καὶ
454 876 492 918 οἱ
510 876 565 926 εἷς
586 876 638 919 τὰ
660 875 764 919 ἄλλα
783 881 905 920 πλοῖα
917 875 1238 933 προσεσχηκότες
1267 878 1314 921 τὸ
1334 876 1515 934 γεγονός,
1553 878 1617 922 ὅτι

154 941 236 986 ὕπὸ
250 943 377 999 πυρὸς
389 946 592 1001 αἰφνίδιον
611 943 862 988 ἀνάπτονται
874 945 926 987 τὰ
946 944 1102 988 ἑαυτῶν
1115 949 1252 998 πλοῖα,
1275 946 1423 1003 ὲὶψυγον
1434 949 1500 989 καὶ
1519 945 1618 990 2⁶th-

155 1024 342 1068 στρεψαν
361 1014 426 1055 ἐπὶ
449 1012 521 1056 τὸν
542 1011 764 1058 ἀνάπλουν.
837 1014 1030 1069 Μαρΐνος
1049 1015 1094 1056 δὲ
1113 1012 1134 1057 ὅ
1157 1014 1237 1057 ἀπὸ
1266 1013 1456 1069 ἐπάρχων
1490 1014 1617 1073 περά-

154 1096 234 1130 σας
257 1080 298 1122 ἔν
317 1078 483 1133 Σύκαις,
522 1080 644 1131 ὅσους
675 1076 763 1137 εὗρε
790 1086 872 1125 τῶν
895 1085 1144 1125 Βιταλιανοῧ
1173 1084 1228 1132 εἷς
1250 1083 1301 1125 τὰ
1334 1081 1556 1138 προάστεια
1591 1082 1617 1138 ἢ

155 1150 213 1198 εἷς
235 1147 384 1202 οἰῖκους,
411 1148 553 1202 «inne,
579 1148 843 1193 καταδιώκων
860 1149 1011 1200 αὐτοὺς
1032 1151 1107 1201 ἕως
1123 1154 1198 1193 τοῦ
1220 1148 1335 1207 ἁγίου
1356 1149 1593 1204 Μᾶμαντος
1607 1165 1615 1175 ·

103 1223 148 1261 15
158 1218 223 1260 καὶ
243 1217 458 1272 γενομένης
475 1216 650 1275 ἑσπέρας
668 1218 792 1272 ἔμεινε
807 1221 1002 1274 Μαρῖνος
1036 1220 1102 1261 καὶ
1133 1217 1159 1274 ἦ
1180 1218 1358 1274 βοήθεια
1381 1214 1515 1262 αὐτοῦ
1535 1237 1616 1276 ‹pv-
1640 1230 1670 1264 Β

156 1282 365 1328 λάττουσα
394 1286 446 1328 τὰ
477 1288 568 1330 ἐκεῖ.
639 1285 661 1330 ὅ
699 1287 744 1329 δὲ
773 1286 1020 1336 Βιταλιανός
1048 1286 1168 1343 ἔφυγε
1200 1287 1346 1339 νυκτὸς
1386 1288 1491 1342 μετὰ
1536 1293 1619 1331 τῶν

154 1351 486 1411 ὑπολειφθέντων
513 1354 627 1413 αὐτῷ’
662 1356 705 1397 ἐκ
730 1359 805 1397 τοῦ
830 1353 1031 1407 ἀνάπλου,
1071 1353 1243 1406 ὁδεύσας
1270 1357 1311 1399 ἐν
1344 1361 1396 1414 τῇ
1417 1356 1522 1413 αὐτῇ
1545 1374 1617 1400 νυ·

155 1423 218 1464 xri
237 1423 351 1476 μίλια
371 1420 427 1473 ξ’·
474 1425 541 1466 καὶ
563 1424 719 1479 πρωίας
747 1423 962 1479 γενομένης
996 1423 1128 1474 οὐδεὶς
1157 1422 1307 1481 εὑρέθη
1338 1427 1393 1475 εἷς
1415 1425 1461 1467 τὸ
1491 1426 1618 1481 πέραν

155 1490 199 1532 ἔκ
227 1495 302 1533 τοῦ
331 1490 460 1533 αὐτοῦ
489 1494 764 1544 Βιταλιανοῦ,
810 1493 877 1533 καὶ
913 1490 1132 1546 ἕνίκησενὸ
1165 1493 1302 1550 σωτὴρ
1329 1493 1514 1548 Χριστὸς
1548 1495 1614 1535 καὶ
1639 1499 1673 1533 Ο
1699 1499 1765 1535 124

87 1555 182 1613 2οἧ
202 1562 275 1601 τοῦ
298 1559 499 1614 βασιλέως
525 1558 641 1615 τύχη.
711 1563 777 1603 καὶ
805 1560 966 1615 ἐποίησε
987 1559 1212 1616 πρόκεσσον
1241 1560 1262 1604 ὃ
1283 1561 1475 1613 βασιλεὺς
1498 1561 1619 1604 Ἀνα-

153 1624 322 1676 στάσιος
341 1629 395 1677 εἷς
422 1627 470 1670 τὸ
501 1628 736 1680 Σωσθένιν,
779 1630 820 1671 ἐν
838 1632 896 1685 τῷ
923 1627 1154 1687 ἂρχαγγέλῳ
1175 1630 1349 1683 Μιχαὴλ
1372 1629 1619 1685 εὐχαριστῶν

155 1694 219 1736 ἐπὶ
243 1693 398 1752 ἡμέρας
417 1694 583 1746 πολλάς.
657 1694 678 1739 ὃ
711 1697 755 1738 δὲ
774 1694 1002 1754 φιλόσοφος
1020 1695 1213 1754 Πρόκλος
1243 1695 1264 1740 ὅ
1292 1697 1513 1753 Ἀθηναῖος
1548 1700 1614 1741 αῖ-

246 1805 281 1840 3.
305 1799 508 1849 εὖρέθεσαν
530 1805 600 1840 Ox·

155 1898 311 1940 ceptum,
343 1895 437 1940 quod
457 1908 479 1930 a
501 1895 709 1942 Philosopho
733 1900 939 1943 acceperat,
974 1898 1018 1932 (le
1040 1897 1186 1943 navigiis
1207 1898 1272 1933 hoc
1294 1898 1394 1933 modo
1418 1898 1617 1933 comburen-

155 1941 229 1983 dis,
262 1941 526 1986 vectoribusque
565 1942 839 1987 submergendis,
872 1943 1033 1980 militibus
1063 1944 1131 1979 suis
1160 1944 1380 1987 tradidisset,
1419 1944 1618 1979 ulteriorem

154 1987 340 2032 Trajectus
362 1987 474 2032 ripam
498 1987 610 2033 petit,
643 1988 849 2024 Vitalianum
872 2001 1102 2034 aggressurus.
1161 1991 1232 2025 Sed
1256 1994 1294 2024 et
1315 1990 1506 2024 Vitalianus
1531 2002 1618 2035 qun-

153 2044 221 2076 que
243 2032 379 2067 Marino
402 2045 474 2068 sese
500 2033 632 2068 obviam
657 2035 774 2077 dedit3
810 2037 1017 2082 propiusque
1045 2036 1116 2079 jam
1139 2048 1162 2070 a
1183 2048 1219 2071 se
1241 2035 1386 2070 invicem
1409 2036 1531 2070 classes
1555 2036 1618 2070 ab-

152 2078 315 2119 fuerunt,
346 2091 367 2113 e
388 2080 529 2123 regione
552 2079 692 2125 Templi
721 2081 759 2114 S.
785 2081 958 2124 Theclae,
993 2081 1084 2127 quod
1106 2081 1206 2127 Sycis
1229 2087 1301 2124 est,
1321 2083 1422 2127 juxta
1453 2082 1543 2115 sinus
1566 2081 1617 2116 lo-

153 2134 230 2159 cum
253 2124 313 2169 qui
336 2126 543 2170 Bython-ium
567 2125 704 2160 dicitur.
761 2127 830 2160 Ubi
856 2127 898 2160 ad
922 2128 1037 2162 horam
1062 2126 1132 2162 diei
1154 2127 1310 2169 tertiam,
1343 2127 1456 2162 navali
1488 2127 1619 2171 praelio

154 2170 349 2211 commisso,
374 2171 562 2216 derepente
588 2172 747 2216 Tyranni
769 2172 935 2207 Vitaliani
958 2173 1071 2207 classis
1093 2173 1329 2218 conflagrans,
1355 2185 1422 2207 una
1444 2183 1517 2206 cum
1542 2172 1618 2206 Go-

152 2215 310 2257 thorum,
342 2217 561 2258 Hunnorum,
597 2223 633 2252 et
663 2218 889 2261 Scytharum,
925 2230 1008 2263 quos
1037 2218 1103 2253 sibi
1126 2219 1341 2261 adsciverat,
1372 2217 1503 2262 copiis,
1536 2228 1617 2262 pro-

153 2261 260 2297 fundo
283 2262 369 2296 mari
392 2262 543 2297 demersa
567 2267 628 2297 est.
676 2264 869 2298 Vitalianus
891 2270 1006 2299 autem
1028 2264 1124 2310 ipse,
1150 2264 1278 2310 quique
1300 2265 1335 2298 in
1357 2263 1496 2308 reliquis
1519 2265 1620 2297 erant

153 2307 317 2349 navibus,
351 2307 489 2342 classem
523 2309 567 2342 ab
601 2308 736 2354 ignibus
768 2309 816 2344 sic
850 2311 1057 2355 absumptam
1087 2309 1264 2351 videntes3
1299 2310 1333 2343 in
1367 2309 1481 2353 fugam
1512 2308 1617 2350 versi,

154 2351 356 2397 Trajectum
377 2353 603 2398 repetierunt.
651 2354 805 2390 Marinus
826 2355 944 2401 itaque
968 2355 1076 2401 copiis
1097 2356 1274 2400 trajectis,
1309 2359 1480 2398 quotquot
1501 2365 1617 2388 eorum

153 2396 212 2442 qui
245 2410 266 2433 a
297 2398 462 2434 Vitaliani
493 2399 646 2445 partibus
677 2406 864 2443 steterant,
910 2402 1080 2446 Sycarum
1110 2402 1147 2436 in
1179 2401 1347 2435 suburbiis
1379 2400 1432 2433 vel
1465 2399 1617 2434 domibus

151 2441 302 2486 invenit,
330 2455 442 2479 omnes
475 2457 494 2479 e
525 2446 636 2480 medio
671 2446 829 2489 sustulit,
863 2447 1048 2482 insectatus
1083 2459 1140 2482 eos
1162 2458 1269 2491 usque
1299 2446 1343 2480 ad
1366 2446 1410 2479 D.
1435 2444 1617 2480 Mamantis

153 2489 329 2534 templum:
351 2490 425 2525 Ubi
447 2495 550 2525 nocte
569 2493 641 2536 jam
663 2491 865 2535 ingruente,
887 2492 962 2538 ipse
986 2504 1061 2527 cum
1085 2492 1192 2537 copiis
1214 2491 1280 2526 suis
1304 2491 1487 2526 consedens
1511 2501 1616 2527 excu-

154 2531 228 2568 bias
258 2536 391 2579 agebat.
449 2536 642 2571 Vitalianus
672 2536 808 2572 interim
832 2550 905 2572 cum
936 2538 1027 2580 suis,
1070 2538 1131 2583 qui
1162 2548 1203 2570 ex
1236 2537 1334 2571 clade
1363 2537 1616 2582 superfuerunt,

154 2578 305 2615 omnibus
325 2586 428 2616 noctu
453 2594 495 2616 ex
519 2583 686 2627 Trajectu
719 2584 828 2628 fugit,
861 2584 1020 2618 milliaria
1042 2595 1105 2629 per
1129 2587 1356 2626 cambonem
1379 2593 1426 2616 nx
1449 2593 1617 2616 emensus:

153 2623 241 2659 adeo
265 2631 305 2659 ut
326 2638 423 2662 mane
447 2628 598 2673 proximo
624 2628 790 2663 Vitaliani
819 2641 862 2663 ex
885 2629 1069 2671 militibus,
1102 2629 1147 2663 ad
1178 2618 1373 2662 ulteriorem
1394 2626 1523 2672 ripam,
1552 2638 1616 2680 nee

152 2681 237 2703 unus
269 2671 402 2715 quidem
435 2673 592 2709 inventus
625 2680 723 2709 esset.
782 2675 880 2709 Hanc
914 2687 998 2710 vero
1033 2673 1180 2719 Imperio
1214 2673 1395 2708 victoriam
1423 2671 1616 2708 conciliavit

151 2715 315 2750 Salvator
337 2717 491 2753 Christus
526 2723 562 2754 et
595 2720 749 2755 Fortuna
771 2720 1003 2766 Imperatoris.
1050 2719 1247 2754 Anastasius
1270 2718 1390 2773 itaque
1410 2719 1617 2764 Imperator,

150 2760 195 2795 ad
223 2762 437 2798 Sosthenium
470 2765 667 2800 Processum
700 2765 854 2808 faciens,
885 2766 921 2800 in
951 2765 1078 2810 templo
1110 2766 1149 2801 S.
1186 2764 1364 2799 Michaelis
1395 2762 1616 2808 Archangeli,

149 2807 281 2852 gratias
304 2807 401 2850 Deo,
435 2815 513 2856 per'
530 2810 646 2856 plures
669 2811 764 2854 dies,
799 2813 954 2848 solennes
976 2810 1106 2846 habuit.
1162 2810 1302 2846 Procius
1325 2813 1435 2846 antem
1458 2809 1616 2845 Philoso-
