1838 3230
595 163 1068 209 ANNOTATmNEs.
1463 168 1563 219 553

6 256 14 263 μ
101 279 170 320 vit.
227 278 379 320 Nomen
406 290 443 320 et
473 280 577 333 ipse,
621 277 678 318 ἀἆ
712 279 967 319 imitationem
981 279 1157 336 fratris,
1181 280 1372 320 ‘Asiatici
1401 284 1568 335 accepit,

101 338 199 391 quin
214 336 360 376 Asiam
378 338 550 388 υἱωνοῖς
576 334 821 390 sicutfrater
842 337 965 389 ipsius
982 338 1140 390 propter
1157 335 1348 394 Africam
1373 336 1562 378 domitam

100 390 331 450 Africanus
345 391 626 447 appellabatur.

211 461 314 513 Pag.
343 463 438 503 210.
481 459 546 502 14.
590 457 716 514 ἑαυτῷ
744 457 1118 514 παραχρησάμενος,
1157 460 1323 508 πιπίσας
1353 454 1559 512 ἆπέθανε]

100 514 231 572 ἐαυτῷ
260 512 593 570 παραχρήσασθαι
624 515 732 567 apud
766 523 968 568 nostrum,
1006 531 1103 570 pro,
1142 520 1292 558 Manus
1321 515 1398 555 sibi
1425 516 1560 572 infert,

99 577 350 626 usurpaturt‘
379 585 498 625 supra
516 568 764 626 ἆπεχρήσατο
798 572 936 612 eodem
963 587 1082 613 sensu
1105 573 1335 624 usurpavit,
1364 573 1406 611 in
1428 574 1562 612 Oeno-

98 642 163 679 ne,
192 629 344 668 Paridis
360 643 486 668 uxore
502 629 652 682 priore,
682 635 849 668 mortem
868 629 1012 681 laqueo
1033 630 1108 668 sibi
1125 630 1408 678 consciscente‚
1439 629 1560 683 ἕαυτη

100 681 350 740 ἆπεχρήσατο
380 682 541 741 ἀγχόνῃ.
586 686 656 724 lib.
677 685 715 727 5.
746 700 785 738 p.
805 690 879 729 77:
907 687 1050 725 deinde
1077 688 1264 736 πιπίσας,
1301 672 1561 726 subaudiend.

99 739 336 795 φᾶρμακονε
377 743 432 781 ita
461 743 627 794 Eutrop.
649 742 716 781 lib.
740 744 778 785 4.
807 753 843 781 et
875 758 960 782 cum
991 741 1204 782 tradendus
1231 753 1324 781 esset
1351 742 1560 794 Romanis,

96 811 279 837 venenum
302 797 400 837 bibit
416 808 486 839 etc.
511 799 620 851 quod
641 814 661 836 a
682 799 848 837 Paeanio
861 829 873 848 ‚
901 799 1086 851 Eutropii
1107 800 1260 838 Graeco
1281 799 1562 852 Melaphraste,

95 854 300 905 redditur,
331 851 547 908 φάρμακον
577 852 731 904 σπάσας
761 852 1024 909 ἀποθνήσκει.
1081 856 1286 909 Appianus
1317 863 1470 906 tamen,
1511 856 1562 896 de

95 910 180 952 Bel.
213 913 303 963 Syr.
327 911 558 951 Annibalem
590 914 649 951 ait·
671 927 692 950 a
716 913 928 962 flaminio,
958 912 1151 964 legatione
1183 913 1233 952 ob
1260 913 1375 951 aliam
1403 926 1562 952 causam

95 967 296 1020 fungente,
327 968 436 1020 apud.
458 969 647 1017 Prusiam,
677 968 885 1022 Bithyniae
902 983 1046 1020 regem,
1077 983 1230 1008 veneno
1249 969 1446 1009 sublatum
1465 970 1562 1009 fuis-

96 1037 154 1064 se.
210 1025 377 1072 πιπίσας
395 1039 504 1074 vero,
533 1040 555 1063 a
573 1026 731 1074 πιπίζω,
763 1026 870 1078 quod
896 1026 1109 1077 aliquando
1135 1026 1306 1076 dicitur,
1337 1040 1411 1078 pro
1444 1027 1562 1067 πιπί-

97 1093 192 1128 σκω,
217 1081 278 1120 11ῑὶ
295 1081 417 1131 tradit
431 1081 674 1133 Hesychius:
705 1084 890 1131 Πιπίζειυ
906 1083 1173 1135 καταμίμησιν
1191 1080 1297 1137 (lego
1319 1082 1561 1136 disjunctim,

95 1135 197 1177 κατὰ
216 1135 410 1192 μίμησιν)
431 1137 461 1191 ἦ
478 1137 580 1187 λέξις
598 1140 811 1192 πεποίηται
830 1142 900 1192 τῆς
919 1142 999 1180 τῶν
1022 1136 1172 1194 ὀρνέων
1199 1141 1355 1192 φωνῆς.
1384 1138 1562 1194 Λέγουσι

96 1191 141 1235 δὲ
155 1191 202 1235 vo*
220 1197 411 1244 ποτίζειν,
442 1191 473 1248 ἢ
489 1196 706 1236 πιπίσκειν.

209 1264 304 1316 Peg.
333 1265 431 1305 210.
461 1265 528 1306 21.
556 1266 707 1316 χρυσοῦ
724 1258 896 1303 τάλαντα
911 1261 1094 1317 τέσσαρα,
1123 1262 1193 1304 καὶ
1212 1259 1412 1317 ἀργυροῦ]
1443 1264 1558 1303 Pacis

94 1317 364 1368 conditiones,
394 1318 455 1357 uti
482 1321 619 1358 asserit
638 1321 855 1372 Eutropius
875 1319 943 1360 lib.
962 1320 1000 1360 4.
1020 1319 1095 1358 hae
1114 1321 1296 1370 suerunt3
1327 1329 1369 1359 ut
1389 1336 1443 1359 ex
1465 1319 1559 1360 Eu-

93 1388 192 1428 ropa
208 1385 243 1413 et
261 1374 367 1415 Asia
399 1372 674 1430 (Antiochus)
701 1375 908 1426 recederet,
939 1386 1055 1430 atque
1072 1377 1177 1415 intra
1205 1378 1374 1415 Taurum
1397 1393 1436 1415 se
1454 1392 1559 1416 con-

91 1431 252 1483 ϋηο-εις
289 1430 558 1471 Hannibalem
576 1434 851 1472 concitatorem
877 1430 969 1471 belli
990 1431 1154 1473 dederet.
1213 1434 1348 1472 Livius
1366 1440 1495 1472 tamen
1516 1449 1555 1472 x.

90 1487 214 1526 millia
234 1488 424 1527 talentum
442 1489 640 1528 Romanos
657 1489 705 1528 ab
728 1488 922 1528 Antiocho
941 1491 1113 1541 exegisse
1127 1490 1284 1529 scribit:
1314 1504 1431 1542 quem
1450 1490 1557 1532 vide.

202 1557 305 1608 Pag.
336 1559 431 1599 211.
461 1560 525 1599 11.
556 1555 623 1598 διοῖ
641 1555 712 1599 τᾶν
733 1555 944 1611 Καίσαρα]
975 1557 1059 1596 Imo
1083 1558 1268 1608 Tigranes
1286 1572 1307 1595 a
1327 1558 1559 1596 Ptolomaeo

18 1651 22 1659 ι
90 1611 133 1650 in
162 1610 402 1651 deditionem
426 1621 634 1665 acceptus,
676 1615 790 1665 longo
817 1621 908 1652 ante
937 1614 1115 1666 Pompeii
1145 1622 1183 1653 et
1200 1615 1374 1653 Caesaris
1401 1614 1560 1654 discor-

92 1667 210 1707 diam.
228 1715 231 1723 ¹
266 1669 415 1708 Verum
431 1669 623 1709 infinitum
642 1676 743 1710 esset
760 1670 946 1709 Auctoris
970 1671 1119 1710 Rerum
1138 1672 1407 1710 Romanorum
1426 1671 1560 1725 impe-

90 1725 222 1764 ritiam
239 1724 390 1777 ubique
418 1732 569 1766 notare.

206 1795 300 1845 Peg.
331 1796 426 1836 211.
459 1798 525 1838 18.
568 1789 831 1847 χαρισάμενος
851 1789 987 1842 αὐτοῖς
1008 1792 1157 1846 πολλοὶ]
1188 1795 1406 1847 Eutropius
1429 1795 1496 1834 lib.
1519 1799 1558 1839 6.

91 1848 142 1888 de
169 1849 358 1901 Pompeio
393 1849 444 1890 Μ.
502 1848 554 1888 Et
580 1867 667 1890 cum
687 1851 845 1889 venisset
874 1852 914 1889 in
935 1849 1116 1904 Syriam,
1147 1849 1364 1890 Seleuciam
1385 1853 1559 1891 vicinam

90 1904 332 1946 Antiochiae
351 1907 545 1945 civitatem
565 1906 741 1946 libertate
760 1905 942 1952 donavit,
975 1906 1082 1960 qnod
1103 1922 1226 1961 regem
1250 1909 1458 1960 Tigranem
1480 1923 1558 1947 non

91 1963 303 2015 recepisset.
373 1962 705 2003 Antiochensibus
738 1961 891 2002 obsides
918 1961 1140 2004 reddiditi
1164 1962 1409 2018 aliquantum
1440 1979 1559 2017 agro..

90 2033 174 2058 rum
196 2018 497 2072 Daphnensibus
514 2018 634 2068 dedit,
666 2033 742 2073 quo
758 2018 868 2059 locus
885 2018 941 2058 ibi
959 2021 1170 2073 spatiosior
1180 2021 1316 2075 fieret:
1344 2019 1558 2061 delectatus

89 2077 321 2115 amoenitate
339 2073 431 2123 loci,
460 2085 495 2114 et
516 2090 707 2130 aquarum
725 2074 986 2119 abundantia.

201 2141 306 2183 Ibid.
362 2138 507 2184 πεσότα
523 2141 597 2197 γάρ
615 2139 688 2196 ἦν]
722 2145 855 2193 „Puto
877 2143 1093 2184 Auctorem
1116 2144 1330 2197 scripsisse,
1360 2142 1552 2185 πεσόντα’

87 2200 223 2252 itaque
240 2213 405 2252 repone,
433 2197 564 2252 πεσὸν,
594 2200 772 2255 lapsum:
814 2198 912 2242 ὄντα
932 2202 1046 2253 enim,
1074 2215 1151 2255 pro
1174 2198 1218 2244 ὂν
1238 2202 1554 2255 frequentissime

87 2255 154 2296 hic
182 2257 367 2297 occurrit.

151 2327 158 2334 “
206 2317 302 2366 Pag.
332 2316 427 2355 211.
457 2316 525 2356 21.
569 2310 728 2355 ἐκάλεσε
748 2309 928 2367 Βύβλον,
959 2314 1016 2363 εἷς
1033 2311 1161 2368 ὄνομα
1187 2314 1339 2366 αὐτοῦ]
1368 2314 1552 2366 Byblum,

89 2370 399 2422 antiquissimam
417 2368 651 2410 Phoeniciae
681 2371 840 2421 urbem,
872 2385 893 2409 a
916 2373 1088 2410 Saturno
1109 2372 1305 2410 conditam
1325 2371 1464 2420 fuisse,
1494 2377 1551 2409 te-

90 2432 219 2465 statur
236 2426 460 2494 Stephanus
483 2426 532 2464 de
559 2429 644 2468 urb.
664 2425 834 2480 Βύβλος.
866 2425 982 2476 πόλις
1008 2430 1199 2479 Φοινίκης
1217 2425 1453 2482 οἷρχαιοτὰτη
1468 2443 1554 2467 πα-

89 2485 195 2531 σῶν,
224 2486 387 2536 Κρονου
418 2483 580 2535 κτίσμα
621 2485 869 2536 Byblumque
899 2484 1068 2534 dictam,
1108 2486 1171 2522 vel
1202 2499 1221 2522 a
1257 2484 1395 2536 Bybli‚
1426 2483 1553 2522 Mileti

89 2539 284 2578 Cretensis
300 2540 421 2590 Filia;
451 2546 532 2590 aut,
554 2540 596 2581 ἐκ
614 2545 687 2581 τοῦ
705 2537 837 2593 πάσης
859 2537 1024 2595 ἄρχαίοις
1047 2542 1188 2594 βίβλου
1209 2538 1394 2592 φυλακήν
1414 2536 1553 2580 οἷσινὲα

87 2595 133 2636 ἐν
151 2591 274 2650 ταύτῃ
292 2595 502 2647 γενέσθαι,
543 2596 592 2636 ob
614 2596 735 2637 libros
754 2613 884 2636 omnes
907 2600 1089 2651 antiquos
1108 2596 1251 2636 ibidem
1274 2597 1460 2635 tutissime
1476 2612 1552 2635 ser-

87 2661 223 2690 vatos.-
254 2658 323 2690 aut
351 2652 539 2704 denique,
569 2653 676 2709 quod
702 2652 799 2703 Isis,
835 2652 980 2693 Osirim
1013 2652 1178 2704 deflens,
1210 2652 1409 2692 Diadema
1438 2668 1551 2692 suum

89 2707 146 2746 ibi
175 2705 412 2761 deposuerit,·
454 2714 570 2751 τοῦτο
601 2711 644 2752 δὲ
663 2705 717 2765 ἦν
739 2711 895 2764 βιβλίον
909 2719 936 2750 .·’
964 2709 1039 2749 hoc
1060 2719 1187 2749 autem
1211 2708 1372 2750 Biblion
1392 2719 1495 2761 erat,
1526 2725 1551 2749 a

90 2762 217 2817 Byhlo
237 2763 408 2816 Aegypti
430 2771 504 2805 etc.

201 2819 300 2876 Pag·
329 2822 426 2865 212.
456 2825 495 2865 2.
533 2821 711 2878 φοβερὰν
729 2821 845 2875 ὄντα]
876 2826 959 2863 Scr.
991 2819 1053 2865 ὅν.
