1852 3236
335 247 388 272 xx
834 219 1284 267 PROLEGOMENA.

338 338 392 378 ris
410 337 488 376 huc
508 350 631 389 usque
655 350 796 392 parum
811 335 992 376 innotuit.
1051 335 1155 374 Viris
1183 335 1262 374 illis
1282 334 1498 388 praeclaris
1523 341 1562 374 et
1589 334 1786 374 eruditiss.

340 406 407 457 qui
424 405 464 443 in
482 404 562 443 hoc
575 404 794 442 studiorum
814 415 954 453 genere
973 401 1158 452 singulari
1171 402 1340 452 quodam
1359 402 1511 441 honore
1530 402 1786 450 emicuerunt,

345 470 431 511 Ger.
471 470 534 511 Jo.
577 470 718 510 Vossio
738 468 804 522 ¹),
836 467 938 508 Phil.
979 467 1165 506 Lahbaeo
1185 468 1254 521 ²),
1285 475 1324 507 et
1349 468 1476 508 Leoni
1510 467 1690 517 Allaria,
1714 468 1790 506 fuit

341 546 459 577 notus
486 537 644 576 nomine
670 543 806 574 tenus:
834 536 970 586 Neque
1001 534 1169 586 amplius
1195 549 1286 573 sane
1314 535 1363 574 de
1393 549 1439 574 eo
1459 541 1701 588 compertum
1718 533 1792 572 ha-

342 607 487 654 buere,
522 604 597 642 nisi
631 603 739 654 quod
764 602 869 640 illius
896 602 974 641 hoc
1002 601 1389 654 Chronographicum
1416 616 1517 654 opus
1545 601 1791 640 evolvissem,

345 670 562 711 doctissimi
580 670 637 707 illi
654 670 875 720 Nostrates,
905 669 972 721 qui
989 668 1031 706 in
1052 681 1138 706 eum
1161 681 1210 706 ex
1229 670 1407 721 professo
1423 668 1662 720 diligentiam
1683 680 1794 706 suam

346 746 385 777 et
410 737 539 776 studia
568 736 865 788 impenderunt,
894 732 1122 774 Edmundus
1154 733 1400 776 Chilmeadus
1434 742 1473 776 et
1500 734 1667 775 Ioannes
1696 732 1794 774 Gre-

344 819 488 856 gorza-5·

459 912 509 954 II.
566 914 699 952 Solent
727 919 883 952 nostrae
913 913 1036 963 gentis
1067 914 1307 966 Scriptores,
1339 928 1428 953 cum
1453 911 1640 954 Ioannem
1662 909 1796 953 Male-

349 981 429 1022 lam
450 994 499 1019 ex
517 980 786 1018 Bibliothecae
809 977 1052 1019 Bodleianae
1082 981 1161 1023 MS.
1193 981 1335 1020 Codice
1357 981 1579 1030 adducunt,
1609 981 1681 1019 sub
1705 980 1797 1019 sim-

349 1049 443 1101 plici
462 1048 579 1086 titulo
600 1045 764 1085 Joannis
786 1044 1049 1096 Antiocheni,
1080 1048 1193 1098 quasi
1219 1048 1352 1086 nullus
1377 1048 1478 1086 alius
1507 1053 1658 1087 extaret
1677 1046 1799 1087 Joan-

351 1131 416 1154 nes
446 1113 726 1161 Antiochenam,
757 1112 1093 1165 chronographus,
1123 1128 1212 1153 eum
1238 1128 1476 1154 memorare:
1506 1115 1562 1153 sic
1582 1115 1666 1155 Viri
1683 1127 1799 1167 prae-

353 1182 447 1222 dicti
472 1181 642 1227 eruditi,
675 1176 925 1218 Chilmeadus
945 1184 982 1216 et
1014 1177 1240 1232 Gregorius,
1271 1181 1329 1219 sic
1354 1177 1635 1238 Stanleius³)‚
1663 1170 1800 1233 Lang-

356 1249 508 1288 bainius
523 1247 591 1299 4),
622 1244 806 1285 Seldenus
823 1244 886 1295 ⁵),
925 1243 1140 1284 Pearsonus
1155 1246 1217 1297 ⁶),
1244 1246 1461 1299 Fellus⁷)‚-
1501 1248 1641 1287 eximia
1666 1247 1799 1286 Nomi·
1820 1297 1824 1302 .

354 1329 420 1355 na.
486 1316 692 1353 Caeterum
731 1318 882 1350 constat
910 1312 1039 1362 (quod
1076 1314 1184 1352 salvo
1212 1321 1409 1353 tantorum
1437 1315 1622 1354 Virorum
1646 1313 1800 1352 honore

357 1385 409 1421 sit
431 1382 604 1432 dictum)
634 1381 768 1432 plures
797 1379 891 1418 olim
925 1379 1097 1418 extitisse
1124 1379 1290 1420 Ioannes
1312 1381 1598 1431 Antiochenos‚
1630 1379 1800 1420 Chrono-

354 1447 546 1502 graphos,
592 1453 631 1485 et
665 1446 716 1503 ad
755 1444 863 1484 hunc
899 1459 1026 1497 usque
1070 1447 1196 1497 diem,
1234 1455 1396 1499 exparte
1432 1449 1568 1487 saltem
1602 1459 1803 1499 superesse

358 1516 497 1564 alium,
528 1514 597 1566 qui
624 1511 793 1553 Joannes
820 1511 1090 1552 Antiochenus
1123 1515 1356 1566 simpliciter
1383 1517 1490 1568 apud
1523 1521 1677 1554 veteres
1698 1514 1805 1551 Scri.

357 1588 492 1635 ptores
513 1581 650 1619 audire
670 1580 888 1629 consuevit,
909 1593 998 1617 cum
1015 1579 1182 1619 Joannes
1200 1588 1335 1620 noster
1348 1580 1502 1622 Malela
1518 1587 1586 1620 aut
1603 1593 1801 1632 nunquam

361 1654 430 1686 aut
450 1661 541 1686 raro
561 1648 644 1686 sine
667 1647 728 1685 sui
751 1647 996 1697 Cognominis
1013 1649 1230 1700 adjectione
1251 1654 1585 1688 commemoretur.
1639 1648 1802 1686 Notasse
1840 1690 1848 1694 ,

359 1714 438 1753 hoc
454 1720 638 1766 poterant
654 1713 737 1751 Viri
756 1713 815 1750 illi
843 1715 972 1764 magni
1001 1728 1052 1752 ex
1073 1715 1172 1767 Imp.
1196 1713 1439 1754 Constantini
1457 1714 1803 1768 Porphyrogenneti

360 1782 569 1833 praecitati
601 1780 859 1819 collectaneis
891 1779 938 1818 de
974 1778 1194 1819 Virtutibus
1231 1791 1266 1820 et
1296 1781 1442 1832 Vitas,
1481 1795 1580 1832 quae
1608 1780 1803 1820 Henricus

366 1846 567 1896 Valesius,
597 1847 706 1885 annis
728 1846 870 1885 abhinc
885 1848 1094 1899 plusquam
1116 1849 1183 1890 50.
1210 1848 1252 1886 in
1269 1848 1395 1887 lucem
1415 1848 1538 1887 edidit
1552 1849 1617 1899 ⁸):
1646 1849 1688 1886 in
1708 1861 1805 1899 quo-

362 1927 451 1951 rum
472 1913 675 1952 Prooemio
687 1943 698 1962 ‚
727 1914 797 1951 ubi
825 1921 1078 1953 recensentur
1102 1916 1321 1966 Scriptores
1349 1916 1407 1954 illi
1425 1929 1474 1954 ex
1491 1915 1632 1968 quibus
1653 1914 1806 1953 desum-

362 1985 431 2031 pta
457 1986 550 2017 sunt
568 1979 642 2018 ista
667 1981 883 2031 Excerpta,
913 1980 1079 2019 Joannes
1099 1979 1253 2021 Malela
1274 1981 1592 2036 Chronograpkus
1613 1996 1635 2020 a
1655 1981 1804 2021 Joanne

364 2044 610 2085 Antiocheno
642 2044 964 2098 Chronograpko,
1004 2048 1061 2085 sic
1093 2048 1213 2099 vulgo
1244 2049 1322 2087 dici
1359 2050 1496 2099 solito,
1533 2062 1714 2103 expresse
1742 2049 1804 2088 di-

366 2113 587 2164 stinguitur.
643 2111 739 2153 Εἰσὶ
759 2110 801 2152 δὲ
818 2111 861 2153 ἐκ
881 2114 960 2154 ταῖν
976 2112 1298 2168 ὑποτεταγμένων
1319 2119 1535 2171 χρονικῶν,’

413 2302 454 2345 ¹)
477 2301 520 2336 de
542 2301 631 2335 Hist.
657 2299 801 2335 Graecis
824 2299 882 2335 lib.
902 2299 937 2337 3.

410 2370 455 2413 ’)
479 2368 711 2403 Delineatione
734 2371 931 2415 Apparatus
954 2369 1126 2405 Historiae
1148 2370 1365 2417 Byzantinae.

412 2437 453 2481 ³)
477 2437 516 2471 In
540 2436 692 2472 Historia
714 2437 973 2483 Philosophiae,
995 2438 1145 2474 Thaletis
1167 2440 1250 2474 vita.

414 2505 456 2547 4)
479 2504 518 2538 In
539 2504 682 2538 Schedia
705 2504 810 2538 MSS.

415 2573 456 2615 ⁶)
482 2573 534 2606 De
558 2572 735 2617 Synedriis
757 2573 779 2607 1.
807 2574 837 2608 1.
861 2584 890 2606 c.
914 2573 945 2607 8.
970 2584 1002 2618 p.
1030 2575 1106 2608 122.

415 2638 455 2680 6)
480 2638 730 2683 Prolegomenis
752 2641 794 2675 ad
817 2640 1006 2675 Hieroclem
1026 2642 1275 2686 Philosophum.

415 2706 459 2748 ⁷)
483 2706 700 2741 Praefatione
731 2708 774 2741 ad
808 2707 990 2753 Theophili
1013 2708 1212 2745 Antiocheni
1235 2709 1411 2744 Librorum
1446 2707 1489 2743 ad
1514 2710 1710 2755 Autolycum
1734 2708 1805 2744 edi-

459 2761 579 2796 tionem
604 2763 841 2799 oxoniensem.

416 2817 456 2860 ξ’)
481 2819 542 2851 An.
569 2819 665 2854 1634.
