1838 3230
274 173 341 220 74
677 164 961 211 IOANNIS
989 166 1324 210 MALALAE

275 288 319 330 ἓν
346 290 398 344 τῇ
426 291 637 344 συγγραφῇ
670 283 811 341 ταύτῃ.
883 283 968 327 ἔστι
996 286 1040 328 δὲ
1066 284 1166 342 ἅπερ
1199 285 1360 337 ἐξέθετο
1385 284 1560 343 Ὀρφεῦς
1572 288 1721 331 ταῦτα.

276 354 337 399 ὅτι
356 357 398 406 ἐξ
416 355 543 412 ἀρχῆς
561 355 774 409 ἀνεδείχθη
794 356 852 410 τῷ
867 351 1001 412 χρόνῳ
1022 351 1043 397 ὅ
1066 355 1195 411 αἰθὴρ
1216 355 1293 397 ἀπὸ
1315 359 1388 397 τοῦ
1407 358 1509 397 θεοῦ
1527 355 1725 412 δημιουρ-ι

275 426 417 481 γηθείς
426 457 440 476 ,
478 425 543 466 καὶ
562 425 749 465 ἐντεῦθεν
769 421 954 464 κάκεῖθεν
976 426 1047 465 τοῦ
1069 424 1235 478 αἰθέρος
1255 418 1305 478 ἦν
1320 421 1446 477 χάος,
1482 423 1549 464 καὶ
1568 421 1641 473 νὺξ
1658 423 1725 475 ζο-

276 493 382 550 φερὰ
403 490 537 535 πάντα
559 497 711 544 κατεῖχε
733 492 800 532 καὶ
821 489 1016 533 ἐκάλυπτε
1039 490 1088 533 τὰ
1108 489 1188 534 ὑπὸ
1210 491 1279 534 τὸν
1309 492 1480 547 αἰθέρα,
1517 491 1725 546 σημαίνων

225 568 256 603 Β
279 561 353 617 τὴν
374 559 499 604 νύκτα
519 556 759 616 πρωτεύειν,
798 558 965 615 εἰρηκὼς
982 560 1022 602 ἔν
1041 564 1091 617 τῇ
1113 559 1239 602 αὐτοῦ
1261 560 1416 602 ἐκθέσει
1439 555 1758 614 ἇκατάληπτόν5

273 647 365 672 τινα
393 630 459 671 καὶ
486 625 648 670 πάντων
676 626 905 683 ὑπέρτατον
933 625 1053 680 εἶναι,
1092 630 1159 670 καὶ
1179 628 1487 684 προγενέστερον
1507 627 1551 670 δὲ
1567 629 1634 670 καὶ
1650 628 1726 682 δη-

272 696 465 753 μιουργὸν
496 694 687 739 ἁπάντων
720 697 786 737 καὶ
818 700 890 738 τοῦ
920 696 1088 753 αἰθέρος
1117 696 1243 739 αὐτοῦ
1275 698 1342 739 καὶ
1376 701 1450 752 τῆς
1485 695 1629 745 νυκτὸς
1658 696 1726 738 καὶ

149 771 183 805 O
206 772 252 806 90
274 764 408 820 πάσης
428 768 500 819 τῆς
518 762 598 807 ὕπὸ
618 764 689 807 τὸν
709 762 859 819 αἰθέρα
880 763 1004 819 οὔσης
1026 766 1092 806 καὶ
1113 765 1414 820 καλυπτομένης
1430 765 1617 813 κτίσεως·
1650 763 1726 818 τὴν

276 835 320 877 δὲ
343 838 417 890 γῆν
440 831 545 875 εἶπεν
564 831 643 874 ὑπὸ
671 837 744 875 τοῦ
766 830 939 883 σκότους
965 830 1143 889 ἀόρατον
1169 829 1318 876 οὖσαν·
1355 833 1506 890 ἔφρασε
1531 833 1575 875 δὲ
1595 829 1657 875 ὅτι
1676 830 1724 874 τό

275 907 364 960 φῶς
396 901 523 959 ῥῆξαν
551 901 622 943 τὸν
655 901 806 958 αἰθέρα
832 899 1002 958 ἐφώτισε
1030 901 1103 956 τὴν
1132 906 1206 957 γῆν
1234 903 1300 943 καὶ
1328 906 1465 943 πᾶσαν
1486 900 1559 956 τὴν
1583 900 1722 952 κτίσιν,
1737 911 1780 945 10

273 971 395 1014 εἰπών
418 971 539 1012 ἓκεΐνο
561 967 660 1012 εἶναι
680 969 725 1011 τὸ
747 974 837 1026 φῶς
862 969 907 1012 τὸ
930 969 1055 1027 ῥῆξαν
1075 970 1146 1012 τὸν
1167 970 1316 1026 αἰθέρα
1344 969 1392 1012 τὸ
1421 968 1721 1026 προειρημένον,

273 1040 321 1082 τὸ
343 1032 567 1095 ὗπέρτατον
587 1036 764 1090 πάντων,
802 1032 850 1080 οὗ
869 1037 999 1092 ὄνομα
1020 1036 1041 1081 ὃ
1061 1038 1184 1087 αὐτὸς
1199 1037 1374 1094 Ὀρφεὺς
1395 1035 1573 1087 ἀκούσας
1592 1038 1634 1078 ἐκ
1651 1039 1726 1091 τῆς

150 1119 183 1152 O
206 1119 249 1153 91
273 1109 465 1163 μαντείας
485 1107 624 1158 ἐξεῖπε,
647 1110 804 1159 Μῆτιν,
837 1104 1023 1161 Φάνητα,
1049 1107 1320 1162 Ἔρικεπαΐον·
1349 1104 1447 1159 ὅπερ
1467 1102 1726 1160 ἑρμηνεύεται

274 1181 325 1233 τῇ
355 1179 467 1232 κοινῇ
498 1172 661 1231 γλώσσῃ
694 1172 848 1229 βουλή,
880 1179 991 1231 φῶς,
1023 1173 1250 1231 ζωοδοτήρ·
1287 1173 1408 1217 εἰπὼν
1442 1175 1483 1216 ἐν
1517 1177 1568 1230 τῇ
1596 1171 1723 1214 αὐτοῦ

223 1252 255 1287 C
278 1245 434 1287 ἐκθέσει
457 1242 532 1292 τὰς
552 1242 678 1291 αὐτὰς
700 1249 806 1298 τρεῖς
825 1244 943 1292 θείας
965 1247 1046 1285 τῶν
1067 1242 1278 1296 ὀνομάτων
1300 1240 1488 1296 δυνάμεις
1505 1242 1604 1295 μίαν
1624 1238 1723 1283 εἶναι
1734 1250 1778 1286 15

277 1311 449 1367 δύναμιν
461 1313 534 1353 καὶ
553 1309 702 1366 κράτος
717 1315 790 1352 τοῦ
809 1309 936 1364 μόνου
961 1315 1084 1363 θεοῦ,
1116 1311 1162 1354 ὃν
1183 1311 1314 1360 οὐδεὶς
1333 1309 1434 1369 ὁρᾷ,
1471 1304 1633 1364 ἧστινος
1651 1310 1723 1350 δυ·-

273 1380 432 1436 νιὶμεως
459 1380 590 1428 οὐδεὶς
610 1377 780 1420 δύναται
802 1383 951 1434 γνῶναι
986 1379 1095 1421 ἰδέαν
1130 1378 1155 1434 ἢ
1187 1377 1332 1436 φύσιν·
1367 1378 1410 1429 ἐξ
1439 1377 1566 1432 αὐτῆς
1587 1377 1630 1419 δὲ
1650 1380 1724 1431 τῆς

273 1447 483 1502 δυνάμεως
504 1447 556 1490 τὰ
573 1445 705 1489 πάντα
726 1451 979 1502 γεγενῆσθαι,
1016 1449 1082 1489 καὶ
1107 1447 1236 1503 ἀρχὰς
1257 1444 1500 1500 ἀσωμάτους
1523 1446 1589 1488 καὶ
1610 1443 1723 1499 ἥλιον

272 1520 340 1561 καὶ
370 1514 562 1571 σελήνην,
600 1517 782 1566 ἔξουσίας
813 1517 879 1557 καὶ
902 1515 1033 1571 ἄστρα
1062 1514 1196 1558 πάντα
1218 1517 1284 1558 καὶ
1303 1519 1377 1570 γῆν
1399 1516 1466 1557 καὶ
1487 1511 1721 1565 θάλασσαν,

271 1586 325 1629 τὰ
345 1583 530 1643 ὁρώμενα
547 1584 588 1626 ἐν
608 1583 746 1633 αὐτοῖς
764 1581 896 1626 πάντα
913 1585 980 1626 καὶ
1001 1583 1051 1626 τὰ
1071 1582 1242 1641 ἀόρατα,
1313 1583 1360 1625 τὸ
1383 1583 1427 1625 δὲ
1449 1586 1531 1625 τῶν
1554 1578 1721 1638 ἄνθριῦ-
1732 1590 1778 1625 20

361 1683 398 1718 2.
436 1682 489 1728 τῷ
524 1678 665 1726 χρόνῳ]
709 1681 761 1727 τῷ
790 1677 913 1726 κόσμῳ
952 1679 1144 1723 cedrenus,
1186 1678 1296 1714 omisit
1328 1678 1452 1713 Suidas
1482 1689 1516 1712 v.
1548 1673 1720 1722 Ὀρφεύς.

362 1727 396 1762 4.
434 1726 558 1762 πάντα
581 1726 775 1766 cedrenus,
799 1726 941 1767 Suidas,
965 1724 1107 1766 πάντας
1132 1727 1199 1760 Ox.
1311 1726 1345 1760 5.
1377 1723 1591 1769 προτεύειν]
1623 1736 1723 1767 πρω-

360 1771 479 1808 τεύειν
496 1774 572 1815 (Ἅι,
595 1770 824 1819 προτερεύειν
847 1771 1020 1806 Cedrenus
1044 1777 1079 1806 et
1097 1772 1229 1805 Suidas.
1299 1773 1354 1807 11.
1376 1770 1445 1806 τόν
1462 1783 1499 1805 π.
1519 1771 1598 1810 ΟΧ.,
1621 1768 1663 1805 τὰ
1682 1781 1721 1804 π.

364 1819 549 1854 Cedrenus.
641 1819 696 1854 13.
743 1819 890 1862 Μῆτιν,
934 1817 1105 1863 Φάνητα,
1143 1814 1370 1861 Ἐρικεπαῖον
1405 1815 1577 1852 Bentleius
1616 1827 1652 1861 p.
1685 1816 1721 1850 2.

365 1864 416 1909 μή
442 1878 524 1900 τινα
548 1865 666 1907 φᾶναι
688 1862 735 1898 τὰ
760 1863 929 1908 ἑρικεπεώ
956 1864 1024 1898 Ox·
1118 1865 1172 1899 17.
1207 1863 1327 1899 εἰδέαν
1351 1863 1439 1904 Ox.,
1464 1861 1567 1897 ἰδέαν
1591 1861 1722 1895 Cedre-

363 1921 436 1944 nus.
548 1911 607 1944 20.
640 1909 682 1947 τὸ
708 1908 746 1945 δὲ
770 1908 834 1945 τὸν
858 1908 1061 1953 ἄνθρωπον
1084 1907 1205 1953 εἶπεν]
1238 1909 1443 1951 „cedrenus
1467 1908 1592 1949 habet,
1614 1905 1656 1941 τὸ
1681 1904 1721 1940 δὲ

363 1956 437 1991 τῶν
456 1953 666 2001 ἀνθρώπων
682 1956 784 2001 γένος
802 1955 902 1992 εἶπεν
920 1959 1014 1990 etc.“
1038 1956 1101 1989 Ch.
1150 1955 1251 1996 Quod
1270 1953 1414 1989 restitui.
1442 1953 1482 1988 V.
1501 1953 1544 1987 ad
1559 1964 1593 1998 p.
1609 1953 1662 1987 15.
1674 1951 1719 1985 D.

273 2058 388 2082 sensus
410 2057 494 2080 vero
518 2058 632 2081 eorum
655 2047 838 2083 istiusmodi
861 2050 922 2082 est.
968 2046 1061 2081 Dicit
1084 2047 1262 2091 Orpheus3
1287 2057 1309 2080 a
1330 2043 1498 2090 principio
1521 2042 1630 2078 Deum
1652 2043 1722 2078 Ae-

275 2094 376 2127 thera.
398 2092 605 2133 condidisse3
639 2093 819 2127 Aetherem
842 2099 953 2127 autern
976 2094 1089 2127 Chaos
1110 2092 1259 2136 undique
1281 2091 1439 2131 cinxisse3
1472 2090 1645 2124 obscuram
1667 2092 1721 2123 et-

275 2139 343 2172 iam
364 2137 542 2182 caliginem
557 2137 685 2179 omnia,
711 2150 799 2183 quae
822 2139 883 2172 sub
906 2139 1055 2173 Aethere
1077 2142 1198 2178 erant,
1219 2137 1450 2182 cooperuisse:
1473 2135 1550 2169 hinc
1571 2134 1721 2176 innuens,

275 2184 422 2219 Noctem
445 2195 514 2217 esse
538 2183 693 2228 priorem.
741 2184 884 2228 Insuper
915 2183 1008 2217 addit
1039 2184 1074 2217 in
1106 2182 1329 2227 Expositione
1351 2182 1431 2223 illa,
1469 2181 1645 2221 Quendam
1667 2192 1721 2214 es-

274 2242 312 2264 se
349 2233 530 2274 praeterea
563 2229 930 2274 Incomprehensibilem
972 2229 1186 2273 omnibusque
1226 2227 1435 2272 superiorem
1471 2238 1512 2260 ac
1553 2225 1720 2271 priorem3

278 2276 491 2318 omniumque
515 2274 739 2316 conditorem,
774 2280 843 2308 tam
860 2274 1020 2308 Aetheris
1041 2275 1166 2319 ipsius,
1191 2285 1289 2318 quam
1311 2273 1449 2314 Noctis,
1473 2272 1645 2316 totiusque
1666 2271 1721 2304 fa-

278 2321 394 2354 bricae
425 2320 534 2360 illius,
568 2331 655 2364 quae
687 2322 763 2356 sub·
782 2321 929 2354 Aethere
961 2320 1095 2364 sepulta
1121 2320 1272 2363 jacebat.
1317 2319 1460 2353 Terram
1489 2321 1601 2351 autem
1623 2316 1720 2357 dicit,

277 2367 339 2400 sub
362 2365 510 2400 tenebris
528 2364 726 2399 invisibilem
745 2365 908 2409 jacuisse:
945 2365 1069 2399 Lucem
1092 2376 1197 2406 vero,
1221 2364 1369 2398 Aethere
1386 2367 1569 2409 perrupto,
1593 2366 1719 2395 terram

277 2423 474 2456 omnemque
507 2410 599 2444 illam
632 2410 796 2445 fabricam
827 2409 1035 2445 illuminasse.
1081 2411 1205 2444 Lucem
1240 2415 1350 2444 autem
1372 2421 1443 2443 eam
1467 2409 1616 2441 Aethera
1639 2417 1720 2451 per-

277 2463 507 2502 rumpentem,
531 2456 628 2490 Illum
652 2468 744 2498 esse,
768 2467 864 2501 quem
888 2455 1038 2500 superius
1063 2455 1202 2489 diximus
1226 2455 1374 2490 omnibus
1396 2452 1602 2498 superiorem
1626 2463 1717 2485 esse:

274 2503 367 2546 cujus
389 2513 508 2536 nomen
526 2501 702 2546 Orpheus,
727 2513 769 2536 ex
792 2501 940 2535 Oraculo
965 2500 1125 2542 edoctus,
1148 2500 1273 2541 edixit,
1299 2500 1472 2533 Neminem
1495 2499 1597 2542 effari
1604 2510 1614 2530 .·
1639 2497 1719 2530 Eri-

274 2559 400 2591 cepeo:
443 2547 534 2593 quod
558 2548 696 2592 vulgari
718 2547 876 2582 idiomate
898 2547 1010 2590 signat
1033 2547 1145 2587 nobis,
1185 2545 1374 2586 consilium,
1412 2545 1559 2585 Lumen,
1597 2543 1720 2576 Vitae-

275 2594 437 2628 datorem.
483 2593 576 2632 Dicit
599 2603 711 2628 autem
733 2593 768 2627 in
791 2592 907 2626 eadem
924 2591 1155 2636 Expositione‚
1179 2594 1249 2624 tres
1271 2590 1343 2626 illas
1367 2589 1495 2624 divinas
1518 2591 1632 2623 horum
1657 2599 1718 2621 no-

275 2638 396 2671 minum
419 2639 592 2673 Potentias
614 2651 712 2674 unam
743 2650 814 2673 esse
842 2637 910 2671 vim
940 2641 976 2670 et
1006 2635 1164 2670 virtutem
1188 2634 1253 2669 Dei
1275 2635 1372 2669 unius
1394 2634 1591 2676 Invisibilis;
1625 2634 1719 2676 cujus

276 2683 457 2718 Potentiae
479 2696 574 2718 nemo
598 2696 742 2730 unquam
765 2682 896 2728 assequi
919 2681 1031 2727 potuit
1062 2685 1123 2715 aut
1152 2680 1266 2714 Ideam
1297 2686 1356 2714 aut
1383 2686 1556 2714 naturam:
1595 2690 1638 2713 ex
1660 2679 1719 2712 illa

275 2733 388 2762 autem
421 2729 529 2764 omnia
551 2730 769 2776 profluxisse,
805 2727 976 2773 Principia
1000 2738 1125 2772 nempe
1152 2726 1375 2771 incorporea,
1410 2726 1546 2767 Solem,
1578 2726 1717 2765 Lunam,

278 2773 491 2816 potestates,
514 2779 550 2809 et
571 2777 670 2811 Astra
694 2775 822 2817 omnia,
854 2777 978 2808 terram
1000 2772 1101 2814 item,
1125 2775 1162 2806 et
1184 2783 1295 2814 mare,
1321 2783 1409 2816 quae
1430 2771 1466 2805 in
1488 2771 1553 2805 illis
1573 2768 1719 2805 visibilia

276 2822 356 2853 sunt
392 2830 433 2854 ac
465 2820 648 2857 invisibilia
679 2821 799 2857 omnia.
846 2819 899 2856 De
921 2817 1064 2854 Homine
1096 2821 1206 2853 autem
1238 2817 1355 2852 eodem
1387 2817 1508 2859 modo,
1544 2828 1585 2851 ac
1607 2815 1718 2850 Moses
