1838 3230
0 779 11 824 :³¹

0 825 6 892 ξ

856 5 866 26 6

633 142 859 191 PROLEG
866 147 1088 193 OMENA.
1497 172 1603 201 Lxrx

125 271 167 304 et
201 271 333 304 certos
367 264 624 316 Consulatus,
669 279 768 318 quas
807 265 860 304 ad
884 266 983 305 alios
1009 279 1133 305 annos
1167 273 1206 306 et
1235 267 1333 306 alios
1363 269 1604 310 Consulatus

123 332 247 378 fuisse
274 333 503 374 referendas
530 347 581 372 ex
599 332 750 374 Nostro
781 334 871 386 quis
900 334 1017 373 facile
1047 335 1282 387 collegisset.
1341 336 1408 375 Sic
1431 340 1601 391 exempli

121 401 274 454 gratia,
307 415 407 455 quae
425 401 547 441 habet
566 400 710 441 Noster
739 402 788 442 de
818 402 929 441 urbis
947 403 1313 455 Constantinopolis
1337 406 1600 455 extractione,

119 483 167 510 ea
197 470 467 524 conjiciuntur
495 470 604 524 apud
637 469 829 511 Paschale
857 470 909 509 ad
927 470 1113 510 Ianuarii
1139 481 1175 509 et
1202 469 1306 510 Justi
1329 471 1599 525 Consulatum,

120 551 222 591 quae
243 544 377 578 tamen
397 555 419 578 a
436 540 580 578 Nostro
605 539 785 578 disertim
811 539 1042 578 referuntur
1062 538 1114 577 ad
1135 539 1393 579 Consulatum
1421 538 1598 581 Gallica-

118 607 162 645 ni
179 616 215 646 et
232 605 471 661 Symmachi.
531 607 603 646 His
626 607 751 657 adde,
782 607 891 659 quod
920 608 999 646 ista
1020 607 1205 646 Narratio
1227 621 1329 659 quae
1356 607 1526 648 habetur
1547 609 1597 648 de

119 671 218 724 Cyro
245 672 443 724 Patricio,
475 675 656 727 quamvis
686 675 776 714 aliis
816 676 858 714 in
891 675 1073 728 partibus
1108 689 1274 727 prorsus
1309 676 1444 716 eadem
1475 677 1595 716 verba

115 741 323 792 exhibeat,
355 758 376 782 a
399 741 628 783 Maleliana
651 750 781 783 tamen
803 744 842 783 in
868 743 1068 796 aliquibus
1094 744 1193 783 locis
1215 744 1463 795 longiuscule
1485 759 1594 784 rece-

114 809 186 851 dit.
244 811 310 850 Sic
329 812 470 865 plura,
500 811 608 864 apud
633 810 828 852 Paschale
852 826 969 864 quam
996 812 1035 850 in
1062 811 1210 851 Nostro
1232 813 1418 863 leguntur
1443 814 1492 853 de
1514 814 1593 854 isto

115 878 369 920 Tmaemotu
396 879 857 932 Constantinopolitano,
897 880 964 931 qui
998 881 1072 919 sub
1093 881 1260 933 imperio
1288 880 1503 920 Theodosii
1523 883 1591 921 Ju-

110 947 236 994 nioris
264 948 497 1001 accidebat,
525 956 564 988 et
595 949 637 987 in
666 949 739 986 ista
773 948 953 988 similiter
971 950 1207 989 Narratione
1229 962 1329 1000 quae
1351 948 1521 988 habetur
1540 951 1590 990 de

110 1015 274 1070 Oppido
294 1017 443 1057 Daras.
501 1018 558 1057 De
579 1017 656 1055 hac
672 1024 878 1069 praeterea
893 1018 1128 1057 Narratione
1147 1017 1460 1056 animadvertere
1481 1018 1587 1078 licet,

107 1083 190 1124 hoc
218 1086 338 1125 modo
366 1086 543 1138 incipere
579 1084 829 1138 periocham:
869 1087 937 1125 Οτι
965 1084 992 1126 o‘
1020 1084 1207 1140 βασιλεῦς
1230 1082 1483 1134 Αναστάσιος
1509 1092 1584 1125 etc.

107 1153 178 1192 ubi
206 1154 282 1194 ista
307 1153 525 1208 particula,
555 1150 640 1202 ὅτι,
675 1152 750 1207 (ut
777 1160 816 1193 et
841 1153 1004 1193 adnotat
1024 1152 1288 1208 Dufresnius)
1323 1155 1587 1206 liquidissimo

105 1221 270 1262 videtur
299 1222 594 1272 demonstrare,
624 1220 862 1275 descriptam
891 1223 1014 1262 fuisse
1046 1221 1278 1260 periocham
1310 1237 1360 1261 ex
1379 1221 1587 1262 Historia-

108 1306 192 1337 rum
227 1288 465 1332 Collectione
494 1291 646 1343 aliqua,
685 1304 785 1341 quae
815 1290 905 1329 loca
939 1305 988 1330 ex
1023 1289 1371 1343 Histoi-ingraphis
1397 1297 1584 1343 excerpta

106 1359 355 1399 continebat:
394 1359 524 1412 qualis
552 1365 613 1398 est
647 1357 836 1398 collectio
870 1355 1119 1398 Constantini
1140 1357 1382 1412 Porphyrog.
1414 1359 1514 1412 Imp.
1538 1357 1586 1396 de

108 1426 334 1467 Virtutibus
359 1437 395 1467 et
419 1427 467 1466 V
461 1428 564 1477 itiis,
595 1434 635 1466 et
651 1427 774 1466 altera
791 1426 861 1465 illa
884 1426 1063 1479 ejusdem
1084 1425 1131 1465 de
1152 1425 1459 1479 Legationibus‚·
1488 1441 1583 1479 qua-

101 1495 158 1534 lia
172 1502 266 1535 sunt
286 1495 403 1536 etiam
425 1497 675 1536 Collectanea
693 1494 890 1535 Photiana
913 1509 962 1534 ex
983 1493 1168 1534 Historia
1188 1492 1341 1534 Eccles.
1367 1493 1580 1536 Philostor-

98 1564 183 1617 gii,
212 1564 383 1618 aliisque
415 1565 694 1617 Antiquiorum
714 1563 912 1616 Operibus
942 1563 1051 1616 apud
1081 1563 1165 1616 ejus
1190 1561 1502 1614 Bibliothecam3
1534 1570 1581 1602 ut

103 1637 146 1672 et
166 1632 234 1672 illa
253 1632 468 1687 Nicephori
486 1632 644 1673 Callisti
665 1646 768 1685 quae
789 1631 987 1671 habentur
1008 1627 1107 1670 MS¹³
1128 1631 1237 1669 inter
1258 1631 1424 1670 Codices
1445 1630 1578 1671 Omon-

102 1699 257 1752 aliaque
294 1702 526 1754 complura:
564 1702 605 1741 in
641 1701 808 1753 quibus,
846 1700 1061 1753 praefixam
1089 1699 1347 1751 particulam,
1386 1696 1468 1750 ὅτι,
1496 1700 1578 1739 fere

102 1768 280 1820 singulae
300 1767 447 1808 habent
471 1769 692 1823 periochae.
751 1768 858 1807 Haec
884 1767 1041 1807 abunde
1067 1767 1268 1805 sufficiant
1294 1767 1576 1806 Narrationum

99 1836 303 1890 Exempla.
372 1836 485 1886 Quae
510 1837 587 1876 alia
612 1843 830 1877 occurrunt
846 1835 892 1888 ¹)
918 1837 1037 1890 plura
1065 1834 1309 1890 supersedeo
1335 1834 1402 1875 hic
1425 1835 1576 1875 descri-

189 2061 293 2109 tigit,
330 2062 753 2110 constantinopolitanus,
792 2066 863 2099 tum
895 2064 997 2099 etiam
1021 2063 1187 2100 Narratio
1219 2063 1288 2098 alia
1321 2061 1366 2097 de
1391 2062 1574 2096 Theodosii

188 2119 272 2166 Imp.
297 2125 427 2163 morte,
468 2133 555 2168 quae
586 2121 684 2156 annis
717 2122 860 2155 diversis
888 2121 1074 2168 contigisse
1105 2134 1172 2156 non
1205 2122 1349 2156 obscure
1378 2118 1573 2153 subindicat

187 2179 326 2213 Noster.
374 2179 540 2215 Narratio
573 2180 616 2214 de
649 2181 786 2215 Zenone
817 2181 901 2226 Imp.
934 2192 977 2214 ex
1016 2180 1146 2214 isauria
1165 2177 1489 2222 Constantinopolim
1512 2188 1570 2211 re—

187 2234 314 2270 deunte
331 2235 366 2270 in
387 2237 548 2272 Paschali
570 2237 751 2282 conjicitur
775 2237 819 2272 ad
838 2237 1058 2272 Consulatum
1078 2238 1152 2271 Illi.-
1182 2233 1314 2282 Τούτῳ
1337 2236 1390 2280 τῷ
1413 2234 1482 2270 ἔτει
1501 2238 1568 2268 etc·

187 2293 281 2339 quod
305 2299 418 2328 tamen
443 2306 464 2329 a
488 2296 613 2329 Nostro
648 2307 812 2342 expresse
843 2295 972 2330 dicitur
1003 2295 1189 2340 contigisse
1225 2294 1435 2328 Theoderico
1469 2291 1569 2335 (sive

188 2351 447 2397 Theodericho)
490 2352 715 2388 Consulatum
748 2357 914 2398 gerente,
963 2354 1059 2397 cujus
1090 2353 1297 2387 Consulatus
1325 2352 1427 2395 juxta
1459 2349 1569 2394 ipsum

189 2409 360 2445 Paschale
388 2410 426 2445 in
456 2416 588 2446 sextum
621 2415 702 2456 post
734 2423 855 2447 annum
889 2410 1044 2446 incurrit.
1102 2410 1162 2444 Sic
1191 2408 1356 2445 Narratio
1379 2407 1448 2441 ista
1478 2417 1568 2450 quae

183 2466 330 2502 habetur
354 2468 448 2514 apud
471 2472 669 2514 utrumque,
693 2469 738 2504 de
766 2470 910 2504 Tzathio
935 2469 1105 2503 Lazorum
1123 2468 1239 2513 Rege,
1264 2467 1413 2501 refertur
1435 2465 1470 2498 in
1496 2463 1567 2497 Pa-

183 2525 296 2559 schali
317 2526 361 2560 ad
384 2526 607 2561 Consulatum
633 2527 832 2572 Symmachi
853 2531 891 2562 et
914 2527 1053 2561 Boethii
1074 2524 1112 2561 ἐν
1136 2525 1258 2571 τούτῳ
1283 2527 1333 2572 τῷ
1356 2521 1478 2569 χρόνῳ
1497 2526 1564 2556 ete·

184 2592 260 2616 cum
290 2587 403 2618 tamen
426 2583 462 2618 in
498 2585 626 2619 Nostro
649 2584 765 2619 statim
789 2588 868 2619 ante
894 2584 1019 2618 mentio
1043 2585 1210 2618 habeatur
1234 2583 1441 2616 Consulatus
1469 2581 1566 2614 Vita-

183 2638 292 2682 liani,
326 2640 385 2686 qui
410 2652 484 2675 cum
510 2653 596 2676 anno
621 2646 702 2676 ante
725 2642 873 2676 seeundo
896 2643 987 2688 apud
1011 2643 1120 2688 ipsum
1146 2641 1316 2675 Pascbole
1339 2637 1562 2673 connectitur.

137 2695 178 2740 ¹)
204 2696 303 2738 Quae
323 2697 486 2743 leguntur
509 2699 553 2734 ad
575 2699 750 2745 imperium
773 2699 898 2734 Severi
921 2699 1013 2745 apud
1041 2700 1224 2733 chronicon
1249 2698 1417 2731 Paschale
1440 2695 1484 2730 de
1506 2705 1565 2729 ur·-

182 2754 226 2788 be
246 2754 432 2798 Byzantio,
455 2757 644 2802 Barbysio‚
670 2758 859 2800 Phedab'a,
891 2763 928 2793 et
951 2759 1104 2792 Fortuna
1127 2756 1234 2790 Urbis
1261 2757 1386 2797 Cerne,
1411 2752 1564 2800 quamvis

180 2810 357 2847 maximam
380 2818 510 2859 partem
534 2815 723 2850 habeantur
747 2816 840 2862 apud
860 2816 1023 2851 Nostrum
1048 2815 1188 2857 eadem,
1212 2813 1428 2849 desideratur
1451 2817 1564 2847 tamen
