1838 3230
386 139 1038 203 'cHRoNoGRAPHIA.
1096 154 1145 199 L.
1172 154 1226 199 x.
1447 156 1548 208 235
1582 167 1584 169 ’

84 277 287 336 θέατρον,
337 279 537 334 προσθεὶς
575 277 703 333 ἄλλην
740 275 869 332 ζώνην
902 276 1005 334 πρὸς
1043 280 1104 335 τῷ
1136 275 1220 332 ὄρει
1247 277 1314 318 καὶ
1339 272 1549 324 θυσιάσας

86 346 453 405 κόρηννπαρθένον
481 345 709 403 Ἀντιγόνην
738 343 932 401 ὀνόματι·
974 344 1076 389 ὅθεν
1108 345 1289 401 θέατρον
1325 343 1398 387 οὐκ
1425 341 1550 398 ἐπλή-

87 432 218 474 ρωσεν
236 419 292 467 εἰς
311 416 475 460 τέλειον.
526 415 689 471 Ιἔστησε
712 416 756 457 δὲ
777 412 912 458 ἐπάνω
933 418 1005 470 τῆς
1026 414 1267 469 ἀνατολικῆς
1285 411 1462 468 πόρτας,
1499 405 1551 468 ἧς

88 485 215 536 αὐτὸς
235 485 384 538 ἔκτισε,
423 481 576 540 στήλην
598 485 759 539 λιθίνην
781 488 832 541 τῇ
854 485 1021 540 λυκαίνῃ
1034 516 1045 536 ,
1084 481 1289 540 τρεφούσῃ
1311 482 1383 525 τὸν
1393 479 1550 535 Ῥῶμον

54 555 156 600 ὄκαὶ
184 553 257 597 τὸν
281 551 451 609 Ῥῆμον,
490 556 699 608 σημαίνων
729 550 929 606 Ῥωμαῖον
962 550 1060 595 εἶναι
1088 554 1238 606 κτίσμα
1270 555 1344 594 τοῦ
1374 567 1548 607 προστε-

85 622 237 673 θέντος
258 624 412 678 τείχους
442 627 494 680 τῇ
526 621 630 679 αὐτῇ
651 619 859 676 Ἀντιόχου
879 620 1006 664 πόλει.
1078 621 1204 664 ἔκτισε
1227 621 1272 664 δὲ
1291 622 1357 663 καὶ
1378 619 1549 663 ὄπισθεν

86 695 162 734 τοῦ
192 690 374 746 θεάτρου
411 691 517 747 ἱερὸν
553 695 627 734 τοῦ
657 688 813 741 Πανός.
885 694 1017 733 ταῦτα
1053 691 1098 733 δὲ
1125 692 1332 745 Δομνΐνος
1367 687 1389 733 ὃ
1420 688 1550 746 σοφὸς

80 758 366 818 χρονογράφος
391 761 567 811 ἐξέθετο.

179 850 337 895 Ἔκτισε
358 852 403 895 δὲ
432 850 453 895 ὅ
476 851 602 902 αὐτὸς
620 855 663 894 Τ
661 851 810 907 ιβίριος
834 851 875 893 ἓν
901 854 952 908 τῇ
977 849 1156 909 Ἰουδαία
1182 847 1300 910 χώρᾳ
1333 848 1446 906 παρὰ
1475 848 1548 904 τὴν
1571 862 1605 897 1>

33 920 232 976 Ιολίμνην
254 919 395 975 πόλιν,
432 919 574 977 ἥντινα
607 919 768 963 ἐκάλεσε
793 917 1040 976 Τιβεριάδα,
1079 917 1258 976 εὑρηκὼς
1286 919 1328 961 ἐν
1355 922 1414 977 τῷ
1437 915 1549 976 τόπῳ

86 987 221 1032 ὕδατα
251 987 414 1044 θερμά,
451 991 591 1040 κτίσας
612 994 662 1047 τῇ
690 987 802 1032 πόλει
832 990 898 1031 καὶ
927 985 1123 1043 δημόσιον
1150 987 1323 1044 λουτρὸν
1356 986 1415 1042 μὴ
1447 984 1551 1029 ὖπο-

87 1055 324 1113 καιόμενον,
369 1058 456 1101 ἀλλ’
493 1059 536 1109 ἐξ
568 1058 704 1101 αὐτῶν
732 1062 815 1100 τῶν
838 1061 1007 1114 θερμῶν
1039 1056 1269 1111 παρέχοντα
1302 1056 1375 1112 τὴν
1404 1060 1553 1113 χρῆσιν

86 1130 139 1183 τῇ
156 1124 282 1171 πόλει.
354 1127 514 1183 ἐποίησε
535 1127 578 1170 δὲ
600 1128 666 1170 καὶ
685 1126 759 1183 τὴν
777 1127 1078 1169 Καππαδοκίαν
1094 1123 1174 1168 ὑπὸ
1198 1123 1424 1181 Ῥωμαίους
1443 1124 1548 1181 μετὰ
1571 1135 1604 1170 O
1626 1133 1697 1173 304

86 1195 162 1250 τὴν
181 1195 369 1252 τελευτὴν
379 1194 598 1251 Ἀρχελάου
619 1201 692 1239 τοῦ
714 1193 921 1252 τοπάρχου
942 1194 1079 1249 αὐτῆς.
1199 1193 1202 1196 “

35 1291 78 1327 15
187 1287 254 1331 Ἐν
274 1289 319 1331 δὲ
348 1295 433 1338 τοῖς
452 1285 616 1344 χρόνοις
643 1290 718 1330 τοῦ
747 1286 874 1329 αὐτοῦ
907 1287 1100 1341 Τιβερίου
1136 1285 1375 1343 ἐμπρησμὸς
1399 1286 1549 1342 ἐγένετο

87 1357 131 1399 ἓν
154 1355 374 1416 Ἀντιοχείᾳ
399 1361 474 1412 τῆς
494 1357 648 1412 Συρίας
681 1359 739 1414 τῷ
772 1353 835 1409 οβ’
870 1354 945 1397 ξ’τει
975 1359 1050 1410 τῆς
1080 1354 1328 1410 αὐτονομίας
1351 1355 1478 1411 αὐτῆς
1508 1356 1550 1397 ἓν

87 1426 226 1479 νυκτί,
262 1425 424 1482 ἀδήλως
446 1423 604 1476 καύσας
621 1424 668 1467 τὸ
700 1424 821 1467 πλέον
847 1424 972 1480 μέρος
991 1428 1064 1479 τῆς
1089 1423 1242 1481 ἀγορᾶς
1275 1427 1342 1468 καὶ
1370 1424 1417 1467 τὸ
1447 1429 1550 1478 βου-

87 1492 299 1550 λευτήριον
328 1497 393 1537 καὶ
415 1494 461 1537 τὸ
492 1494 599 1550 ἱερὸν
627 1498 710 1537 τῶν
738 1495 930 1537 Μουσῶν
963 1493 1012 1536 τὸ
1044 1495 1211 1557 κτισθὲν
1238 1491 1318 1537 ὕπὸ
1340 1492 1549 1548 Ἀντιόχου

87 1567 162 1606 τοῦ
204 1562 490 1617 Φιλοπάτορος
525 1564 569 1606 ἐκ
610 1567 693 1606 τῶν
729 1562 936 1604 ἔαθέντων
957 1561 1183 1618 χρημάτων
1211 1563 1315 1605 κατὰ
1347 1561 1552 1617 διαθήκας

32 1629 168 1675 2οὗπό
201 1631 413 1689 Μάρωνος
437 1631 692 1687 Ἀντιοχέως,
739 1628 1055 1685 μετοικήσαντος
1090 1633 1145 1681 εἷς
1180 1631 1253 1680 τὰς
1275 1629 1456 1686 Ἀθήνας
1482 1632 1549 1672 καὶ
1571 1640 1605 1675 Ε

87 1690 351 1751 κελεύσαντος
377 1698 470 1744 τότε
505 1701 548 1743 ἐκ
580 1704 663 1743 τῶν
695 1699 822 1742 αὐτοῦ
850 1703 1070 1755 κτισθῆναι
1097 1699 1144 1743 τὸ
1175 1704 1258 1742 τῶν
1278 1702 1468 1743 Μουσῶν
1498 1699 1553 1742 ἱε-

178 1843 214 1878 2.
240 1840 355 1888 ὅθεν]
377 1843 506 1887 „Lego
529 1839 657 1887 ὅπερ.“
680 1841 743 1875 Ch.
844 1841 898 1876 19.
923 1838 962 1876 ἐκ
984 1842 1058 1876 τοῖν
1081 1839 1195 1877 gaesus
1216 1839 1433 1887 χρημάτων]
1457 1841 1548 1883 „Ita

179 1887 286 1923 habet
308 1889 395 1926 eod.
420 1890 498 1923 MS.
520 1900 637 1924 verum
660 1885 846 1928 Librarius,
866 1892 1011 1922 mentem
1034 1889 1162 1923 habens
1185 1887 1220 1921 in
1241 1888 1313 1922 aliis
1337 1893 1546 1932 occupatam,

181 1935 382 1970 vocabulum
405 1937 471 1970 hoc
494 1935 612 1971 ultima
634 1933 768 1978 syllaba
790 1933 977 1968 mutilavit=
999 1934 1111 1970 scribe
1133 1933 1361 1971 ἐαθέντιον.“
1384 1934 1448 1969 Ch.

89 2057 209 2106 priori,
231 2070 342 2106 prope
363 2061 528 2102 montem,
552 2058 699 2103 adjecit3
723 2059 892 2094 immolata
913 2058 1014 2095 etiam
1035 2058 1181 2104 virgine,
1203 2057 1335 2094 nomine
1357 2057 1548 2103 Antigone=

90 2105 182 2150 quod
198 2105 333 2151 quidem
350 2117 433 2151 opus
452 2107 496 2140 ad
513 2105 637 2141 exitum
657 2118 724 2140 non
739 2106 910 2152 perduxit.
935 2107 1062 2140 Portae
1081 2106 1182 2140 etiam
1201 2105 1384 2146 Orientali,
1401 2116 1421 2139 a
1437 2117 1473 2139 se
1489 2117 1549 2139 ex-

87 2154 234 2194 tructae,
257 2158 402 2187 statuam
423 2152 683 2198 superimposuit
705 2153 872 2198 lapideam
895 2153 1025 2198 Lupae,
1048 2152 1183 2186 Romuli
1206 2155 1242 2186 et
1263 2151 1361 2185 Remi
1384 2151 1548 2192 nutrici„

90 2208 210 2243 nempe
227 2198 276 2232 sic
298 2210 388 2234 nova
411 2199 471 2233 illa
494 2199 586 2233 urbis
609 2199 740 2233 moenia
759 2199 943 2232 Romanum
967 2210 1050 2244 opus
1073 2197 1188 2240 fuisse,
1210 2197 1412 2242 significans.
1437 2197 1549 2231 Prae-

91 2247 191 2279 terea
214 2245 315 2279 etiam
340 2244 424 2279 Pani
447 2244 605 2291 templum
631 2245 803 2286 extruxit,
834 2245 1021 2279 Theatrum
1045 2256 1064 2279 a
1087 2250 1186 2288 tergo
1210 2243 1405 2290 respiciens.
1451 2243 1548 2277 Haec

91 2299 174 2324 vero
195 2289 399 2333 Domninus,
420 2290 554 2337 sapiens
576 2291 883 2336 Chronographus‚
906 2290 1014 2325 literis
1035 2289 1197 2337 prodidit.

181 2357 222 2392 In
243 2358 374 2394 Judaea
397 2359 499 2395 etiam
529 2359 690 2395 Tiberius
713 2361 830 2395 urbem
854 2370 963 2405 prope
985 2359 1133 2400 Lacum,
1167 2357 1338 2400 extruxit,
1362 2369 1462 2403 quam
1485 2357 1552 2392 Ti-

92 2401 265 2438 beriadem
286 2406 437 2441 vocavit.
483 2407 598 2452 Aquas
618 2418 701 2441 vero
726 2405 852 2440 calidas
875 2405 924 2439 ibi
946 2405 1138 2446 inveniens,
1175 2404 1338 2439 Balneum
1362 2405 1464 2438 etiam
1486 2415 1551 2449 pu-

90 2448 214 2484 blicum
245 2451 422 2493 extruxit,
470 2453 561 2496 quod
584 2458 708 2486 natura
743 2463 801 2486 sua
825 2452 1049 2486 Thermarum
1081 2462 1174 2484 usum
1197 2450 1275 2484 urbi
1309 2449 1552 2495 suppeditavit.

92 2495 258 2530 Archelao
282 2503 392 2531 autem
415 2497 495 2532 fatis
518 2498 694 2541 defuncto,
720 2497 879 2533 Tiberius
902 2496 1179 2544 Cappadociam,
1203 2496 1275 2541 ejus
1296 2507 1457 2541 regnum,
1479 2495 1552 2530 Ro-

90 2551 189 2576 mano
213 2540 338 2586 adjecit
357 2543 514 2590 imperio.

185 2608 319 2643 Tiberii
342 2611 438 2656 hujus
455 2611 661 2658 temporibus
685 2623 771 2646 anno
794 2611 887 2646 urbis
906 2611 957 2646 sui
976 2610 1062 2656 juris
1083 2612 1200 2646 factae
1222 2620 1340 2651 Lxxn,
1363 2607 1553 2644 incendium

92 2653 221 2689 accidit
243 2654 442 2691 Antiochiae
464 2658 608 2702 Syriae,
648 2658 739 2703 quod
762 2669 824 2704 per
847 2657 1015 2692 silentium
1050 2657 1159 2692 noctis
1183 2657 1343 2700 majorem
1365 2655 1448 2689 Fori
1470 2666 1553 2701 par-

92 2703 182 2742 tem,
206 2704 242 2734 et
268 2701 468 2738 Senaculum
490 2704 682 2739 consumsit.
730 2703 996 2749 conflagrarunt
1019 2704 1121 2738 etiam
1145 2714 1185 2736 eo
1208 2708 1360 2747 tempore
1383 2701 1554 2736 Musarum

94 2746 215 2787 aedes,
239 2757 326 2791 quas
349 2752 545 2784 extruxerat
567 2750 754 2785 Antiochus
769 2750 991 2795 Philopator,
1014 2761 1057 2784 ex
1080 2747 1232 2794 pecuniis
1253 2759 1335 2793 quas
1356 2746 1392 2781 in
1414 2747 1478 2781 hoc
1499 2749 1554 2781 te-

93 2795 260 2826 stamento
283 2804 344 2826 suo
366 2793 541 2838 legaverat
562 2796 662 2831 Maro
687 2795 822 2840 quidam
845 2795 1091 2829 Antiochenus:
1135 2793 1214 2838 qui,
1249 2792 1385 2828 mutatis
1406 2792 1552 2834 sedibus,

95 2839 246 2872 Athenas
281 2838 518 2884 commigrans,
557 2852 599 2875 ex
630 2841 853 2876 facultatibus
880 2841 945 2875 suis
969 2841 1143 2875 Musarum
1177 2839 1339 2885 templum
1362 2842 1399 2873 et
1420 2837 1553 2874 Biblio-
