1838 3230
441 153 1052 207 CHRONOGRAPHIA.
1108 114 1244 198 Lssv.
1375 126 1381 133 ’
1480 155 1579 203 127

107 282 390 337 ἐπιδιώξαντες
408 280 523 339 παρὰ
546 279 595 324 τὸ
613 285 744 334 τεῖχος
768 276 973 332 κτείνομεν
984 309 998 330 ,
1037 271 1311 330 ἄποσχόμενοι
1331 275 1414 316 τῶν
1433 288 1576 329 γυναι-

108 359 191 398 κῶν
218 350 470 409 Ἀμαζόνων,
508 348 675 398 ἅστινας
708 345 730 390 ὃ
759 346 936 403 στρατὸς
962 344 1072 396 ἅπας
1099 341 1326 399 δεσμεύσας
1345 342 1574 398 ἐμερίσατο.
1601 350 1634 386 O
1660 351 1724 387 161

108 428 185 479 τῆς
195 423 240 466 δὲ
250 420 543 469 Πενθεσιλείας
560 417 619 461 ἔτι
637 414 887 472 ἔμπνεούσης
904 414 1036 470 βουλὴ
1054 411 1152 470 ἡμῖν
1171 413 1311 468 ἐνέστη
1328 410 1432 455 ὥστε
1445 412 1578 463 ζῶσαν

109 494 166 542 εἷς
185 491 257 536 τὸν
275 490 462 546 ποταμὸν
482 484 695 546 ῥιφῆναιῆ
721 487 836 528 κυσὶν
858 487 914 535 εἷς
939 488 1095 540 βρῶσιν
1123 483 1438 539 παραδοθῆναι·
1473 477 1495 524 ὃ
1531 481 1578 523 δὲ

76 560 307 616 suzanno,-
335 559 425 618 ᾔτει·
445 556 556 614 ἡμᾶς
583 558 798 599 θανοῦσαν
826 557 1029 611 ταφῆναι·
1067 554 1134 595 καὶ
1168 549 1316 608 γνόντα
1351 549 1404 593 τὰ
1431 547 1575 606 πλήθη

107 628 326 687 ἐφώνησαν
344 630 400 678 εἷς
416 626 488 670 τὸν
506 624 693 679 ποταμὸν
712 624 892 681 ῥιφῆναι.
949 623 1015 664 καὶ
1036 621 1191 671 εὐθέως
1209 618 1229 664 ὅ
1252 617 1469 675 Διομήδης
1487 620 1575 661 ἐπι-

107 696 337 753 λαβόμενος
351 696 480 752 αὐτῆς
495 699 580 738 τῶν
594 695 734 736 ποδῶν
755 695 810 742 εἰς
826 691 898 736 τὸν
915 689 1191 748 Σκάμανδρον
1208 688 1392 744 ποταμὸν
1412 686 1553 741 βάλλει
1565 701 1576 712 ·

106 769 176 811 καὶ
193 763 363 822 θνήσκει
381 767 646 821 παραχρῆμα.

210 834 337 880 Μετὰ
365 835 410 877 δὲ
438 833 575 889 ὀλίγας
594 829 749 887 ἡμέρας
767 828 788 874 ὃ
812 827 958 873 Τιθών
974 845 1036 879 τις
1057 824 1226 882 ὀνόματι
1241 823 1322 870 ὕπὸ
1342 830 1417 869 τοῦ
1436 822 1576 882 Πριά-

55 911 101 946 10
109 923 192 962 μου
217 904 502 961 παρακληθεὶς
518 900 796 957 παραγίνεται,
824 898 933 955 ἄγων
952 897 1105 948 Ἰνδοὺς
1126 898 1327 954 ἐφίππους
1346 896 1412 938 καὶ
1437 895 1580 948 πεζοὺς

108 976 176 1018 καὶ
201 975 397 1023 Φοίνικας
421 968 739 1027 μαχιμωτάτους
764 967 850 1023 μετ’
887 967 1024 1010 αὐτῶν
1053 967 1120 1009 καὶ
1149 965 1222 1008 τὸν
1246 964 1419 1020 βασιλέα
1441 963 1578 1007 αὐτῶν

107 1041 436 1097 Πολυδάμαντα.
507 1041 575 1082 καὶ
594 1042 794 1082 τοσοῦτον
810 1035 966 1093 ὑπῆρχε
986 1039 1149 1091 πλῆθος
1168 1033 1266 1077 ὅσον
1285 1032 1378 1076 οὔτε
1396 1032 1443 1076 τὸ
1456 1032 1579 1076 Ἴλιον

110 1111 204 1156 οὕτε
229 1101 285 1155 τὸ
302 1108 481 1154 δάπεδον
504 1107 616 1151 ἅπαν
636 1107 806 1162 ἐδέχετο.
877 1107 945 1148 καὶ
966 1104 1034 1147 διὰ
1060 1108 1251 1147 ναυτικοῦ
1274 1101 1422 1146 στόλου
1440 1098 1576 1158 ἦλθον

109 1181 253 1224 πολλοὶ
276 1180 398 1223 Ἰνδοὶ
424 1180 491 1222 καὶ
520 1177 559 1220 οἱ
587 1176 724 1220 αὐτῶν
749 1178 951 1230 βασιλεῖς·
987 1174 1227 1231 ἔδιῳκοῦντο
1258 1173 1303 1215 δὲ
1329 1169 1576 1227 τασσόμενοι

53 1257 97 1292 15
108 1247 255 1300 πάντες
284 1249 324 1292 οἱ
350 1251 532 1303 βασιλεῖς
554 1247 621 1290 καὶ
643 1249 725 1294 πᾶς
745 1242 767 1288 ὅ
787 1242 966 1300 στρατὸς
989 1241 1070 1285 ὑπὸ
1096 1246 1170 1285 τοῦ
1203 1244 1380 1285 δυνατοῦ
1399 1242 1577 1296 Μέμνο-

105 1335 199 1373 νος,
233 1317 435 1371 βασιλέως
448 1316 599 1359 Ἰνδῶν.
668 1312 745 1369 εἶχε
763 1314 807 1356 δὲ
827 1310 847 1356 ὅ
867 1311 1052 1367 Μέμνων
1071 1311 1166 1366 μεθ’
1191 1309 1340 1354 ἑαυτοῦ
1361 1312 1428 1353 καὶ
1446 1314 1578 1354 πλοῦ-

105 1405 180 1432 τον
197 1387 326 1431 πολὺν
349 1388 406 1436 εἲς
425 1385 501 1435 τὰς
520 1388 633 1434 ναῦς.
704 1384 771 1426 καὶ
793 1379 1102 1431 ἀναπαύσαντες
1125 1379 1297 1430 ἔαυτούς
1320 1381 1497 1435 ἐξῆλθον
1520 1382 1577 1431 εἷς

106 1457 156 1501 τό
176 1455 379 1508 δάπεδον,
416 1455 512 1511 ξίφη
531 1450 739 1510 παράξενα
758 1455 981 1510 φοροῦντες
997 1452 1064 1493 καὶ
1085 1447 1345 1507 σφενδοβόλα
1363 1450 1431 1491 καὶ
1453 1448 1577 1492 ἀσπί-

108 1528 186 1576 δας
211 1522 504 1582 τετραγώνους.
575 1523 641 1565 καὶ
667 1521 743 1564 σὺν
766 1520 905 1571 αὐτοῖς
922 1520 1102 1576 μιγέντες
1121 1520 1159 1561 οἳ
1177 1523 1250 1562 τοῦ
1268 1519 1388 1561 Ἰλίου
1408 1516 1577 1572 σύμμα-

52 1600 100 1635 20
105 1613 172 1652 χοι
194 1596 262 1638 καὶ
281 1594 319 1638 οἳ
337 1590 534 1650 Πριάμου
564 1593 707 1641 παῖδες
740 1591 807 1633 καὶ
837 1587 857 1633 ὃ
877 1590 1063 1644 Μέμνων
1091 1583 1220 1644 ἦλθεν
1240 1589 1281 1630 ἓν
1302 1586 1455 1643 ἅρματι
1481 1587 1577 1629 ἐπο-

105 1661 306 1719 χούμενος
333 1664 390 1712 εἷς
422 1661 470 1704 τὸ
502 1661 652 1703 πεδίον.
724 1657 987 1708 ὁπλισθέντες
1013 1658 1058 1700 δὲ
1090 1659 1156 1699 καὶ
1184 1655 1298 1712 ἡμεῖς
1329 1656 1367 1698 οἳ
1388 1654 1577 1710 Ἕλληνες

108 1729 429 1790 προηρχόμεθα,
467 1727 602 1772 πάντα
634 1730 774 1778 δεινῶς
805 1726 987 1782 ἔχοντες·
1022 1723 1177 1776 ἰδόντες
1203 1726 1282 1783 γὰρ
1312 1725 1381 1767 καὶ
1399 1722 1515 1780 ἡμεῖς
1537 1724 1576 1768 οἱ

200 1841 236 1877 5.
266 1837 401 1886 γνόντα
422 1839 505 1882 ch„
540 1835 685 1883 γνόντα
707 1838 775 1872 Ox.
871 1838 926 1873 12.
958 1834 1064 1881 οὔτε]
1096 1832 1185 1871 οὐδὲ
1210 1835 1278 1870 Ox-
1373 1836 1428 1870 18.
1464 1845 1575 1882 σφεν-

199 1886 339 1936 δόβολα
361 1887 430 1922 Ox.
524 1887 578 1923 19.
602 1882 781 1929 ,,Ἰλείου]
806 1883 881 1918 Scr.
905 1881 1052 1920 Ἰλίου-6·
1075 1883 1141 1917 Ch.
1189 1881 1250 1916 Sic
1272 1880 1340 1916 iam
1363 1882 1431 1916 Ox.

109 1980 271 2026 reliquias
293 1978 458 2021 insecuti,
481 1978 543 2014 sub
565 1976 646 2024 ipsis
669 1976 761 2012 urbis
784 1975 956 2011 moenibus
978 1974 1242 2017 trucidavimus3
1279 1975 1323 2009 ab
1347 1973 1572 2010 Amazonibus

107 2026 243 2062 interim
266 2026 496 2067 abstinentes3
537 2036 640 2070 quas,
666 2023 702 2058 in
725 2023 863 2058 vincula
886 2023 1078 2068 conjectas,
1103 2021 1270 2057 exercitus
1294 2020 1399 2055 omnis
1420 2020 1511 2055 inter
1534 2033 1572 2056 se

109 2072 236 2109 divisit.
281 2071 336 2106 De
358 2071 576 2106 Penthesilea
606 2074 719 2105 autem
741 2069 817 2115 ipsa
839 2069 1022 2104 anhelante
1053 2067 1184 2111 adhuc,
1222 2068 1397 2102 decretum
1429 2079 1450 2101 a
1472 2068 1572 2102 nobis

108 2123 206 2162 erat,
240 2118 293 2153 uti
314 2118 372 2154 vel
392 2117 428 2152 in
451 2116 575 2151 flumen
597 2116 844 2162 projiceretur;
878 2115 935 2150 vel
957 2114 1150 2150 dilanianda
1168 2114 1320 2149 vcanibus
1342 2113 1568 2158 objicereturz

109 2165 292 2201 Caeterum
314 2164 510 2211 postulabat
533 2163 699 2204 Achilles,
725 2167 890 2197 mortuam
912 2161 1108 2206 sepulturae
1130 2161 1244 2196 tradi:
1277 2172 1346 2206 quo
1371 2159 1510 2202 audito,
1533 2158 1569 2193 in

107 2211 232 2246 fluctus
261 2210 386 2256 projici
417 2221 490 2245 eam
521 2209 672 2244 instabat
704 2208 885 2243 exercitus.
940 2207 1120 2243 Diomedes
1145 2208 1268 2252 itaque
1298 2206 1440 2252 pedibus
1471 2216 1569 2239 arre-

107 2262 223 2304 ptam,
245 2256 282 2291 in
303 2255 547 2292 Scamandrum
569 2254 836 2301 praecipitavit3
859 2253 918 2288 ubi
940 2254 1054 2289 statim
1077 2254 1248 2288 suffocata
1270 2252 1384 2297 periit.

200 2303 324 2338 Paucis
356 2305 468 2337 autem
490 2305 569 2347 post
591 2301 726 2342 diebus,
763 2299 902 2335 advenit
923 2299 958 2335 in
981 2300 1175 2346 suppetias,
1209 2311 1231 2334 a
1254 2298 1389 2333 Priamo
1412 2299 1569 2340 vocatus,

107 2349 240 2385 'Pithon
262 2349 422 2395 quidam3
458 2359 604 2393 cumque
638 2359 680 2382 eo
703 2346 800 2389 Indi,
837 2346 970 2392 pedites
1001 2346 1222 2392 equitesque3
1258 2343 1445 2379 Phoenices
1467 2342 1570 2378 etiam

107 2394 366 2438 bellicosissimi,
402 2405 476 2429 cum
498 2405 582 2439 rege
604 2404 718 2429 eorum
743 2393 998 2439 Polydamante.
1045 2392 1162 2427 Tanta
1184 2395 1296 2426 autem
1320 2394 1396 2424 erat
1417 2387 1570 2423 multitu-

108 2441 154 2477 do
177 2452 315 2484 eorum,
337 2445 378 2476 ut
400 2451 464 2475 nec
480 2440 599 2482 Ilium3
622 2451 686 2474 nec
710 2444 802 2474 totus
825 2439 978 2484 undique
1001 2450 1138 2483 campus
1162 2450 1235 2472 eam
1259 2447 1384 2483 capere
1407 2434 1569 2481 potuerit.

109 2486 180 2522 Sed
213 2491 250 2522 et
279 2487 415 2522 navium
446 2497 584 2532 quoque
622 2489 793 2531 apparatu
825 2489 1097 2532 supervenerunt
1129 2483 1289 2519 Indorum
1323 2480 1570 2527 quamplurimi,

108 2543 184 2568 cum
205 2532 368 2578 Regibus.
414 2533 524 2567 Totus
547 2537 661 2567 autem
691 2531 860 2566 exercitus
892 2542 1059 2577 regesque
1099 2529 1287 2564 Memnonis
1320 2527 1480 2561 Indorum
1512 2537 1570 2561 re-

109 2578 163 2624 gis
184 2579 245 2612 sub
269 2578 428 2625 auspiciis
449 2578 640 2620 militabat,
671 2577 738 2612 viri
760 2577 1001 2624 potentissimi,
1034 2576 1161 2623 quique
1184 2573 1333 2621 plurimis
1358 2572 1486 2607 divitiis
1507 2583 1571 2607 na-

108 2636 168 2659 ves
199 2634 276 2658 suas
298 2628 433 2660 onustas
463 2625 594 2659 habuit.
639 2624 707 2666 Hi,
745 2624 805 2659 ubi
828 2624 1000 2679 paululum
1032 2635 1068 2658 se
1099 2622 1314 2662 refecissent,
1354 2619 1390 2653 in
1413 2629 1568 2665 campum

109 2669 378 2711 descenderuntz
417 2681 512 2705 enses
535 2671 678 2716 quisque
701 2670 925 2712 Barbaricos,
959 2669 1103 2710 fundas,
1140 2672 1177 2701 et
1199 2666 1367 2711 quadrata
1386 2668 1482 2700 scuta
1504 2676 1568 2710 ge-

108 2719 254 2750 stantem
296 2715 418 2760 quibus
450 2717 551 2750 etiam
582 2728 619 2751 se
651 2716 879 2760 adjunxerunt
912 2714 1152 2751 commilitones
1188 2712 1333 2756 'l'rojani
1371 2709 1569 2755 Priamique

106 2760 182 2816 filii.
228 2760 387 2814 Memnop
418 2766 529 2796 autem
562 2761 637 2808 ipse
670 2773 772 2798 curru
795 2766 934 2805 vectus,
970 2761 1006 2795 in
1038 2769 1189 2814 campum
1223 2757 1446 2804 procedebat.
1491 2756 1568 2791 Nos

107 2811 211 2842 etlam
246 2807 375 2841 Graecn
398 2817 491 2841 arma
523 2812 708 2850 sumentes,
751 2808 840 2842 mala
871 2806 1006 2841 interim
1039 2815 1150 2840 omma
1171 2805 1338 2839 nobismet
1368 2803 1567 2844 ominantes,

106 2852 301 2899 egredimur
340 2855 477 2895 tamenz
523 2853 569 2888 ad
605 2853 750 2889 hostium
783 2853 871 2889 enim
904 2856 1121 2899 conspectum
1152 2850 1261 2897 ipsum
1294 2861 1425 2897 nosque
1451 2849 1565 2885 Duces

1599 837 1631 871 C

1601 1582 1635 1617 Ο
1662 1583 1728 1619 162

1601 1628 1634 1664 D
