1838 3230
597 149 676 193 AN
677 148 1066 195 NOTATIONES.
1465 155 1565 203 627

222 269 327 320 Pag.
353 266 454 310 385.
488 269 530 308 2.
558 261 582 307 ’ὅ
611 263 717 306 ἐστιν
747 264 1049 317 Εξακιονίτης.]
1084 264 1328 315 Legendum,
1350 267 1566 317 Εξωκιονί-

103 338 202 376 της,
231 325 291 363 uti
310 337 429 376 supra
450 322 685 362 monuimus.
753 321 846 361 Chr.
868 321 1129 360 Alexandrini
1155 323 1354 375 Interpres
1374 327 1451 363 ista
1469 327 1566 364 Ata-

105 379 275 419 *lu-icum
302 379 497 432 respicere
523 378 630 417 vult:
670 379 752 429 Ego
782 391 877 416 vero
907 377 959 416 ad
984 377 1272 417 Theudericum
1301 380 1436 431 potius
1460 381 1564 420 rese-

105 436 454 484 reuda-existimo,
485 435 554 487 qui
571 434 730 486 quidem
753 435 920 473 Arianus
941 441 1043 474 erat:
1073 447 1194 486 quum
1215 434 1482 486 Athalaricus‚
1514 438 1564 476 ob

107 498 272 531 aetatem
293 499 489 541 teneram,
519 492 724 541 (octennis
745 492 846 529 enim
873 496 1052 541 tantum,
1086 498 1128 529 ut
1147 492 1363 544 Procopius
1389 468 1561 533 Gotihic.

105 548 135 587 l.
165 551 204 590 1.
241 549 308 588 vel
337 548 474 587 saltem
502 547 576 585 vix
605 547 811 595 decennis,
851 554 899 586 ut
926 547 1142 586 Jornandes
1169 548 1278 598 vult,
1318 548 1370 587 ad
1399 563 1565 602 regnum

102 611 268 644 evectus
298 601 383 660 est)
413 603 464 643 de
501 604 761 643 controversis
793 603 886 642 fidei
917 603 1103 642 Articulis
1133 610 1178 643 ut
1202 617 1344 657 parum
1372 607 1564 646 sollicitus

105 661 251 710 fuerit,
283 673 439 699 necesse
460 666 528 700 est.

75 762 78 763 ⁷
220 719 317 786 qu.
346 719 441 759 386
485 715 548 758 15.
588 712 770 768 ὄρχιστοῖς
796 709 998 780 ἔμμαλους
1023 731 1192 768 μικρους
1219 715 1418 784 τέσσαρας.
1431 717 1447 770 ]
1477 720 1563 760 Ser.

102 769 302 840 ὀρχηστας
327 768 570 826 ἐμμᾶλλουςς
606 778 651 811 ut
678 772 781 811 infra
810 773 926 811 etiam
962 770 1150 810 habemus
1177 771 1487 842 vaoopassovz
1525 781 1566 815 et

102 825 393 882 Καρᾶμαλλον·
443 842 545 880 quae
583 829 713 867 omnia
752 843 774 867 a
811 824 980 881 μαλλὸς,
1020 826 1163 877 vellus,
1207 829 1327 868 Coma
1356 833 1564 883 promissa,

105 885 324 937 composita
342 885 540 924 videntur.
600 885 750 924 Verum
767 885 873 924 unde
892 884 1049 922 nomina
1081 884 1154 922 ista
1176 885 1451 936 sanatoribus,
1480 888 1565 928 sive

106 942 358 981 Pantomimis
386 940 495 980 hisce
521 941 646 981 indita
679 942 847 991 fuerint,
886 940 1056 980 libente1
1083 941 1132 979 ab
1169 941 1302 993 aliquo
1334 943 1564 996 ediscerem,

102 1004 238 1037 utrum
259 998 307 1036 ab
328 998 515 1049 Insignis,
546 998 629 1037 sive
652 998 873 1038 indumenti
901 1010 1041 1048 genere
1072 997 1265 1048 quodam,
1294 1013 1438 1039 necne:
1466 1014 1566 1052 pro-

102 1055 195 1107 -pria
214 1055 318 1094 enim
336 1067 471 1093 eorum
492 1055 649 1093 nomina
667 1054 766 1093 haec
786 1069 863 1093 non
893 1054 1034 1103 fuisse,
1065 1066 1115 1091 ex
1139 1054 1325 1093 Auctoris
1349 1057 1480 1095 verbis
1500 1071 1563 1096 sa-

105 1111 157 1150 tis
176 1115 362 1164 apparet,
392 1116 431 1150 et
452 1111 560 1163 quod
578 1111 793 1163 unicuique
813 1124 947 1150 eorum
976 1122 1116 1149 vocem
1139 1109 1336 1162 ἕμμαλλον
1368 1113 1561 1155 attribuit.

107 1168 368 1206 Caramallum
390 1173 541 1218 tamen,
571 1168 856 1206 Pantomimum
876 1167 1070 1216 nobilem,
1100 1179 1122 1204 a
1150 1167 1420 1219 Scriptoribus
1444 1170 1563 1209 variis

105 1231 366 1263 memoratum
384 1224 563 1262 invenio:
593 1224 695 1263 inter
714 1238 814 1275 quos
834 1223 1072 1275 Apollinaris
1098 1222 1304 1275 sidonius,
1336 1225 1465 1267 Carm.
1491 1230 1561 1270 23.

106 1280 157 1320 ad
177 1279 430 1320 Consentium
446 1279 686 1319 Narbonens.
704 1278 803 1318 haec
823 1278 962 1319 habet·

324 1334 470 1377 Coram
490 1346 526 1376 ie
550 1334 819 1385 Caramallus,
851 1345 920 1374 aut
939 1334 1155 1387 Phabaton,

327 1389 708 1449 Glausisfaucibus,
740 1402 776 1431 et
791 1390 969 1447 loquente
986 1401 1104 1443 gestu,

322 1447 454 1498 Nutu,
485 1463 616 1498 crure,
643 1463 766 1501 genu,
796 1464 932 1495 manu,
965 1458 1108 1499 rotatu,

329 1505 464 1544 Toto
448 1520 489 1544 ιη
507 1503 700 1544 schemate
717 1503 777 1544 vel
796 1503 912 1543 semel
928 1503 1077 1544 latebit.

107 1560 164 1600 De
194 1561 321 1600 altero
349 1561 419 1599 illo
448 1558 662 1616 χειρονόμφ
695 1561 793 1599 nihil
823 1561 913 1598 alibi
942 1560 1099 1610 inveni;
1136 1573 1273 1599 verum
1303 1560 1561 1600 can-amanum

104 1616 215 1655 hunc
231 1617 362 1669 ipsum
376 1617 558 1656 Auctoris
576 1618 702 1656 nostri
719 1617 1006 1655 saltatriculum
1027 1617 1147 1654 fuisse
1168 1616 1283 1655 facile
1306 1617 1561 1657 crediderim:

106 1672 214 1711 hisce
233 1674 335 1712 enim
357 1673 455 1725 ipsis
477 1675 642 1712 Zenonis
667 1674 762 1726 Imp.
788 1673 1052 1724 temporibus,
1082 1685 1160 1723 quo
1190 1673 1429 1711 Caramallus
1457 1675 1562 1712 Con-

107 1730 404 1782 stan-linopolim
426 1729 621 1767 adductus
651 1736 728 1779 est,
766 1730 903 1767 floruit
928 1729 1181 1780 Apollinaris.
1237 1729 1349 1767 Anne
1375 1728 1483 1768 hunc
1504 1736 1562 1769 et-

106 1786 184 1824 iam
210 1786 400 1836 intelligat
429 1787 699 1838 Speusippus,
731 1785 779 1823 ad
812 1786 1035 1823 Panaretam
1063 1785 1344 1823 Pantomimam
1369 1787 1559 1835 scribens,

108 1842 213 1894 apud
237 1841 523 1881 Aristaenetum
545 1843 666 1893 Epist
684 1842 738 1879 lib
761 1845 797 1883 1.
828 1854 891 1893 ep.
920 1844 986 1883 26.
1016 1840 1078 1879 his
1109 1841 1258 1880 verbis:
1289 1841 1360 1882 ἕνα
1377 1840 1420 1882 δὲ
1435 1858 1560 1895 μονον

107 1901 327 1968 προσφυως
356 1897 577 1966 μιμουμένη
603 1896 668 1939 τὸν
702 1894 964 1950 Καραμαλλον
1004 1895 1074 1938 τόν
1102 1893 1212 1938 πάνυ
1243 1894 1430 1938 απάντων
1462 1899 1560 1950 ἔχεις

106 1953 181 2007 τήν
212 1955 377 2007 μίμησιν
405 1950 572 2007 ἀκριβῆ,
602 1955 763 1993 videant
781 1954 948 1992 Eruditi.
1006 1954 1191 1993 Leontius
1216 1954 1329 1993 etiam
1353 1955 1557 2006 Epigram-

101 2011 264 2050 matista
290 2010 500 2061 Antholog.
534 2011 598 2052 lib
630 2010 667 2052 4.
737 2011 995 2049 Caramallum
1025 2010 1219 2062 quendam
1253 2006 1450 2064 ὀρχηστὴν
1478 2011 1558 2049 hoc

107 2067 278 2108 celebrat
301 2067 494 2106 carmine.

325 2119 536 2164 Μουσάων
558 2117 723 2174 δεκατη,
755 2122 938 2192 Χαρίτων
958 2119 1194 2193 Καρᾶμαλλε
1206 2120 1381 2178 τετάρτη,

386 2177 572 2246 Τερπωλη
596 2175 800 2231 μερόπων,
830 2177 991 2247 ἰίστερος
1008 2176 1161 2234 ἄγλαΐη.

316 2232 498 2289 ”oppansi
520 2248 603 2285 σοι,
633 2234 701 2275 καὶ
718 2233 843 2288 ταρσοὶ
860 2232 1086 2289 ποδήνεμα,
1115 2235 1182 2277 καὶ
1202 2234 1310 2285 σοφοῖ
1332 2236 1472 2288 χειρῶν

383 2290 580 2341 Δάκτυλοι,
612 2307 679 2332 και
704 2294 889 2333 Μουσων
905 2293 1124 2344 κρείσσονα,
1154 2292 1222 2333 καὶ
1240 2293 1435 2341 Χαρίτων.

111 2347 167 2388 De
211 2347 481 2400 Chrysomallo
513 2350 706 2387 Sallatore
744 2347 843 2387 nihil
882 2348 977 2388 mihi
1019 2349 1111 2387 alibi
1147 2348 1337 2387 occurrit:
1381 2347 1553 2399 Chryso-

105 2404 265 2443 mallam
292 2411 421 2443 tamen
448 2405 731 2443 saltatriculam
761 2405 955 2457 quandam
987 2404 1196 2455 habemus,
1225 2403 1454 2442 Theodorae
1481 2403 1554 2441 lm-

102 2460 335 2512 peratricis,
364 2462 571 2500 Justiniani
599 2461 757 2513 uxoris,
795 2463 957 2501 amicam
985 2436 1236 2510 familiarem,
1267 2460 1375 2512 apud
1406 2461 1554 2498 Proco-

104 2516 238 2585 pium
240 2518 479 2559 Caesariana.
510 2518 552 2556 in
576 2518 723 2558 Hister.
745 2517 883 2557 Arcan.
944 2515 1211 2571 Χρυσομαλλω
1238 2514 1281 2557 δὲ
1315 2513 1413 2568 αὕτη
1432 2513 1552 2557 πάλαι

112 2571 184 2625 μὲν
214 2568 416 2626 ὄρχηστρὶς
445 2571 634 2628 ἐγεγόνει,
673 2573 737 2614 καὶ
769 2569 890 2623 αὖθις
919 2574 1071 2625 ἑταίρα,
1112 2579 1188 2615 etc.
1253 2572 1399 2610 Eadem
1431 2572 1552 2611 habes

111 2628 220 2681 apud
262 2629 442 2668 Suidam.
484 2628 753 2684 Χρυσομαλλω
789 2646 925 2697 ονομα
949 2628 1216 2683 ὀρχηστρίδος,
1261 2626 1343 2669 εἶτα
1376 2627 1550 2682 ἑταίρας·

111 2683 284 2737 ἤκμαζεν
310 2685 375 2726 ἐπὶ
397 2689 670 2728 Ιουστινιανοῦ
691 2686 759 2727 καὶ
790 2683 1012 2738 Θεοδώροις.
1074 2686 1307 2725 Saltatorum
1330 2691 1455 2723 autem
1476 2685 1551 2723 ho-

111 2754 200 2780 rum
219 2754 313 2779 usus
332 2747 415 2780 erat
434 2743 480 2780 ad
504 2744 644 2796 populi
666 2743 982 2790 oblectationem,
1013 2742 1079 2780 sed
1101 2742 1316 2794 praecipue
1341 2741 1391 2778 ad
1411 2741 1552 2780 sedan-

111 2797 184 2837 dos
203 2797 433 2838 Factionum
450 2800 771 2839 tumultuantium
798 2772 1131 2851 frequentissimos
1157 2805 1299 2837 motus.
1359 2797 1550 2836 Discimus
