1838 3230
459 172 1078 220 CHRONOGRAPHIA.
1136 171 1183 216 L.
1212 172 1286 216 111.
1544 177 1610 225 63

137 301 291 356 ραχῆς,
325 297 498 354 ἐξῆλθε,
531 295 599 339 καὶ
622 291 814 354 ἐφόνευσε
831 294 898 339 καὶ
918 293 1048 351 αὐτὴν
1065 290 1088 337 ὅ
1111 288 1239 338 κύων·
1275 292 1366 351 περὶ
1383 286 1454 348 ἧς,
1489 293 1606 351 φησί,

136 367 321 424 λέγουσιν
349 365 414 410 ὅτι
443 363 650 410 Πλούτων
679 363 839 423 ἥρπασε
860 364 935 421 τὴν
956 363 1106 422 κόρην·
1142 361 1262 406 ἅτινα
1282 363 1561 421 Παλαίφατος
1584 361 1607 406 ὅ

127 433 382 494 σοφώτατος
403 432 705 491 συνεγράψατο.

234 504 302 549 Ἐν
326 511 414 556 τοῖς
435 502 601 562 χρόνοις
625 503 672 546 δὲ
699 507 774 547 τοῦ
795 501 988 552 Μωσέως
1017 502 1251 557 ἐβασίλευσε
1277 505 1361 545 τῶν
1378 499 1607 558 Ἀσσυρίων
1631 513 1663 548 0
1689 515 1735 550 76

101 571 370 631 δἘρεχθεός,
405 578 490 618 τῶν
519 573 564 616 δὲ
592 573 832 630 Αἰγυπτίων
860 571 1094 627 ἐβασίλευσε
1114 568 1393 621 Πετισσιόνιος
1413 568 1434 615 ὃ
1456 587 1607 631 κωμῳ-

133 644 208 694 δὸς
233 641 406 702 Φαραώ.
456 636 577 692 οὗτος
596 640 673 698 εἶχε
696 640 854 698 μάγους
874 640 970 696 μεθ’
995 639 1144 684 ἑαυτοῦ
1167 638 1382 693 δυνατούς,
1412 639 1484 684 τὸν
1499 639 1605 683 Ἰαν-

129 712 203 769 νὴν
225 714 293 757 καὶ
309 712 382 757 τὸν
393 709 605 769 Ἰαμβρήν.
659 711 722 754 ἐπὶ
744 711 788 754 δὲ
808 715 880 766 τῆς
904 710 1032 754 αὐτοῦ
1052 711 1263 764 βασιλείας
1282 707 1530 767 ἐπληθύνθη
1551 709 1599 753 τὸ
1622 720 1656 755 Ε

128 781 243 838 γένος
268 787 352 826 τῶν
379 780 590 825 Ἰουδαίων
620 780 662 823 ἓν
692 784 744 839 τῇ
773 778 976 838 Αἰγύπτῳ
998 779 1077 823 ἀπὸ
1096 784 1171 835 τῆς
1194 783 1332 836 γενεᾶς
1353 782 1427 823 τοῦ
1452 778 1603 833 Ἰακώβ

128 854 205 894 τοῦ
231 849 428 902 ἐλθόντος
455 851 499 894 ἒν
520 847 723 908 Αἰγύπτῳ
743 850 846 906 πρὸς
867 849 940 892 τὸν
957 849 1048 892 υἱόν
1070 849 1199 892 αὐτοῦ
1221 848 1372 906 Ἰωσὴφ
1394 848 1470 899 ἕως
1487 851 1601 891 Μω-

74 926 120 963 10
130 919 232 971 σέως
252 917 479 977 ἡγουμένου
501 919 638 963 αὐτῶν
664 921 731 962 καὶ
748 918 909 977 Ἀαρών
935 918 1116 977 ἀδελφοῦ
1139 917 1282 962 αὐτοῦ.
1355 916 1468 968 ὅστις
1486 920 1601 961 Μω-

127 993 205 1045 σῆς
226 987 347 1045 ἔλαβε
368 984 538 1046 γυναῖκα
558 989 817 1045 Αἰγυπτίαν,
849 987 923 1043 τὴν
941 987 1152 1045 θυγατέρα
1174 984 1338 1041 Ἰοθόρ,
1370 991 1446 1030 τοῦ
1465 985 1600 1044 ἀρχιε-

127 1058 230 1115 ρέως
247 1063 331 1102 τῶν
346 1056 550 1114 Ἑλλήνων
559 1090 574 1112 ,
603 1057 756 1115 ἀνδρὸς
776 1056 1004 1112 τιμωμένου
1027 1056 1106 1100 ἀπὸ
1131 1055 1292 1114 Φαραὼ
1310 1055 1513 1111 βασιλέως
1531 1057 1600 1098 καὶ

125 1131 208 1171 τῶν
237 1129 491 1184 Αἰγυπτίων.
563 1124 584 1170 ὅ
615 1127 659 1170 δὲ
690 1126 814 1176 αὐτὸς
841 1129 1007 1181 Μωσῆς
1031 1122 1082 1181 ἦν
1112 1124 1431 1180 πεπαιδευμένος
1457 1128 1597 1167 πᾶσαν

125 1197 278 1254 σοφίαν
297 1195 514 1254 Αἰγύπτου
530 1210 540 1220 ·
577 1196 615 1240 οἶ
635 1195 680 1239 δέ
699 1193 918 1252 Αἰγύπτιοι
937 1195 1166 1253 ἐφοβοῦντο
1184 1194 1281 1245 τοὺς
1292 1194 1517 1244 Ἰουδαίους
1539 1191 1595 1245 ὥς
1616 1202 1651 1239 V
1671 1204 1719 1242 26

69 1265 363 1322 15γενομένους
395 1261 597 1319 πολλούς,
634 1265 703 1307 καὶ
730 1262 932 1321 ἀνήγαγον
952 1268 1011 1323 τῷ
1039 1263 1200 1322 Φαραὼ
1221 1265 1312 1322 περὶ
1332 1262 1471 1308 αὐτῶν
1478 1296 1493 1318 ,
1530 1265 1599 1306 καὶ

123 1334 302 1379 ἐκέλευσε
334 1334 495 1392 Φαραὼ
522 1334 716 1389 βασιλεὺς
735 1340 861 1377 ποιεῖν
881 1333 978 1384 τοὺς
1002 1333 1226 1384 Ἰουδαίους
1247 1339 1334 1383 τοῖς
1352 1333 1598 1388 Αἰγυπτίοις

121 1403 331 1460 ἓργατείας
350 1405 418 1447 καὶ
434 1401 599 1460 βάλλειν
620 1404 822 1453 πλίνθους
841 1401 1010 1461 ἀνάγκῃ.
1080 1403 1121 1447 εἷ’
1140 1421 1203 1454 τις
1220 1397 1295 1446 οὖν
1313 1401 1384 1446 ἐὰν
1403 1400 1595 1457 ἐβούλετο

120 1477 205 1517 τῶν
233 1475 476 1530 Αἰγυπτίων
511 1474 647 1516 κτίσαι
675 1472 752 1516 εἴτε
784 1470 896 1516 οἷκον
922 1472 999 1516 εἴτε
1029 1469 1156 1530 ἀγρόν
1164 1506 1178 1526 ,
1217 1471 1371 1522 αὖτοὺς
1397 1469 1595 1528 ἠνάγκαζε

120 1547 247 1586 ποιεῖν
268 1543 479 1599 ἓργατείαν
498 1543 565 1585 καὶ
586 1542 809 1596 πλίνθους,
848 1543 915 1585 καὶ
940 1541 1151 1595 ἐστέναζον
1179 1545 1400 1591 κοπιῶντες
1427 1541 1467 1584 οἳ
1489 1541 1595 1584 Ἰου-
1618 1555 1652 1591 0
1677 1558 1722 1595 77

63 1613 230 1655 Ξοδαῖοι
263 1610 422 1663 πάντες.
494 1612 561 1655 καὶ
592 1611 882 1669 προσεσχηκώς
908 1614 1074 1667 Μωσῆς
1094 1613 1162 1654 καὶ
1185 1609 1215 1654 ’ὃ
1244 1607 1396 1654 τούτου
1416 1609 1594 1668 ἀδελφὸς

112 1680 274 1738 Ἀαρὼν
293 1680 366 1725 τὸν
389 1679 693 1737 ἀναστεναγμὸν
718 1684 800 1724 τῶν
818 1680 920 1723 υἱῶν
937 1677 1127 1737 Ἰσραήλ,
1163 1679 1342 1735 ηὔξαντο
1366 1677 1439 1722 τὸν
1465 1676 1591 1722 θεόν·

118 1751 186 1792 καὶ
205 1749 383 1794 ἐκέλευσε
398 1753 555 1793 Μωσεῖ
567 1748 706 1806 κύριος
724 1747 745 1793 ὅ
766 1748 867 1799 θεὸς
887 1751 1086 1792 εἰσελθεῖν
1108 1748 1212 1806 πρὸς
1237 1747 1397 1805 Φαραὼ
1416 1748 1591 1803 βασιλέα

118 1816 360 1875 Αἰγύπτου,
386 1819 454 1861 καὶ
476 1819 597 1862 εἰπεῖν
617 1817 730 1877 αὐτῷ
742 1850 756 1871 ,
780 1815 1009 1861 Ἀπόλυσον
1026 1817 1098 1861 τὸν
1117 1817 1218 1861 λαὸν
1235 1822 1310 1862 τοῦ
1326 1816 1491 1876 Ἰσραὴλ
1511 1822 1589 1861 λα-

206 1940 241 1976 5.
288 1938 486 1987 κωμῳδὸς]
533 1939 597 1976 nal
630 1938 804 1975 Cedrenus
836 1950 871 1984 p.
904 1938 962 1976 46.
997 1939 1040 1976 C.
1110 1939 1201 1975 Vide
1234 1938 1426 1975 Bentleium
1456 1950 1493 1987 p.
1525 1938 1585 1977 45.

205 1988 264 2023 23.
299 1988 417 2024 εἰπεῖν
441 1987 528 2030 Ch.,
553 1986 729 2022 Cedrenus
752 1997 787 2033 p.
811 1985 868 2020 46.
891 1984 947 2028 D,
974 1983 1077 2023 εἶπεν
1101 1987 1170 2022 Ox.

114 2085 328 2133 currentem,
352 2088 553 2127 dilaniavit:
578 2089 658 2125 inde
680 2093 764 2125 nata
782 2089 920 2133 fabula,
945 2090 1126 2128 Plutonem
1148 2089 1389 2138 Proserpinam
1411 2090 1581 2138 rapuisse:

113 2136 167 2171 uti
188 2136 450 2182 sapientissimus
471 2137 702 2184 Palaephatus
724 2136 791 2172 ista
814 2136 969 2173 tradidit.

205 2182 312 2218 Mosis
335 2187 448 2219 autem
471 2183 677 2230 temporibus
700 2182 845 2229 Assyriis
866 2183 1048 2229 imperavit
1070 2184 1282 2225 Erectheus3
1313 2182 1494 2229 Aegyptiis
1518 2194 1582 2217 ve-

112 2238 153 2264 ro
169 2228 395 2273 Petissonius,
419 2230 478 2277 qui
501 2235 538 2266 et
560 2229 749 2266 comoedus
773 2229 944 2265 Pharaoh.
991 2231 1113 2276 Magos
1130 2242 1240 2266 secum
1257 2230 1321 2265 iste
1340 2229 1460 2264 habuit
1478 2240 1581 2274 prae-

111 2274 295 2318 callentes,
327 2275 467 2312 Jannem
491 2281 527 2312 et
548 2277 730 2311 Jambrem.
778 2275 832 2311 Eo
856 2282 969 2312 autem
991 2283 1176 2323 regnante,
1206 2276 1414 2312 Judaeorum
1437 2286 1519 2320 gens
1544 2276 1579 2309 in

109 2321 272 2368 Aegypto
295 2322 397 2358 valde
419 2326 521 2359 aucta
544 2328 642 2365 erat,
668 2334 689 2357 a
710 2321 832 2357 Jacobi
856 2334 964 2368 usque
986 2323 1023 2358 in
1045 2325 1241 2370 Aegyptum
1267 2322 1311 2357 ad
1333 2322 1516 2368 Josephum
1535 2321 1578 2355 F.

110 2365 294 2411 descensu,
331 2368 375 2404 ad
407 2381 523 2405 eorum
546 2369 707 2404 eductum
729 2379 794 2423 per
816 2368 946 2404 Mosem
970 2370 1180 2416 fratremque
1202 2371 1382 2404 Aaronem.
1429 2367 1580 2402 Uxorem

111 2418 224 2450 autem
249 2413 313 2450 sibi
336 2415 433 2450 duxit
455 2416 570 2451 Moses
591 2417 821 2470 Aegyptiam,
852 2415 1005 2452 Jothoris
1028 2417 1242 2451 Graecorum
1264 2412 1441 2449 Pontificis
1460 2413 1580 2457 filiam,

110 2458 178 2494 viri
202 2461 294 2507 apud
317 2461 530 2498 Pharaonem
553 2463 812 2508 Aegyptiosque
834 2473 947 2497 omnes
969 2474 1092 2497 summo
1116 2462 1151 2496 in
1173 2462 1302 2497 honore
1324 2459 1446 2494 habiti.
1501 2459 1580 2494 Mo·-

113 2517 165 2542 ses
187 2512 301 2542 autem
331 2508 419 2543 omni
443 2508 690 2554 Aegyptiorum
713 2507 856 2543 scientia
877 2508 1051 2544 institutus
1089 2512 1184 2543 erat:
1221 2505 1386 2551 Aegyptii
1408 2517 1492 2540 vero
1514 2506 1579 2540 Ju-

113 2551 238 2596 daeos,
261 2555 508 2590 numerosiores
524 2555 664 2600 jamjam
684 2555 815 2597 factos,
839 2555 1024 2590 formidare
1042 2558 1239 2601 coeperunt.
1288 2551 1390 2594 Quod
1408 2551 1468 2586 ubi
1486 2551 1578 2586 Pha-

112 2598 212 2633 raoni
233 2603 349 2635 notum
371 2600 551 2643 fecissent3
587 2601 737 2636 Judaeos
759 2601 940 2647 Aegyptiis
963 2601 1140 2648 operarios
1164 2612 1200 2634 se
1222 2602 1422 2654 praestare,
1458 2597 1576 2632 lateri-

110 2643 263 2690 tiamque
295 2657 460 2682 exercere
491 2647 567 2682 Rex
596 2646 706 2692 jussit.
766 2647 806 2681 Si
839 2647 915 2694 quis
945 2648 1055 2692 igitur
1087 2649 1334 2692 Aegyptiorum
1360 2648 1419 2678 aut
1442 2642 1575 2679 domum

110 2694 293 2734 extruere,
334 2697 395 2727 aut
427 2693 638 2773 praediolum
670 2693 839 2729 adornare
861 2693 898 2728 in
930 2695 1040 2728 animo
1063 2692 1203 2732 habuit,
1244 2702 1266 2726 a
1287 2689 1427 2725 Judaeis
1449 2689 1575 2725 lateres

109 2747 316 2782 operamque
345 2738 430 2772 simu
465 2751 582 2774 eorum
611 2740 784 2784 exigebat.
831 2739 986 2785 Cumque
1015 2740 1078 2774 sub
1102 2737 1259 2773 oneribus
1282 2736 1350 2771 suis
1372 2736 1574 2781 ingemuisse

109 2786 216 2817 totam
244 2783 447 2819 Judaeorum
481 2790 616 2829 gentem
638 2785 954 2821 animadvertissent
986 2785 1119 2826 Moses,
1156 2789 1191 2818 et
1213 2784 1324 2818 stater
1346 2783 1420 2827 ejus
1443 2783 1570 2824 Aaron,

107 2827 218 2863 Deum
239 2828 409 2875 supplices
431 2829 632 2866 adorabant.
681 2832 867 2878 Praecepit
887 2838 999 2866 autem
1023 2829 1112 2865 Mosi
1134 2829 1314 2871 Dominus,
1337 2828 1389 2863 uti
1412 2828 1456 2864 ad
1475 2829 1570 2862 Pha-

108 2885 245 2910 raonem
269 2886 386 2921 regem
408 2876 562 2923 Aegypti
582 2877 762 2921 introiret,
796 2888 925 2923 suoque
951 2875 1086 2912 nomine
1107 2875 1303 2918 mandaret,
1339 2877 1378 2910 ut
1399 2874 1567 2921 Populum
