1838 3230
237 155 337 205 344
638 149 932 196 IOANNIS
961 148 1300 195 MALALAE

343 270 438 328 Πρὸ
457 271 501 314 δὲ
519 274 593 326 τῆς
609 270 819 326 βασιλείας
835 273 877 312 Γ
873 274 1066 327 ρατιανοῦ
1086 266 1314 325 ἐτελεύτησε
1334 263 1599 326 Βαλεριανός,
1620 273 1703 323 βα-

243 340 375 390 σιλεὺς
388 337 560 394 Ῥώμης,
586 337 607 381 ὃ
625 339 712 388 υἱὸς
734 341 1058 391 Βαλεντινιανοῧ,
1083 336 1105 381 ὁ
1125 337 1300 394 ἀδελφὸς
1320 340 1359 380 Γ
1357 340 1550 394 ρατιανοῦ
1571 334 1593 380 ὅ
1612 336 1705 391 μεί-

246 410 337 462 ζων,
358 405 603 461 βασιλεύσας
624 411 698 461 τῆς
711 404 869 461 Ῥώμης
887 405 955 462 ἕτη
977 406 1090 462 ὀλίγα
1112 403 1219 449 πάνυ
1232 419 1242 429 ’
1264 407 1333 448 καὶ
1350 406 1501 462 ἐγένετο
1521 402 1606 448 ἀντ’
1627 402 1706 447 αὖ-

172 467 174 469 .
222 466 226 472 ’
247 480 321 520 τοῦ
340 474 531 531 βασιλεὺς
550 474 591 516 ἐν
609 479 659 531 τῇ
674 472 810 532 Ῥώμῃ
829 472 850 517 ὅ
871 474 1061 530 συγγενὴς
1080 473 1208 517 αὐτοῦ
1227 469 1549 523 Βαλεντινιανός.

122 555 157 590 0
180 557 228 593 38
344 542 393 587 Ὁ
414 543 457 585 δὲ
474 543 665 597 βασιλεὺς
683 546 725 585 Γ
721 542 910 599 ρατιανὸς
926 540 1033 600 νόσῳ
1053 541 1274 598 περιπεσών
1291 541 1362 584 τὸν
1381 544 1541 596 σπλῆνα
1560 538 1740 594 ἕμεινενό

251 613 313 654 ἐπὶ
337 610 464 654 πολὺν
485 608 631 666 χρόνον
651 614 806 654 νοσῶν·
842 612 909 653 καὶ
932 612 973 652 ἐν
997 614 1055 668 τῷ
1080 610 1228 652 ἀνιέναι
1257 609 1382 652 αὐτὸν
1404 611 1444 652 ἕν
1466 613 1523 667 τῷ
1545 606 1709 665 Ἱππικῷ

200 690 233 726 D
260 676 726 728 Κωνσταντινουπόλεως
745 682 955 735 θεωρῆσαι
975 677 1042 720 διὰ
1062 682 1135 720 τοῦ
1154 679 1333 732 Κοχλίου
1355 677 1460 720 κατὰ
1481 676 1555 732 τὴν
1573 673 1712 733 θύραν

255 751 328 790 τοῦ
350 746 562 801 λεγομένου
585 747 764 801 Δεκίμου
787 744 944 803 ἐσφάγη
965 747 1031 787 καὶ
1051 749 1241 804 τελευτᾷ,
1278 744 1334 788 ὢν
1354 747 1544 788 ἐνιαυτῶν
1566 741 1643 799 κη’.

357 813 483 858 Μετὰ
514 815 558 856 δὲ
586 815 661 869 τὴν
686 815 896 869 βασιλείαν
916 817 957 856 Γ
954 817 1147 871 ρατιανοῦ
1166 811 1191 868 ἦ
1212 809 1434 868 σύγκλητος
1451 815 1715 855 Κωνσταντι-

257 880 488 931 νουπόλεως
512 880 752 939 ἀνηγόρευσε
776 881 947 935 βασιλέα
974 879 1215 934 Θεοδόσιον,
1253 878 1308 931 ὥς
1325 882 1368 924 ἐκ
1385 884 1459 924 τοῦ
1478 880 1618 936 γένους
1637 879 1715 922 αὗ·-
1725 889 1771 925 10

261 955 343 995 τῶν
374 949 473 992 ὅντα
503 951 546 992 ἐκ
574 954 648 1005 τῆς
672 948 877 999 Ἱσπανίας
902 947 1055 1006 χώρας.
1125 950 1192 991 καὶ
1225 948 1512 1004 ἀναγορευθεὶς
1536 946 1615 991 ὕπὸ
1644 951 1718 1002 τῆς

1308 1014 1320 1030 t

262 1016 490 1075 συγκλήτου
511 1019 766 1072 ἐβασίλευσεν
789 1016 810 1060 ὁ
830 1016 1044 1067 θειότατος
1066 1014 1284 1066 Θεοδόσιος
1302 1034 1323 1059 ο
1342 1014 1518 1068 Σπανός,
1554 1014 1576 1059 ὅ
1593 1015 1719 1071 μέγας

263 1086 446 1143 γαμβρὸς
469 1089 506 1128 Γ
508 1091 716 1141 ρατιανοῦ,
750 1086 818 1141 ἔτη
843 1084 904 1138 ιζ’.
974 1081 1025 1141 ἦν
1043 1086 1087 1127 δὲ
1101 1084 1333 1141 χριστιανὸς
1354 1086 1419 1127 καὶ
1439 1082 1638 1141 φρόνιμος
1653 1084 1723 1126 καὶ

268 1153 435 1207 εὐσεβὴς
453 1155 518 1195 καὶ
540 1152 746 1211 ἐνδρανής.
819 1153 844 1208 ἢ
865 1150 991 1207 μόνον
1010 1154 1054 1196 δὲ
1074 1154 1343 1206 ἐβασίλευσεν,
1379 1152 1531 1202 εὐθέως
1548 1151 1722 1195 ἀνέδωκε

269 1211 577 1276 τὰς’ἒκκλησιάς
609 1228 693 1271 τοῖς
724 1220 988 1275 ὄρθοδόξοις,
1021 1226 1229 1276 πανταχοῦ
1264 1218 1437 1276 ποιήσας
1469 1218 1626 1277 σάκρας
1654 1220 1719 1262 καὶ
1733 1228 1777 1265 15

272 1288 421 1339 διώξας
452 1288 548 1337 τοὺς
571 1288 811 1344 Ἆρειανούς.
883 1287 904 1331 ὃ
935 1290 979 1331 δὲ
1007 1289 1130 1338 αὐτὸς
1158 1288 1348 1342 βασιλεὺς
1368 1289 1510 1342 ἴστεψε
1534 1287 1629 1337 τούς
1649 1284 1724 1330 δύο

148 1396 181 1431 o
206 1350 252 1433 3¹39
275 1356 402 1399 αὐτοῦ
418 1354 546 1409 υἱούς,
570 1355 640 1406 οὓς
657 1357 767 1411 ἔσχεν
787 1357 867 1400 ἀπὸ
888 1361 962 1411 τῆς
982 1357 1183 1413 προτέρας
1201 1356 1327 1398 αὐτοῦ
1343 1356 1528 1411 γυναικὸς
1550 1359 1585 1398 Γ
1582 1354 1723 1410 ἄλλης,

276 1426 343 1467 καὶ
372 1423 444 1466 τὸν
469 1425 543 1478 μὲν
578 1423 790 1481 Ἀρκάδιον
823 1426 981 1480 ἐποίησε
1013 1424 1184 1477 βασιλέα
1212 1425 1253 1466 ἐν
1282 1421 1724 1474 Κωνσταντινουπόλει,

277 1492 349 1535 τὸν
370 1493 415 1533 δὲ
430 1489 625 1548 Ὅνῶριον
650 1494 691 1535 ἓν
708 1491 855 1550 Ῥώμῃ.
925 1492 1020 1541 τοὺς
1044 1493 1088 1535 δὲ
1108 1492 1232 1542 ναοὺς
1249 1495 1330 1534 τῶν
1346 1489 1546 1546 Ἑλλήνων
1571 1489 1728 1540 πάντας

278 1559 550 1617 κατέστρεψεν
569 1560 642 1609 ἕως
662 1558 840 1618 ἐδάφους
861 1558 881 1603 ὃ
905 1560 1027 1609 αὐτὸς
1049 1558 1266 1609 Θεοδόσιος
1282 1558 1484 1613 βασιλεύς.
1535 1560 1725 1602 κατέλυσε
1736 1568 1783 1602 20

280 1629 324 1670 δὲ
342 1629 409 1669 καὶ
429 1627 475 1670 τὸ
496 1627 601 1684 ἱερὸν
617 1626 911 1678 “Ηλιουπόλεως
928 1628 974 1671 τὸ
994 1628 1095 1683 μέγα
1114 1629 1179 1670 καὶ
1198 1625 1438 1683 περιβόητον
1459 1625 1730 1683 τὸλεγόμενον

159 1703 190 1737 V
216 1704 260 1739 16
285 1697 510 1752 Τρίλιθον,
543 1697 610 1738 καὶ
637 1697 822 1752 ἐποίησεν
843 1695 942 1738 αὐτὸ
966 1697 1175 1751 ἐκκλησίαν
1191 1702 1450 1752 χριστιανοῒς.
1502 1693 1668 1749 ,ὁμοίως
1689 1694 1733 1736 δὲ

281 1764 349 1807 καὶ
367 1762 413 1807 τὸ
436 1762 542 1821 ἱερὸν
562 1765 792 1819 Δαμασκοῦ
813 1765 995 1820 ε’ποίησεν
1012 1764 1221 1820 ἐκκλησίαν
1239 1766 1484 1821 χριστιανῶν
1498 1777 1508 1787 ·
1541 1765 1607 1806 καὶ
1627 1762 1732 1806 ἄλλα
1759 1760 1762 1763 ’

374 1885 429 1921 10.
452 1880 596 1929 αὐτῶν]
622 1880 741 1920 αὐτοῦ
761 1885 826 1921 Ch.

378 1987 468 2021 Ante
490 1986 668 2032 Imperium
690 1999 774 2022 vero
798 1999 819 2022 a
842 1987 1008 2022 Gratiano
1031 1990 1236 2033 susceptum,
1268 1999 1289 2022 e
1309 1985 1395 2022 vivis
1419 1988 1609 2022 excesserat
1630 1985 1736 2020 Vale-

289 2030 424 2074 rianus,
447 2032 505 2077 qui
529 2033 655 2067 Romae
675 2033 877 2078 imperavit,
900 2033 1129 2067 Valentiniani
1151 2034 1259 2075 filius,
1283 2037 1319 2067 et
1340 2034 1449 2067 frater
1473 2031 1631 2066 Gratiani
1653 2036 1736 2066 natu

290 2078 412 2121 major,
436 2077 496 2121 qui
517 2078 635 2122 paucis
657 2078 833 2113 admodum
856 2079 949 2114 annis
970 2079 1146 2124 imperium
1166 2079 1294 2113 tenuit:
1319 2077 1372 2112 cui
1394 2076 1552 2112 successit
1573 2077 1607 2111 in
1628 2088 1736 2122 regno

290 2123 440 2158 Romano
463 2123 726 2167 consanguineus
750 2125 821 2168 ejus
845 2125 1105 2159 Valentinianus.

382 2168 572 2212 Imperator
594 2174 706 2202 autem
723 2169 922 2211 Gratianus,
945 2170 1068 2215 splenis
1092 2169 1261 2204 doloribus
1285 2171 1470 2213 correptus,
1494 2167 1552 2202 diu
1575 2172 1737 2213 aegrota-

292 2213 361 2248 vit:
404 2224 502 2258 quem
531 2213 568 2246 in
590 2213 852 2258 Hippodromum
883 2217 1115 2250 ascendentem
1138 2226 1198 2260 per
1230 2214 1409 2248 Cochleam
1433 2213 1736 2258 Constantinopoli,

293 2259 407 2293 Ludos
428 2258 602 2302 spectandi
625 2270 736 2300 causa,
759 2260 803 2294 ad
825 2262 962 2295 Portam
985 2262 1116 2296 Decimi
1138 2261 1281 2301 dictam,
1305 2259 1501 2294 interfectus
1523 2266 1596 2301 est,
1618 2270 1738 2293 annum

292 2315 397 2350 agens
419 2314 539 2338 xxv111.

387 2349 556 2384 Gratiano
576 2361 797 2384 successorem
818 2349 851 2383 in
873 2362 979 2395 regno
1002 2352 1146 2385 Senatus
1169 2349 1560 2403 Constantinopolitanus
1578 2349 1741 2384 Theodo-

297 2394 379 2429 sium
403 2396 634 2436 renunciavit3
665 2395 726 2439 (ut
750 2395 806 2439 qui
829 2407 953 2439 genere
976 2397 1008 2430 ei
1027 2398 1161 2440 junctus
1183 2396 1272 2439 fuit)
1298 2407 1339 2430 ex
1363 2395 1529 2439 Hispania
1552 2395 1739 2438 oriundum,

297 2440 533 2474 sacratissimus
556 2441 671 2485 itaque
694 2440 906 2474 Theodosius
929 2443 1083 2486 Magnus,
1106 2442 1288 2486 Hispanus,
1311 2440 1472 2474 Gratiani
1494 2441 1617 2475 sororis
1640 2440 1742 2475 mari-

298 2489 365 2526 tus,
389 2485 679 2520 senatusconsulto
703 2485 746 2520 ad
767 2486 947 2531 Imperium
969 2492 1115 2529 evectus,
1140 2486 1295 2531 regnavit
1316 2498 1417 2521 annos
1442 2497 1525 2520 xv11.
1573 2486 1741 2520 Christia-

299 2541 362 2564 nus
384 2530 440 2564 hic
464 2535 557 2573 erat,
589 2531 641 2565 vir
664 2531 807 2576 prudens
831 2535 867 2564 et
890 2532 981 2576 pius,
1017 2534 1186 2577 rebusque
1209 2531 1347 2575 agendis
1370 2531 1565 2576 aptissimus.
1614 2533 1740 2572 Quam-

299 2575 439 2620 primum
462 2588 543 2610 vero
577 2588 720 2620 regnare
745 2576 877 2631 coepit,
909 2577 1014 2610 literis
1037 2578 1101 2611 suis
1126 2589 1186 2621 per
1216 2577 1391 2620 imperium
1414 2577 1537 2618 missis,
1573 2577 1742 2612 Ecclesias

300 2620 424 2664 ubique
454 2622 663 2656 Orthodoxis
691 2621 858 2663 reddidit,
893 2622 1010 2665 ejectis
1034 2623 1176 2656 Arianis.
1231 2623 1323 2656 Idem
1347 2622 1429 2656 duos
1463 2634 1546 2667 quos
1570 2634 1612 2656 ex
1636 2633 1742 2656 uxore

299 2665 416 2709 priore
438 2666 541 2700 Galla
563 2673 757 2713 susceperat
779 2667 883 2708 filios,
906 2667 1105 2701 Diademate
1127 2668 1322 2711 insignitos,
1346 2668 1525 2701 Arcadium
1549 2667 1743 2701 Constanti-

300 2711 434 2756 nopoli,
471 2712 657 2747 Honorium
688 2713 814 2746 Romae
841 2713 1008 2758 imperare
1040 2713 1133 2747 fecit.
1187 2716 1233 2746 At
1255 2724 1337 2747 vero
1373 2713 1591 2747 Ethnicorum
1620 2712 1744 2757 templa

301 2755 448 2792 fmiditus
477 2758 600 2792 evertit
629 2758 749 2792 omnia.
806 2759 906 2799 Quod
928 2769 1009 2793 vero
1031 2758 1203 2803 Heliopoli
1235 2762 1329 2798 erat,
1367 2758 1552 2792 Trilithum
1575 2763 1741 2798 vocatum,

299 2799 416 2846 ingens
437 2802 521 2838 illud
554 2808 589 2838 et
611 2803 924 2847 celebratissimum3
958 2804 1115 2851 templum
1147 2815 1283 2851 quoque
1314 2804 1573 2846 Damascenum,
1610 2802 1742 2847 aliaque
