1838 3230
387 161 994 211 CH‘RONOGRAPHIA.
1047 161 1096 205 L.
1123 159 1277 208 XVIII.
1458 163 1557 214 445

207 289 280 345 Τῷ
301 284 347 328 δὲ
364 282 476 343 αὐτῷ·
511 280 648 342 χρόνῳ
683 278 1014 339 Ἀλαμούνδαρος
1049 279 1071 325 ὃ
1104 285 1186 325 τῶν
1209 284 1387 337 Περσῶν
1414 284 1556 339 Σαρα-
1578 284 1612 319 E

104 353 227 408 κηνός
250 353 386 398 ἐλθών
414 351 518 407 μετὰ
543 354 748 408 Περσικῆς
781 352 847 393 καὶ
875 353 1157 406 Σαρακηνικῆς
1182 350 1382 405 βοηθείας
1415 350 1558 406 ἓπραί-

104 423 223 465 δευσε
242 421 318 477 τὴν
335 419 501 478 πρώτην
526 421 680 476 Συρίαν
724 419 799 468 ἕως
827 422 909 461 τῶν
941 417 1048 475 ὅρων
1084 418 1324 472 Ἀντιοχείας
1333 451 1346 470 ,
1402 416 1558 468 καύσας

103 491 172 532 καὶ
200 487 353 540 τόπους
378 493 451 544 τῆς
477 487 604 542 αὐτῆς
625 484 778 544 χώρας.
849 488 915 530 καὶ
942 485 1188 537 ἀκούσαντες
1217 486 1269 529 τὰ
1297 483 1487 542 γεγονότα
1517 487 1558 529 οἱ

70 556 265 614 ὅέξαρχοι
305 554 512 610 Ῥωμαίων
556 557 731 611 ἐξῆλθον
759 553 846 597 κατ’
878 554 1036 598 αὐτῶν·
1072 557 1138 597 καὶ
1166 553 1324 611 γνόντες
1352 555 1391 598 οἷ
1414 559 1556 610 Σαρα-

102 627 239 680 κηνοί,
275 623 468 681 λαβόντες
484 627 620 668 πᾶσαν
649 624 725 679 τὴν
755 625 932 681 πραῖδαν
977 622 1044 666 διὰ
1072 627 1144 667 τοῦ
1175 623 1368 680 ἓξωτέρου
1396 624 1554 677 λιμίτου

101 692 263 751 ἔφυγον.
738 737 741 740 ,

198 761 264 804 Ἐν
285 760 396 819 αὐτῷ
418 761 463 804 δὲ
479 765 538 819 τῷ
561 765 688 820 καιρῷ
710 761 777 803 καὶ
799 758 820 803 ὅ
841 758 996 815 ἀγωγὸς
1013 758 1316 817 Ἀλεξανδρείας
1331 763 1405 815 τῆς
1421 756 1546 816 μεγά-
1569 766 1602 801 V
1623 767 1669 802 62

99 833 174 886 λης
191 827 396 885 ἀνενεώθη
430 827 510 872 ’ὕπὸ
531 835 604 872 τοῦ
626 828 825 880 βασιλέως
841 828 1140 872 ’Ῑουστινιανοῦ.

43 906 90 941 1ο
192 895 392 948 Ἀκούσας
415 899 460 940 δὲ
483 895 503 939 ὅ
527 897 650 947 αὐτὸς
680 896 869 950 βασιλεὺς
899 896 952 938 τὰ
980 894 1171 952 γενόμενα
1198 894 1278 939 ὗπό
1307 899 1390 938 τῶν
1410 900 1553 951 Σαρα-

99 970 257 1020 κηνῶν,
301 966 475 1020 πέμψας
506 965 579 1008 οὐκ
620 965 756 1021 ὀλίγην
789 963 988 1020 βοήθειαν
1017 964 1174 1019 πεζικὴν
1201 965 1244 1006 ἐκ
1272 967 1345 1017 τῆς
1379 967 1552 1019 Φρυγῶν

102 1032 253 1090 χώρας,
274 1034 372 1083 τοὺς
389 1034 626 1090 λεγομένους
643 1034 971 1089 Λυκοκρανίτας,
997 1032 1182 1088 ἀπῆλθεν
1203 1033 1265 1074 ἐπὶ
1288 1031 1340 1074 τὰ
1358 1036 1552 1087 Σαρακη-

96 1101 187 1145 νικὰ
218 1104 284 1144 καὶ
311 1102 364 1145 τὰ
395 1102 580 1158 Περσικὰ
610 1102 726 1157 με’ρη.
797 1102 840 1144 ἐν
866 1100 977 1159 αὐτῷ
1002 1101 1046 1143 δὲ
1072 1105 1130 1159 τῷ
1162 1104 1289 1157 καιρῷ
1311 1098 1550 1155 προεβλήθη

96 1168 264 1226 ἔξαρχος
278 1167 487 1224 Ῥωμαίων
505 1168 771 1226 Βελισσάριος
790 1167 871 1212 ὖπό
891 1172 964 1211 τοῦ
994 1168 1121 1212 αὐτοῦ
1141 1168 1340 1222 βασιλέως
1353 1182 1363 1191 ·
1400 1163 1450 1222 ἦν
1473 1167 1552 1224 γὰρ

42 1249 86 1286 15
99 1239 327 1293 διαδεχθεὶς
343 1236 574 1288 “Υπάτιοςὸ
598 1240 831 1294 πατρίκιος,
871 1235 892 1279 ὃ
915 1236 994 1292 πρὸ
1022 1236 1149 1280 αὐτοῦ
1174 1236 1230 1280 ὢν
1252 1233 1550 1292 στρατηλάτης,

96 1308 433 1356 καταπιστευθεὶς
463 1307 509 1349 δὲ
539 1304 805 1363 Βελισσάριος
835 1305 889 1348 τὰ
925 1305 1108 1359 ἓξέρκετα
1165 1307 1231 1348 καὶ
1274 1304 1372 1354 τούς
1401 1306 1553 1354 δοῧκας

96 1375 154 1424 εἲς
175 1374 251 1430 τὴν
268 1374 373 1418 κατὰ
390 1378 565 1431 Περσῶν
597 1372 745 1430 μάχην.
826 1374 868 1416 εἶν
895 1373 1008 1432 αὐτῷ
1051 1374 1095 1417 δὲ
1121 1378 1179 1432 τῷ
1204 1370 1338 1431 χρόνῳ
1359 1373 1552 1430 ἐπέμφθη

94 1443 150 1492 εἲς
169 1442 223 1485 τὰ
239 1443 423 1500 Περσικὰ
438 1441 678 1498 Ἑρμογένης
709 1440 732 1484 ὃ
756 1441 837 1484 ἀπὸ
865 1443 1121 1499 μαγίστρων,
1159 1440 1180 1485 ὅ
1214 1439 1406 1497 Σκύθης,
1445 1441 1548 1497 ἀνὴρ
1572 1436 1606 1515 g
1632 1435 1699 1471 180

93 1508 234 1568 σοφός.
305 1515 363 1569 τῷ
394 1511 440 1554 δὲ
471 1512 607 1570 ῐουνίῳ
635 1512 734 1566 μηνὶ
762 1515 837 1565 τῆς
869 1508 1048 1565 ἑβδόμης
1083 1510 1329 1559 ἶνδικτιῶνος
1370 1514 1550 1566 ταραχῆς

38 1579 307 1634 εογενομίνης
334 1580 521 1634 ἔθνικῆς,
559 1576 854 1633 συμβαλόντων
883 1578 961 1634 γὰρ
994 1582 1076 1621 τῶν
1100 1581 1365 1634 Σαμαρειτῶν
1396 1578 1545 1632 μεταξτῖ

90 1651 336 1704 χριστιανῶν
362 1649 431 1689 καὶ
453 1647 682 1698 Ἰουδαίων,
719 1647 862 1689 πολλοὶ
891 1644 1009 1688 τόποι
1034 1645 1347 1703 ἐνεπρήσθησαν
1376 1646 1417 1688 ἓν
1438 1650 1547 1689 Σκυ-

93 1713 266 1758 θοπόλει
286 1716 328 1758 ἐκ
345 1719 430 1758 τῶν
446 1715 583 1757 αὐτῶν
605 1718 883 1771 Σαμαρειτῶν.
954 1715 1022 1756 καὶ
1041 1719 1164 1757 τοῦτο
1185 1712 1362 1762 ἀκούσας
1383 1712 1403 1756 ὅ
1424 1713 1549 1764 αὐτὸς

93 1782 286 1836 βασιλεὺς
327 1780 579 1839 ἠγανάκτησε
618 1782 722 1825 κατὰ
751 1786 825 1825 τοῦ
856 1781 1054 1838 ἄρχοντος
1074 1780 1266 1826 Βάσσου·
1303 1782 1437 1824 ὅντινα
1456 1784 1546 1824 δια-

93 1849 313 1907 δεξάμενος
349 1849 638 1909 ἀπεκεφάλισεν
667 1851 708 1894 ἓν
739 1850 843 1908 αῧτῇ
883 1854 934 1908 τῇ
958 1847 1089 1912 χώρᾳ.
1160 1851 1199 1894 οἳ
1223 1851 1267 1893 δὲ
1296 1854 1546 1908 Σαμαρεῖται

183 1939 240 1974 20.
264 1935 336 1984 γάρ
358 1941 562 1984 expunctum
583 1936 702 1973 malim.

182 2005 321 2041 Eisdem
342 2005 562 2052 temporibus,
585 2005 825 2040 Alamundarus
847 2005 1047 2048 Saracenas,
1071 2005 1250 2040 Persarum
1275 2004 1411 2050 [socius]
1437 2004 1544 2051 copiis

91 2051 238 2088 Persicis
260 2057 296 2087 et
317 2051 531 2087 saracenicis
554 2052 754 2094 instructus,
779 2051 913 2097 Syriam
936 2052 1080 2086 Primam
1103 2050 1328 2096 depraedatus
1351 2057 1419 2093 est3
1442 2051 1545 2086 adus-

116 2109 159 2133 ne
187 2097 385 2133 Antiochiae
414 2098 497 2132 fines
520 2098 630 2133 omnia
662 2105 808 2132 vastans.
865 2098 960 2132 Haec
997 2098 1057 2132 ubi
1087 2097 1291 2132 audivissent
1318 2097 1543 2131 Romanorum

90 2109 223 2186 guo-s,
246 2149 367 2179 contra
388 2155 463 2179 eum
486 2143 615 2188 egressi
637 2149 732 2178 sunt:
759 2154 825 2189 quo
849 2142 1005 2188 cognito,
1028 2143 1213 2186 Saraceni,
1238 2147 1379 2188 arrepta
1400 2143 1543 2188 praeda,

89 2200 153 2236 per
172 2188 311 2225 limitem
333 2189 531 2225 exteriorem
555 2194 746 2224 evaserunt.

180 2235 307 2271 Eorum
345 2241 498 2282 tempore
545 2235 750 2271 Justinianus
790 2234 981 2281 Imperator
1016 2233 1272 2280 aquaeductum
1313 2232 1542 2268 Alexandriae

91 2290 234 2326 magnae
261 2280 475 2316 instauravit.

181 2326 371 2373 Imperator
392 2338 475 2362 vero
498 2325 624 2362 certior
660 2327 771 2361 factus
794 2326 838 2360 de
858 2326 1104 2360 Saracenorum
1124 2323 1391 2366 Incursionibus‚
1433 2323 1542 2369 pede-

92 2371 215 2407 stribus
250 2383 290 2408 co
315 2372 357 2407 iis
385 2372 578 2418 ingentibus
609 2371 758 2407 collectis
790 2383 832 2406 ex
864 2372 1038 2416 Phrygum
1069 2370 1370 2417 Lycocranitarum
1400 2370 1541 2415 regione

93 2415 206 2460 dieta,
239 2417 276 2452 in
328 2429 474 2454 ersarnm
498 2424 534 2453 et
554 2419 800 2453 Saracenorum
821 2423 938 2464 partes
960 2428 1016 2452 eas
1038 2417 1173 2452 emittit.
1221 2415 1350 2449 Eodem
1372 2418 1540 2460 tempore,

92 2461 244 2508 Hypatio
264 2463 428 2507 Patricio,
450 2465 599 2499 Militum
621 2463 801 2508 Magistro,
825 2462 995 2508 dignitate
1017 2467 1133 2504 exuto,
1157 2461 1339 2495 Belisarius
1363 2461 1405 2495 ab
1428 2461 1542 2506 Impe-

92 2513 207 2542 ratore
226 2507 262 2542 in
293 2509 402 2544 locum
425 2511 496 2554 ejus
518 2509 678 2544 suffectus
702 2514 773 2550 est,
807 2508 867 2554 qui
891 2508 1059 2544 exercitus
1082 2508 1270 2548 Romanos,
1301 2506 1480 2551 Ducesque
1503 2509 1541 2541 et

90 2556 200 2588 totum
220 2553 306 2589 Belli
327 2554 456 2590 Persici
478 2555 650 2601 negotium
673 2554 738 2589 sibi
760 2554 963 2589 commissum
986 2554 1115 2588 habuit.
1175 2552 1306 2586 Eodem
1329 2550 1430 2586 etiam
1453 2556 1539 2587 tem-

91 2609 176 2644 pore
198 2597 234 2632 in
256 2599 426 2636 Persidem
457 2602 571 2636 missus
593 2606 645 2635 est
667 2600 896 2644 Hermogenes
919 2600 1070 2644 Scytha,
1104 2597 1336 2642 Exmagister‚
1378 2597 1432 2632 vir
1454 2609 1540 2643 pru-

91 2642 309 2680 dentissimus.
354 2646 472 2682 Mense
495 2651 606 2681 autem
628 2646 750 2688 Junio,
774 2645 971 2680 Indictionis
993 2655 1063 2685 vu,
1086 2643 1244 2678 tumuitus
1268 2642 1415 2677 Gentiiis
1437 2654 1539 2678 exor-

91 2694 146 2724 tus
178 2695 249 2724 estz
291 2689 510 2727 Samaritanis
541 2691 648 2735 enim,
687 2691 909 2737 sudansque,
949 2702 1022 2725 cum
1045 2688 1246 2723 Christianis
1268 2687 1536 2723 conflictantibus

91 2733 337 2781 quamplurima
357 2735 392 2770 in
412 2737 612 2783 Scythopoli
633 2736 790 2772 aedificia
812 2749 833 2772 a
858 2734 1079 2771 Samaritanis
1101 2735 1273 2769 combusta
1295 2737 1379 2769 sunt.
1423 2734 1536 2780 Impe-

91 2785 188 2815 rator
210 2784 323 2816 autem
345 2781 389 2815 de
411 2782 463 2816 his
484 2782 609 2818 certior
630 2784 742 2817 factus
763 2783 868 2817 Basso
888 2781 1070 2816 Praefecto
1092 2779 1210 2820 iratus,
1233 2779 1349 2814 officio
1373 2791 1447 2815 eum
1472 2780 1535 2814 ab·

90 2825 239 2863 dicavite
278 2831 447 2874 caputque
467 2828 568 2864 etiam
588 2828 642 2871 εἰ,
666 2828 783 2864 eadem
804 2827 881 2874 ipsa
901 2827 936 2862 in
956 2825 1116 2872 regione,
1138 2824 1338 2872 amputavit.
1382 2824 1530 2862 Samari-
