<?xml version="1.0" encoding="UTF-8"?>
<!DOCTYPE html PUBLIC "-//W3C//DTD XHTML 1.0 Transitional//EN"
    "http://www.w3.org/TR/xhtml1/DTD/xhtml1-transitional.dtd">
<html xmlns="http://www.w3.org/1999/xhtml" xml:lang="en" lang="en">
 <head>
  <title>
</title>
<meta http-equiv="Content-Type" content="text/html;charset=utf-8" />
  <meta name='ocr-system' content='tesseract 3.04.00' />
  <meta name='ocr-capabilities' content='ocr_page ocr_carea ocr_par ocr_line ocrx_word'/>
</head>
<body>
  <div class='ocr_page' id='page_1' title='image "./corpusscriptorum28niebuoft_0243.png"; bbox 0 0 1838 3230; ppageno 0'>
   <div class='ocr_carea' id='block_1_1' title="bbox 458 153 1604 208">
    <p class='ocr_par' dir='ltr' id='par_1_1' title="bbox 458 153 1604 208">
     <span class='ocr_line' id='line_1_1' title="bbox 458 153 1604 208; baseline 0.001 -9"><span class='ocrx_word' id='word_1_1' title='bbox 458 153 1068 200; x_wconf 88' lang='lat' dir='ltr'>CHRONOGRAPHIA.</span> <span class='ocrx_word' id='word_1_2' title='bbox 1124 154 1172 197; x_wconf 93' lang='lat' dir='ltr'>L.</span> <span class='ocrx_word' id='word_1_3' title='bbox 1202 155 1277 198; x_wconf 82' lang='lat' dir='ltr'>VI.</span> <span class='ocrx_word' id='word_1_4' title='bbox 1511 162 1604 208; x_wconf 84' lang='lat'>161</span> 
     </span>
    </p>
   </div>
   <div class='ocr_carea' id='block_1_2' title="bbox 134 269 1726 538">
    <p class='ocr_par' dir='ltr' id='par_1_2' title="bbox 134 269 1726 538">
     <span class='ocr_line' id='line_1_2' title="bbox 137 269 1606 335; baseline 0 -17"><span class='ocrx_word' id='word_1_5' title='bbox 137 272 242 330; x_wconf 67' lang='grc' dir='ltr'><strong><em>μετὰ</em></strong></span> <span class='ocrx_word' id='word_1_6' title='bbox 271 272 430 332; x_wconf 78' lang='grc' dir='ltr'><strong><em>Ἔσδρα</em></strong></span> <span class='ocrx_word' id='word_1_7' title='bbox 466 277 542 318; x_wconf 78' lang='grc' dir='ltr'>τοῦ</span> <span class='ocrx_word' id='word_1_8' title='bbox 571 271 787 331; x_wconf 82' lang='grc' dir='ltr'><strong><em>προφήτου</em></strong></span> <span class='ocrx_word' id='word_1_9' title='bbox 813 275 880 317; x_wconf 81' lang='grc' dir='ltr'><strong><em>καὶ</em></strong></span> <span class='ocrx_word' id='word_1_10' title='bbox 906 272 1156 331; x_wconf 75' lang='grc' dir='ltr'><strong><em>ἡγουμένου·</em></strong></span> <span class='ocrx_word' id='word_1_11' title='bbox 1192 269 1304 335; x_wconf 76' lang='grc' dir='ltr'><strong><em>ᾧτινι</em></strong></span> <span class='ocrx_word' id='word_1_12' title='bbox 1335 276 1403 317; x_wconf 83' lang='grc' dir='ltr'>καὶ</span> <span class='ocrx_word' id='word_1_13' title='bbox 1431 275 1484 318; x_wconf 78' lang='grc' dir='ltr'>τὰ</span> <span class='ocrx_word' id='word_1_14' title='bbox 1519 276 1606 332; x_wconf 78' lang='grc' dir='ltr'><strong><em>ἱερὰ</em></strong></span> 
     </span>
     <span class='ocr_line' id='line_1_3' title="bbox 137 340 1606 401; baseline 0.001 -14"><span class='ocrx_word' id='word_1_15' title='bbox 137 340 262 399; x_wconf 65' lang='grc' dir='ltr'><strong><em>σκεύη</em></strong></span> <span class='ocrx_word' id='word_1_16' title='bbox 287 343 410 387; x_wconf 70' lang='grc' dir='ltr'><strong><em>ἔδωκε</em></strong></span> <span class='ocrx_word' id='word_1_17' title='bbox 430 344 497 386; x_wconf 75' lang='grc' dir='ltr'>καὶ</span> <span class='ocrx_word' id='word_1_18' title='bbox 515 342 591 393; x_wconf 80' lang='grc' dir='ltr'><strong><em>τὰς</em></strong></span> <span class='ocrx_word' id='word_1_19' title='bbox 610 345 782 397; x_wconf 75' lang='grc' dir='ltr'><em>βίβλους</em></span> <span class='ocrx_word' id='word_1_20' title='bbox 803 342 878 393; x_wconf 79' lang='grc' dir='ltr'><strong><em>τὰς</em></strong></span> <span class='ocrx_word' id='word_1_21' title='bbox 896 343 1099 400; x_wconf 78' lang='grc' dir='ltr'><strong><em>ἱερατικὰς</em></strong></span> <span class='ocrx_word' id='word_1_22' title='bbox 1116 343 1191 394; x_wconf 79' lang='grc' dir='ltr'><strong><em>τὰς</em></strong></span> <span class='ocrx_word' id='word_1_23' title='bbox 1211 342 1468 401; x_wconf 79' lang='grc' dir='ltr'><strong><em>εὖρεθείσας·</em></strong></span> <span class='ocrx_word' id='word_1_24' title='bbox 1506 342 1528 388; x_wconf 81' lang='grc' dir='ltr'><strong><em>ὃ</em></strong></span> <span class='ocrx_word' id='word_1_25' title='bbox 1560 345 1606 388; x_wconf 76' lang='grc' dir='ltr'>δὲ</span> 
     </span>
     <span class='ocr_line' id='line_1_4' title="bbox 138 409 1726 468; baseline 0.001 -13"><span class='ocrx_word' id='word_1_26' title='bbox 138 410 263 462; x_wconf 77' lang='grc' dir='ltr'><strong><em>αὐτὸς</em></strong></span> <span class='ocrx_word' id='word_1_27' title='bbox 286 410 467 468; x_wconf 78' lang='grc' dir='ltr'><strong><em>Ἔσδρας</em></strong></span> <span class='ocrx_word' id='word_1_28' title='bbox 492 415 577 454; x_wconf 85' lang='grc' dir='ltr'><strong><em>τῶν</em></strong></span> <span class='ocrx_word' id='word_1_29' title='bbox 600 410 659 467; x_wconf 84' lang='grc' dir='ltr'>μὴ</span> <span class='ocrx_word' id='word_1_30' title='bbox 678 409 927 467; x_wconf 69' lang='grc' dir='ltr'><strong><em>εὑρεθέντων</em></strong></span> <span class='ocrx_word' id='word_1_31' title='bbox 949 413 1122 467; x_wconf 80' lang='grc' dir='ltr'><strong><em>βιβλίων</em></strong></span> <span class='ocrx_word' id='word_1_32' title='bbox 1140 412 1219 457; x_wconf 83' lang='grc' dir='ltr'>ἀπὸ</span> <span class='ocrx_word' id='word_1_33' title='bbox 1241 410 1507 468; x_wconf 73' lang='grc' dir='ltr'>ὑπομνήσεως</span> <span class='ocrx_word' id='word_1_34' title='bbox 1525 413 1599 456; x_wconf 71' lang='grc' dir='ltr'>αὗ-</span> <span class='ocrx_word' id='word_1_35' title='bbox 1626 429 1657 463; x_wconf 92' lang='lat' dir='ltr'>v</span> <span class='ocrx_word' id='word_1_36' title='bbox 1681 431 1726 466; x_wconf 78' lang='lat'>53</span> 
     </span>
     <span class='ocr_line' id='line_1_5' title="bbox 134 477 1049 538; baseline 0.002 -15"><span class='ocrx_word' id='word_1_37' title='bbox 134 483 211 523; x_wconf 79' lang='grc' dir='ltr'>τοῦ</span> <span class='ocrx_word' id='word_1_38' title='bbox 232 477 468 538; x_wconf 72' lang='grc' dir='ltr'><strong><em>γράφεσθαι</em></strong></span> <span class='ocrx_word' id='word_1_39' title='bbox 486 479 539 523; x_wconf 80' lang='grc' dir='ltr'>τὰ</span> <span class='ocrx_word' id='word_1_40' title='bbox 556 477 841 535; x_wconf 64' lang='grc' dir='ltr'><strong><em>’ὑπομνήματα</em></strong></span> <span class='ocrx_word' id='word_1_41' title='bbox 853 481 1049 536; x_wconf 74' lang='grc' dir='ltr'><strong><em>ἐποίησεν.</em></strong></span> 
     </span>
    </p>
   </div>
   <div class='ocr_carea' id='block_1_3' title="bbox 0 0 53 545">
    <p class='ocr_par' dir='ltr' id='par_1_3' title="bbox 0 0 53 545">
     <span class='ocr_line' id='line_1_6' title="bbox 0 0 53 545; baseline 0 2685"><span class='ocrx_word' id='word_1_42' title='bbox 0 0 53 545; x_wconf 95' lang='lat' dir='ltr'> </span> 
     </span>
    </p>
   </div>
   <div class='ocr_carea' id='block_1_4' title="bbox 73 568 1750 1658">
    <p class='ocr_par' dir='ltr' id='par_1_4' title="bbox 103 568 1602 629">
     <span class='ocr_line' id='line_1_7' title="bbox 103 568 1602 629; baseline 0.003 -15"><span class='ocrx_word' id='word_1_43' title='bbox 103 583 126 620; x_wconf 83' lang='grc'><strong>5</strong></span> <span class='ocrx_word' id='word_1_44' title='bbox 232 569 302 614; x_wconf 86' lang='grc' dir='ltr'><strong><em>Ἓν</em></strong></span> <span class='ocrx_word' id='word_1_45' title='bbox 321 571 367 614; x_wconf 78' lang='grc' dir='ltr'>δὲ</span> <span class='ocrx_word' id='word_1_46' title='bbox 379 577 467 622; x_wconf 75' lang='grc' dir='ltr'><strong><em>τοῖς</em></strong></span> <span class='ocrx_word' id='word_1_47' title='bbox 486 569 626 621; x_wconf 80' lang='grc' dir='ltr'><strong><em>αῧτοῖς</em></strong></span> <span class='ocrx_word' id='word_1_48' title='bbox 642 568 803 627; x_wconf 83' lang='grc' dir='ltr'>χρόνοις</span> <span class='ocrx_word' id='word_1_49' title='bbox 821 571 1078 625; x_wconf 72' lang='grc' dir='ltr'><strong><em>ἐβασίλευσεν</em></strong></span> <span class='ocrx_word' id='word_1_50' title='bbox 1100 569 1381 629; x_wconf 78' lang='grc' dir='ltr'><strong><em>ἦΜακεὸονιά</em></strong></span> <span class='ocrx_word' id='word_1_51' title='bbox 1394 570 1535 629; x_wconf 79' lang='grc' dir='ltr'><strong><em>χώρα·</em></strong></span> <span class='ocrx_word' id='word_1_52' title='bbox 1560 574 1602 618; x_wconf 76' lang='grc' dir='ltr'><strong><em>ἓν</em></strong></span> 
     </span>
    </p>

    <p class='ocr_par' dir='ltr' id='par_1_5' title="bbox 133 632 1602 903">
     <span class='ocr_line' id='line_1_8' title="bbox 134 632 1602 697; baseline 0.002 -15"><span class='ocrx_word' id='word_1_53' title='bbox 134 632 163 697; x_wconf 77' lang='grc' dir='ltr'><strong><em>ᾗ</em></strong></span> <span class='ocrx_word' id='word_1_54' title='bbox 181 643 344 697; x_wconf 83' lang='grc' dir='ltr'><strong><em>πρῶτος</em></strong></span> <span class='ocrx_word' id='word_1_55' title='bbox 362 641 618 695; x_wconf 72' lang='grc' dir='ltr'><strong><em>ἐβασίλευσεν</em></strong></span> <span class='ocrx_word' id='word_1_56' title='bbox 641 637 662 683; x_wconf 83' lang='grc' dir='ltr'><strong>ὅ</strong></span> <span class='ocrx_word' id='word_1_57' title='bbox 679 639 876 695; x_wconf 84' lang='grc' dir='ltr'><strong><em>Κραναὸς</em></strong></span> <span class='ocrx_word' id='word_1_58' title='bbox 895 637 963 695; x_wconf 72' lang='grc' dir='ltr'>ἴτή</span> <span class='ocrx_word' id='word_1_59' title='bbox 984 638 1060 696; x_wconf 84' lang='grc' dir='ltr'>κη’.</span> <span class='ocrx_word' id='word_1_60' title='bbox 1133 642 1200 684; x_wconf 80' lang='grc' dir='ltr'><strong><em>καὶ</em></strong></span> <span class='ocrx_word' id='word_1_61' title='bbox 1228 641 1369 684; x_wconf 85' lang='grc' dir='ltr'><strong><em>λοιπόν</em></strong></span> <span class='ocrx_word' id='word_1_62' title='bbox 1391 642 1602 696; x_wconf 71' lang='grc' dir='ltr'><strong><em>ἐβασίλευ-</em></strong></span> 
     </span>
     <span class='ocr_line' id='line_1_9' title="bbox 134 704 1600 765; baseline 0.003 -15"><span class='ocrx_word' id='word_1_63' title='bbox 134 722 214 751; x_wconf 85' lang='grc' dir='ltr'>σαν</span> <span class='ocrx_word' id='word_1_64' title='bbox 234 706 350 751; x_wconf 72' lang='grc' dir='ltr'><strong><em>ιῖίλλοι</em></strong></span> <span class='ocrx_word' id='word_1_65' title='bbox 376 705 438 764; x_wconf 74' lang='grc' dir='ltr'>’κγ’</span> <span class='ocrx_word' id='word_1_66' title='bbox 469 708 544 759; x_wconf 71' lang='grc' dir='ltr'><strong><em>ἕως</em></strong></span> <span class='ocrx_word' id='word_1_67' title='bbox 573 709 793 752; x_wconf 82' lang='grc' dir='ltr'><strong><em>Φιλίππου.</em></strong></span> <span class='ocrx_word' id='word_1_68' title='bbox 847 704 954 764; x_wconf 75' lang='grc' dir='ltr'><strong><em>ἦσαν</em></strong></span> <span class='ocrx_word' id='word_1_69' title='bbox 974 710 1019 751; x_wconf 74' lang='grc' dir='ltr'>δὲ</span> <span class='ocrx_word' id='word_1_70' title='bbox 1035 706 1127 753; x_wconf 85' lang='grc' dir='ltr'><strong><em>τότε</em></strong></span> <span class='ocrx_word' id='word_1_71' title='bbox 1148 709 1201 752; x_wconf 76' lang='grc' dir='ltr'>τὰ</span> <span class='ocrx_word' id='word_1_72' title='bbox 1220 714 1302 753; x_wconf 85' lang='grc' dir='ltr'><strong><em>τῶν</em></strong></span> <span class='ocrx_word' id='word_1_73' title='bbox 1315 707 1518 765; x_wconf 87' lang='grc' dir='ltr'><strong><em>Ἑλλήνων</em></strong></span> <span class='ocrx_word' id='word_1_74' title='bbox 1538 713 1600 754; x_wconf 75' lang='grc' dir='ltr'><strong><em>δι-</em></strong></span> 
     </span>
     <span class='ocr_line' id='line_1_10' title="bbox 134 773 1602 835; baseline 0.002 -16"><span class='ocrx_word' id='word_1_75' title='bbox 134 773 354 827; x_wconf 78' lang='grc' dir='ltr'><strong><em>δάσκοντες</em></strong></span> <span class='ocrx_word' id='word_1_76' title='bbox 391 774 612 834; x_wconf 87' lang='grc' dir='ltr'><strong><em>φιλόσοφοι</em></strong></span> <span class='ocrx_word' id='word_1_77' title='bbox 646 779 713 820; x_wconf 81' lang='grc' dir='ltr'>καὶ</span> <span class='ocrx_word' id='word_1_78' title='bbox 750 778 916 833; x_wconf 87' lang='grc' dir='ltr'><strong><em>ποιηταὶ</em></strong></span> <span class='ocrx_word' id='word_1_79' title='bbox 958 781 1177 834; x_wconf 83' lang='grc' dir='ltr'><strong><em>Σοφοκλῆς</em></strong></span> <span class='ocrx_word' id='word_1_80' title='bbox 1220 780 1287 820; x_wconf 78' lang='grc' dir='ltr'>καὶ</span> <span class='ocrx_word' id='word_1_81' title='bbox 1335 776 1602 835; x_wconf 80' lang='grc' dir='ltr'><strong><em>Ἡρακλείδης</em></strong></span> 
     </span>
     <span class='ocr_line' id='line_1_11' title="bbox 133 843 1600 903; baseline 0.003 -16"><span class='ocrx_word' id='word_1_82' title='bbox 133 845 201 887; x_wconf 72' lang='grc' dir='ltr'>καὶ</span> <span class='ocrx_word' id='word_1_83' title='bbox 231 844 457 902; x_wconf 74' lang='grc' dir='ltr'><strong><em>Εὐριπίδης</em></strong></span> <span class='ocrx_word' id='word_1_84' title='bbox 489 845 563 889; x_wconf 76' lang='grc' dir='ltr'><em>καῖ</em></span> <span class='ocrx_word' id='word_1_85' title='bbox 583 843 811 903; x_wconf 79' lang='grc' dir='ltr'><strong><em>Ἡρόδοτος</em></strong></span> <span class='ocrx_word' id='word_1_86' title='bbox 843 846 910 888; x_wconf 77' lang='grc' dir='ltr'>καὶ</span> <span class='ocrx_word' id='word_1_87' title='bbox 944 844 1170 903; x_wconf 75' lang='grc' dir='ltr'><strong><em>Σωκράτης</em></strong></span> <span class='ocrx_word' id='word_1_88' title='bbox 1203 848 1270 889; x_wconf 81' lang='grc' dir='ltr'>καὶ</span> <span class='ocrx_word' id='word_1_89' title='bbox 1303 843 1324 889; x_wconf 81' lang='grc' dir='ltr'>ὅ</span> <span class='ocrx_word' id='word_1_90' title='bbox 1353 847 1480 903; x_wconf 87' lang='grc' dir='ltr'><strong><em>μέγας</em></strong></span> <span class='ocrx_word' id='word_1_91' title='bbox 1504 851 1600 891; x_wconf 89' lang='grc' dir='ltr'>Πυ-</span> 
     </span>
    </p>

    <p class='ocr_par' dir='ltr' id='par_1_6' title="bbox 79 909 1750 1246">
     <span class='ocr_line' id='line_1_12' title="bbox 79 909 1750 971; baseline 0 -12"><span class='ocrx_word' id='word_1_92' title='bbox 79 925 125 960; x_wconf 86' lang='lat'>10</span> <span class='ocrx_word' id='word_1_93' title='bbox 136 910 334 971; x_wconf 81' lang='grc' dir='ltr'><strong><em>θαγόρας.</em></strong></span> <span class='ocrx_word' id='word_1_94' title='bbox 404 909 456 970; x_wconf 80' lang='grc' dir='ltr'><strong><em>ἦν</em></strong></span> <span class='ocrx_word' id='word_1_95' title='bbox 486 915 532 957; x_wconf 77' lang='grc' dir='ltr'>δὲ</span> <span class='ocrx_word' id='word_1_96' title='bbox 554 912 760 971; x_wconf 83' lang='grc' dir='ltr'><strong><em>Ἡρακλῆς</em></strong></span> <span class='ocrx_word' id='word_1_97' title='bbox 775 915 983 970; x_wconf 79' lang='grc' dir='ltr'><strong><em>γεννηθεὶς</em></strong></span> <span class='ocrx_word' id='word_1_98' title='bbox 1003 914 1044 958; x_wconf 75' lang='grc' dir='ltr'><strong><em>ἐν</em></strong></span> <span class='ocrx_word' id='word_1_99' title='bbox 1063 921 1150 965; x_wconf 85' lang='grc' dir='ltr'><strong><em>τοῖς</em></strong></span> <span class='ocrx_word' id='word_1_100' title='bbox 1169 915 1473 971; x_wconf 76' lang='grc' dir='ltr'><strong><em>προειρημένοις</em></strong></span> <span class='ocrx_word' id='word_1_101' title='bbox 1492 916 1600 960; x_wconf 77' lang='grc' dir='ltr'><strong><em>ἆνω-</em></strong></span> <span class='ocrx_word' id='word_1_102' title='bbox 1625 924 1658 958; x_wconf 94' lang='grc' dir='ltr'><strong>Ο</strong></span> <span class='ocrx_word' id='word_1_103' title='bbox 1681 925 1750 959; x_wconf 77' lang='lat'>205</span> 
     </span>
     <span class='ocr_line' id='line_1_13' title="bbox 132 980 1599 1041; baseline 0.002 -16"><span class='ocrx_word' id='word_1_104' title='bbox 132 981 238 1038; x_wconf 80' lang='grc' dir='ltr'><strong><em>τέρω</em></strong></span> <span class='ocrx_word' id='word_1_105' title='bbox 259 980 428 1038; x_wconf 85' lang='grc' dir='ltr'><strong><em>χρόνοις</em></strong></span> <span class='ocrx_word' id='word_1_106' title='bbox 454 983 496 1026; x_wconf 74' lang='grc' dir='ltr'><strong><em>ἐν</em></strong></span> <span class='ocrx_word' id='word_1_107' title='bbox 524 986 663 1041; x_wconf 78' lang='grc' dir='ltr'><strong><em>Λατῷ</em></strong></span> <span class='ocrx_word' id='word_1_108' title='bbox 694 988 769 1038; x_wconf 82' lang='grc' dir='ltr'><strong><em>τῆς</em></strong></span> <span class='ocrx_word' id='word_1_109' title='bbox 800 984 1034 1038; x_wconf 67' lang='grc' dir='ltr'><strong><em>Θηβαΐδος,</em></strong></span> <span class='ocrx_word' id='word_1_110' title='bbox 1071 983 1116 1025; x_wconf 70' lang='grc' dir='ltr'>ἐκ</span> <span class='ocrx_word' id='word_1_111' title='bbox 1143 982 1283 1039; x_wconf 85' lang='grc' dir='ltr'><strong><em>γένους</em></strong></span> <span class='ocrx_word' id='word_1_112' title='bbox 1307 981 1501 1040; x_wconf 72' lang='grc' dir='ltr'><strong><em>ὑπάρχων</em></strong></span> <span class='ocrx_word' id='word_1_113' title='bbox 1523 990 1599 1028; x_wconf 83' lang='grc' dir='ltr'>τοῦ</span> 
     </span>
     <span class='ocr_line' id='line_1_14' title="bbox 127 1047 1650 1108; baseline -0.001 -14"><span class='ocrx_word' id='word_1_114' title='bbox 127 1047 351 1107; x_wconf 77' lang='grc' dir='ltr'><strong><em>Ἡρακλέος</em></strong></span> <span class='ocrx_word' id='word_1_115' title='bbox 372 1054 445 1094; x_wconf 80' lang='grc' dir='ltr'>τοῦ</span> <span class='ocrx_word' id='word_1_116' title='bbox 466 1052 509 1093; x_wconf 71' lang='grc' dir='ltr'>ἐκ</span> <span class='ocrx_word' id='word_1_117' title='bbox 537 1056 611 1108; x_wconf 85' lang='grc' dir='ltr'><strong><em>τῆς</em></strong></span> <span class='ocrx_word' id='word_1_118' title='bbox 628 1049 854 1107; x_wconf 83' lang='grc' dir='ltr'><strong><em>Ἀλκμήνης</em></strong></span> <span class='ocrx_word' id='word_1_119' title='bbox 874 1052 940 1094; x_wconf 82' lang='grc' dir='ltr'>καὶ</span> <span class='ocrx_word' id='word_1_120' title='bbox 962 1054 1037 1094; x_wconf 82' lang='grc' dir='ltr'>τοῦ</span> <span class='ocrx_word' id='word_1_121' title='bbox 1054 1052 1189 1094; x_wconf 79' lang='grc' dir='ltr'><strong><em>Πίκου</em></strong></span> <span class='ocrx_word' id='word_1_122' title='bbox 1206 1049 1332 1101; x_wconf 87' lang='grc' dir='ltr'><strong><em>Διός·</em></strong></span> <span class='ocrx_word' id='word_1_123' title='bbox 1370 1050 1481 1103; x_wconf 82' lang='grc' dir='ltr'><strong><em>ὅστις</em></strong></span> <span class='ocrx_word' id='word_1_124' title='bbox 1505 1053 1598 1096; x_wconf 82' lang='grc' dir='ltr'><strong><em>ἀνε-</em></strong></span> <span class='ocrx_word' id='word_1_125' title='bbox 1621 1059 1650 1093; x_wconf 86' lang='grc' dir='ltr'>Β</span> 
     </span>
     <span class='ocr_line' id='line_1_15' title="bbox 131 1115 1598 1180; baseline 0.001 -18"><span class='ocrx_word' id='word_1_126' title='bbox 131 1117 273 1176; x_wconf 78' lang='grc' dir='ltr'><strong><em>τράφη</em></strong></span> <span class='ocrx_word' id='word_1_127' title='bbox 302 1119 344 1162; x_wconf 77' lang='grc' dir='ltr'><strong><em>ἓν</em></strong></span> <span class='ocrx_word' id='word_1_128' title='bbox 369 1123 421 1177; x_wconf 84' lang='grc' dir='ltr'>τῇ</span> <span class='ocrx_word' id='word_1_129' title='bbox 437 1117 620 1180; x_wconf 75' lang='grc' dir='ltr'><strong><em>Ἱσπανίᾳ</em></strong></span> <span class='ocrx_word' id='word_1_130' title='bbox 643 1118 784 1179; x_wconf 77' lang='grc' dir='ltr'><strong><em>χώρᾳ,</em></strong></span> <span class='ocrx_word' id='word_1_131' title='bbox 823 1121 890 1163; x_wconf 80' lang='grc' dir='ltr'>καὶ</span> <span class='ocrx_word' id='word_1_132' title='bbox 919 1119 1101 1177; x_wconf 77' lang='grc' dir='ltr'><strong><em>ἀνδρεῖος</em></strong></span> <span class='ocrx_word' id='word_1_133' title='bbox 1129 1117 1341 1176; x_wconf 80' lang='grc' dir='ltr'><strong><em>γενόμενος</em></strong></span> <span class='ocrx_word' id='word_1_134' title='bbox 1373 1115 1479 1175; x_wconf 79' lang='grc' dir='ltr'><strong><em>ἦλθε</em></strong></span> <span class='ocrx_word' id='word_1_135' title='bbox 1506 1120 1598 1164; x_wconf 79' lang='grc' dir='ltr'><strong><em>τότε</em></strong></span> 
     </span>
     <span class='ocr_line' id='line_1_16' title="bbox 132 1185 1597 1246; baseline 0.001 -16"><span class='ocrx_word' id='word_1_136' title='bbox 132 1186 214 1231; x_wconf 77' lang='grc' dir='ltr'>ἀπὸ</span> <span class='ocrx_word' id='word_1_137' title='bbox 236 1191 311 1243; x_wconf 83' lang='grc' dir='ltr'><strong><em>τῆς</em></strong></span> <span class='ocrx_word' id='word_1_138' title='bbox 326 1185 534 1239; x_wconf 83' lang='grc' dir='ltr'><strong><em>Ἱσπανίας</em></strong></span> <span class='ocrx_word' id='word_1_139' title='bbox 560 1189 623 1231; x_wconf 75' lang='grc' dir='ltr'>ἐπὶ</span> <span class='ocrx_word' id='word_1_140' title='bbox 641 1188 714 1244; x_wconf 78' lang='grc' dir='ltr'><strong><em>τὴν</em></strong></span> <span class='ocrx_word' id='word_1_141' title='bbox 735 1188 937 1241; x_wconf 83' lang='grc' dir='ltr'><strong><em>Ἰταλίαν,</em></strong></span> <span class='ocrx_word' id='word_1_142' title='bbox 974 1187 1114 1245; x_wconf 79' lang='grc' dir='ltr'><strong><em>φυγὼν</em></strong></span> <span class='ocrx_word' id='word_1_143' title='bbox 1137 1187 1209 1231; x_wconf 82' lang='grc' dir='ltr'><strong><em>τὸν</em></strong></span> <span class='ocrx_word' id='word_1_144' title='bbox 1231 1188 1454 1246; x_wconf 73' lang='grc' dir='ltr'><strong><em>Εὐρυσθέα</em></strong></span> <span class='ocrx_word' id='word_1_145' title='bbox 1473 1194 1597 1242; x_wconf 77' lang='grc' dir='ltr'><strong><em>βασι-</em></strong></span> 
     </span>
    </p>

    <p class='ocr_par' dir='ltr' id='par_1_7' title="bbox 77 1254 1598 1587">
     <span class='ocr_line' id='line_1_17' title="bbox 77 1254 1593 1314; baseline 0.001 -16"><span class='ocrx_word' id='word_1_146' title='bbox 77 1267 122 1305; x_wconf 83' lang='lat'>15</span> <span class='ocrx_word' id='word_1_147' title='bbox 131 1255 228 1299; x_wconf 86' lang='grc' dir='ltr'><strong><em>λέα·</em></strong></span> <span class='ocrx_word' id='word_1_148' title='bbox 263 1257 331 1299; x_wconf 81' lang='grc' dir='ltr'>καὶ</span> <span class='ocrx_word' id='word_1_149' title='bbox 360 1256 615 1311; x_wconf 68' lang='grc' dir='ltr'><strong><em>ἐβασίλευσεν</em></strong></span> <span class='ocrx_word' id='word_1_150' title='bbox 637 1256 706 1312; x_wconf 71' lang='grc' dir='ltr'>ἕτη</span> <span class='ocrx_word' id='word_1_151' title='bbox 728 1254 805 1312; x_wconf 83' lang='grc' dir='ltr'>λη’.</span> <span class='ocrx_word' id='word_1_152' title='bbox 876 1255 987 1306; x_wconf 82' lang='grc' dir='ltr'><strong><em>ὅστις</em></strong></span> <span class='ocrx_word' id='word_1_153' title='bbox 1008 1255 1127 1311; x_wconf 76' lang='grc' dir='ltr'><strong><em>ἔλαβε</em></strong></span> <span class='ocrx_word' id='word_1_154' title='bbox 1149 1263 1318 1312; x_wconf 79' lang='grc' dir='ltr'><strong><em>γυναῖκα</em></strong></span> <span class='ocrx_word' id='word_1_155' title='bbox 1340 1256 1416 1313; x_wconf 84' lang='grc' dir='ltr'><strong><em>τὴν</em></strong></span> <span class='ocrx_word' id='word_1_156' title='bbox 1431 1257 1593 1314; x_wconf 71' lang='grc' dir='ltr'><strong><em>Αὔγην,</em></strong></span> 
     </span>
     <span class='ocr_line' id='line_1_18' title="bbox 129 1323 1598 1383; baseline 0.001 -15"><span class='ocrx_word' id='word_1_157' title='bbox 129 1323 207 1381; x_wconf 80' lang='grc' dir='ltr'><strong><em>τὴν</em></strong></span> <span class='ocrx_word' id='word_1_158' title='bbox 219 1323 358 1368; x_wconf 80' lang='grc' dir='ltr'><strong><em>Ἀλέου</em></strong></span> <span class='ocrx_word' id='word_1_159' title='bbox 377 1326 588 1383; x_wconf 75' lang='grc' dir='ltr'><strong><em>θυγατέρα</em></strong></span> <span class='ocrx_word' id='word_1_160' title='bbox 605 1326 828 1380; x_wconf 84' lang='grc' dir='ltr'><strong><em>βασιλέως,</em></strong></span> <span class='ocrx_word' id='word_1_161' title='bbox 866 1325 1099 1380; x_wconf 74' lang='grc' dir='ltr'><strong><em>ἓβασίλευσε</em></strong></span> <span class='ocrx_word' id='word_1_162' title='bbox 1131 1324 1189 1378; x_wconf 78' lang='grc' dir='ltr'>δέ,</span> <span class='ocrx_word' id='word_1_163' title='bbox 1226 1323 1283 1375; x_wconf 83' lang='grc' dir='ltr'><strong><em>ὥς</em></strong></span> <span class='ocrx_word' id='word_1_164' title='bbox 1300 1325 1344 1368; x_wconf 71' lang='grc' dir='ltr'>ἐκ</span> <span class='ocrx_word' id='word_1_165' title='bbox 1365 1330 1439 1369; x_wconf 83' lang='grc' dir='ltr'>τοῦ</span> <span class='ocrx_word' id='word_1_166' title='bbox 1459 1327 1598 1382; x_wconf 88' lang='grc' dir='ltr'><strong><em>γένους</em></strong></span> 
     </span>
     <span class='ocr_line' id='line_1_19' title="bbox 129 1390 1598 1452; baseline 0.001 -16"><span class='ocrx_word' id='word_1_167' title='bbox 129 1390 404 1450; x_wconf 84' lang='grc' dir='ltr'><strong><em>καταγόμενος</em></strong></span> <span class='ocrx_word' id='word_1_168' title='bbox 439 1399 514 1437; x_wconf 81' lang='grc' dir='ltr'>τοῦ</span> <span class='ocrx_word' id='word_1_169' title='bbox 550 1395 684 1437; x_wconf 83' lang='grc' dir='ltr'><strong><em>Πίκου</em></strong></span> <span class='ocrx_word' id='word_1_170' title='bbox 714 1392 842 1444; x_wconf 89' lang='grc' dir='ltr'><strong><em>Διός·</em></strong></span> <span class='ocrx_word' id='word_1_171' title='bbox 890 1392 990 1437; x_wconf 81' lang='grc' dir='ltr'><strong><em>ὅθεν</em></strong></span> <span class='ocrx_word' id='word_1_172' title='bbox 1017 1395 1084 1437; x_wconf 80' lang='grc' dir='ltr'>καὶ</span> <span class='ocrx_word' id='word_1_173' title='bbox 1115 1391 1269 1449; x_wconf 84' lang='grc' dir='ltr'><strong><em>στήλας</em></strong></span> <span class='ocrx_word' id='word_1_174' title='bbox 1297 1393 1410 1452; x_wconf 82' lang='grc' dir='ltr'><strong><em>αὐτῷ</em></strong></span> <span class='ocrx_word' id='word_1_175' title='bbox 1437 1401 1598 1452; x_wconf 76' lang='grc' dir='ltr'><strong><em>χρυσᾶς</em></strong></span> 
     </span>
     <span class='ocr_line' id='line_1_20' title="bbox 130 1461 1596 1520; baseline 0.001 -16"><span class='ocrx_word' id='word_1_176' title='bbox 130 1463 197 1504; x_wconf 75' lang='grc' dir='ltr'><strong><em>καὶ</em></strong></span> <span class='ocrx_word' id='word_1_177' title='bbox 216 1466 433 1519; x_wconf 79' lang='grc' dir='ltr'><strong><em>πορφυρᾶς</em></strong></span> <span class='ocrx_word' id='word_1_178' title='bbox 449 1462 676 1519; x_wconf 79' lang='grc' dir='ltr'><strong><em>ἀνέστησαν</em></strong></span> <span class='ocrx_word' id='word_1_179' title='bbox 698 1463 736 1506; x_wconf 77' lang='grc' dir='ltr'>οἳ</span> <span class='ocrx_word' id='word_1_180' title='bbox 756 1462 902 1505; x_wconf 80' lang='grc' dir='ltr'><strong><em>Ἰταλοὶ</em></strong></span> <span class='ocrx_word' id='word_1_181' title='bbox 931 1462 998 1506; x_wconf 78' lang='grc' dir='ltr'>καὶ</span> <span class='ocrx_word' id='word_1_182' title='bbox 1027 1466 1231 1518; x_wconf 76' lang='grc' dir='ltr'><strong><em>βασιλεῖς,</em></strong></span> <span class='ocrx_word' id='word_1_183' title='bbox 1262 1461 1352 1518; x_wconf 77' lang='grc' dir='ltr'><strong><em>ἤτοι</em></strong></span> <span class='ocrx_word' id='word_1_184' title='bbox 1373 1463 1512 1520; x_wconf 78' lang='grc' dir='ltr'><strong><em>ρἢες,</em></strong></span> <span class='ocrx_word' id='word_1_185' title='bbox 1553 1465 1596 1505; x_wconf 73' lang='grc' dir='ltr'>ἐκ</span> 
     </span>
     <span class='ocr_line' id='line_1_21' title="bbox 129 1529 1595 1587; baseline 0.001 -14"><span class='ocrx_word' id='word_1_186' title='bbox 129 1534 204 1573; x_wconf 85' lang='grc' dir='ltr'><strong><em>τοῦ</em></strong></span> <span class='ocrx_word' id='word_1_187' title='bbox 228 1530 370 1587; x_wconf 87' lang='grc' dir='ltr'><strong><em>γένους</em></strong></span> <span class='ocrx_word' id='word_1_188' title='bbox 400 1531 528 1575; x_wconf 80' lang='grc' dir='ltr'><strong><em>αὐτοῦ</em></strong></span> <span class='ocrx_word' id='word_1_189' title='bbox 551 1530 867 1587; x_wconf 79' lang='grc' dir='ltr'><strong><em>βασιλεύσαντες</em></strong></span> <span class='ocrx_word' id='word_1_190' title='bbox 888 1531 929 1574; x_wconf 74' lang='grc' dir='ltr'><strong><em>ἓν</em></strong></span> <span class='ocrx_word' id='word_1_191' title='bbox 947 1537 1033 1581; x_wconf 86' lang='grc' dir='ltr'><strong><em>τοῖς</em></strong></span> <span class='ocrx_word' id='word_1_192' title='bbox 1053 1529 1239 1586; x_wconf 72' lang='grc' dir='ltr'><strong><em>ἐσχάτοις</em></strong></span> <span class='ocrx_word' id='word_1_193' title='bbox 1255 1535 1330 1587; x_wconf 84' lang='grc' dir='ltr'><strong><em>τῆς</em></strong></span> <span class='ocrx_word' id='word_1_194' title='bbox 1350 1529 1504 1582; x_wconf 80' lang='grc' dir='ltr'><strong><em>δύσεως</em></strong></span> <span class='ocrx_word' id='word_1_195' title='bbox 1519 1533 1595 1587; x_wconf 77' lang='grc' dir='ltr'>μέ-</span> 
     </span>
    </p>

    <p class='ocr_par' dir='ltr' id='par_1_8' title="bbox 73 1597 1236 1658">
     <span class='ocr_line' id='line_1_22' title="bbox 73 1597 1236 1658; baseline 0.001 -16"><span class='ocrx_word' id='word_1_196' title='bbox 73 1610 263 1657; x_wconf 64' lang='grc' dir='ltr'><strong><em>εορεσιν·</em></strong></span> <span class='ocrx_word' id='word_1_197' title='bbox 299 1601 446 1651; x_wconf 77' lang='grc' dir='ltr'><strong><em>αἵτινες</em></strong></span> <span class='ocrx_word' id='word_1_198' title='bbox 463 1603 611 1657; x_wconf 81' lang='grc' dir='ltr'><strong><em>στῆλαι</em></strong></span> <span class='ocrx_word' id='word_1_199' title='bbox 630 1601 705 1651; x_wconf 74' lang='grc' dir='ltr'><strong><em>ἕως</em></strong></span> <span class='ocrx_word' id='word_1_200' title='bbox 724 1604 798 1644; x_wconf 77' lang='grc' dir='ltr'>τοῦ</span> <span class='ocrx_word' id='word_1_201' title='bbox 817 1597 1020 1658; x_wconf 85' lang='grc' dir='ltr'><strong><em>παρόντος</em></strong></span> <span class='ocrx_word' id='word_1_202' title='bbox 1033 1600 1236 1644; x_wconf 75' lang='grc' dir='ltr'><strong><em>ἵστανται.</em></strong></span> 
     </span>
    </p>
   </div>
   <div class='ocr_carea' id='block_1_5' title="bbox 221 1725 1595 1824">
    <p class='ocr_par' dir='ltr' id='par_1_9' title="bbox 221 1725 1595 1824">
     <span class='ocr_line' id='line_1_23' title="bbox 221 1725 1595 1777; baseline -0.003 -10"><span class='ocrx_word' id='word_1_203' title='bbox 221 1732 256 1767; x_wconf 86' lang='lat'>6.</span> <span class='ocrx_word' id='word_1_204' title='bbox 289 1729 485 1777; x_wconf 71' lang='grc' dir='ltr'><strong><em>Κραναός]</em></strong></span> <span class='ocrx_word' id='word_1_205' title='bbox 511 1731 570 1767; x_wconf 86' lang='lat' dir='ltr'>Sic</span> <span class='ocrx_word' id='word_1_206' title='bbox 593 1731 695 1768; x_wconf 74' lang='lat' dir='ltr'>etiam</span> <span class='ocrx_word' id='word_1_207' title='bbox 717 1731 890 1766; x_wconf 79' lang='lat' dir='ltr'>cedrenus</span> <span class='ocrx_word' id='word_1_208' title='bbox 914 1743 948 1777; x_wconf 90' lang='lat' dir='ltr'>p.</span> <span class='ocrx_word' id='word_1_209' title='bbox 974 1732 1050 1768; x_wconf 84' lang='lat'><strong>139.</strong></span> <span class='ocrx_word' id='word_1_210' title='bbox 1074 1730 1120 1766; x_wconf 90' lang='lat' dir='ltr'>D.</span> <span class='ocrx_word' id='word_1_211' title='bbox 1233 1730 1268 1766; x_wconf 90' lang='grc'>7.</span> <span class='ocrx_word' id='word_1_212' title='bbox 1302 1725 1376 1774; x_wconf 78' lang='grc' dir='ltr'>κγ’]</span> <span class='ocrx_word' id='word_1_213' title='bbox 1399 1726 1455 1776; x_wconf 66' lang='grc' dir='ltr'>ἰβ’</span> <span class='ocrx_word' id='word_1_214' title='bbox 1479 1728 1595 1764; x_wconf 85' lang='lat' dir='ltr'>dicere</span> 
     </span>
     <span class='ocr_line' id='line_1_24' title="bbox 221 1773 1594 1824; baseline -0.001 -13"><span class='ocrx_word' id='word_1_215' title='bbox 221 1776 380 1813; x_wconf 75' lang='lat' dir='ltr'>debebat.</span> <span class='ocrx_word' id='word_1_216' title='bbox 404 1778 446 1811; x_wconf 87' lang='lat' dir='ltr'>V.</span> <span class='ocrx_word' id='word_1_217' title='bbox 465 1779 509 1813; x_wconf 81' lang='lat' dir='ltr'>ad</span> <span class='ocrx_word' id='word_1_218' title='bbox 527 1790 560 1824; x_wconf 87' lang='lat' dir='ltr'>p.</span> <span class='ocrx_word' id='word_1_219' title='bbox 578 1779 634 1813; x_wconf 75' lang='lat'>22.</span> <span class='ocrx_word' id='word_1_220' title='bbox 654 1780 694 1812; x_wconf 78' lang='lat' dir='ltr'>A.</span> <span class='ocrx_word' id='word_1_221' title='bbox 796 1778 830 1811; x_wconf 88' lang='grc'>8.</span> <span class='ocrx_word' id='word_1_222' title='bbox 851 1773 1103 1822; x_wconf 83' lang='grc' dir='ltr'><strong><em>Ἡρακλείδης]</em></strong></span> <span class='ocrx_word' id='word_1_223' title='bbox 1128 1776 1250 1811; x_wconf 83' lang='lat' dir='ltr'><strong>Scribe</strong></span> <span class='ocrx_word' id='word_1_224' title='bbox 1268 1773 1499 1822; x_wconf 78' lang='grc' dir='ltr'><strong><em>Ἡράκλειτος</em></strong></span> <span class='ocrx_word' id='word_1_225' title='bbox 1521 1787 1594 1810; x_wconf 90' lang='lat' dir='ltr'>cum</span> 
     </span>
    </p>
   </div>
   <div class='ocr_carea' id='block_1_6' title="bbox 219 1818 1592 2007">
    <p class='ocr_par' dir='ltr' id='par_1_10' title="bbox 219 1818 1592 2007">
     <span class='ocr_line' id='line_1_25' title="bbox 220 1818 1592 1869; baseline -0.001 -11"><span class='ocrx_word' id='word_1_226' title='bbox 220 1822 401 1866; x_wconf 79' lang='lat' dir='ltr'>cedreno,</span> <span class='ocrx_word' id='word_1_227' title='bbox 425 1823 562 1858; x_wconf 80' lang='lat' dir='ltr'>Polluce</span> <span class='ocrx_word' id='word_1_228' title='bbox 587 1835 618 1868; x_wconf 87' lang='lat' dir='ltr'>p.</span> <span class='ocrx_word' id='word_1_229' title='bbox 642 1823 718 1860; x_wconf 82' lang='lat'><strong>144.</strong></span> <span class='ocrx_word' id='word_1_230' title='bbox 860 1826 914 1860; x_wconf 88' lang='lat'>11.</span> <span class='ocrx_word' id='word_1_231' title='bbox 949 1821 988 1859; x_wconf 80' lang='grc' dir='ltr'>ἐκ</span> <span class='ocrx_word' id='word_1_232' title='bbox 1011 1824 1140 1869; x_wconf 78' lang='grc' dir='ltr'><strong><em>γένους</em></strong></span> <span class='ocrx_word' id='word_1_233' title='bbox 1162 1820 1340 1868; x_wconf 75' lang='grc' dir='ltr'><strong><em>ὑπάρχων</em></strong></span> <span class='ocrx_word' id='word_1_234' title='bbox 1373 1822 1464 1865; x_wconf 82' lang='grc' dir='ltr'>[τοῦ</span> <span class='ocrx_word' id='word_1_235' title='bbox 1484 1818 1592 1866; x_wconf 71' lang='grc' dir='ltr'><strong><em>Ἠρα-</em></strong></span> 
     </span>
     <span class='ocr_line' id='line_1_26' title="bbox 219 1866 1592 1915; baseline -0.003 -10"><span class='ocrx_word' id='word_1_236' title='bbox 219 1867 340 1912; x_wconf 73' lang='grc' dir='ltr'><strong><em>κλέος,</em></strong></span> <span class='ocrx_word' id='word_1_237' title='bbox 364 1870 433 1906; x_wconf 75' lang='grc' dir='ltr'>τοῦ</span> <span class='ocrx_word' id='word_1_238' title='bbox 455 1868 515 1914; x_wconf 69' lang='grc' dir='ltr'>ἐκ]</span> <span class='ocrx_word' id='word_1_239' title='bbox 549 1870 614 1915; x_wconf 81' lang='grc' dir='ltr'><strong><em>τῆς</em></strong></span> <span class='ocrx_word' id='word_1_240' title='bbox 633 1866 827 1914; x_wconf 81' lang='grc' dir='ltr'><strong><em>Ἀλκμήνης</em></strong></span> <span class='ocrx_word' id='word_1_241' title='bbox 848 1869 910 1905; x_wconf 81' lang='grc' dir='ltr'>καὶ</span> <span class='ocrx_word' id='word_1_242' title='bbox 933 1871 1002 1907; x_wconf 77' lang='grc' dir='ltr'>τοῦ</span> <span class='ocrx_word' id='word_1_243' title='bbox 1024 1868 1156 1915; x_wconf 83' lang='grc' dir='ltr'><strong><em>Πήκου</em></strong></span> <span class='ocrx_word' id='word_1_244' title='bbox 1180 1867 1304 1914; x_wconf 86' lang='grc' dir='ltr'><strong><em>Διός.]</em></strong></span> <span class='ocrx_word' id='word_1_245' title='bbox 1344 1868 1469 1911; x_wconf 85' lang='lat' dir='ltr'>„lsta,</span> <span class='ocrx_word' id='word_1_246' title='bbox 1503 1879 1592 1912; x_wconf 86' lang='lat' dir='ltr'>quae</span> 
     </span>
     <span class='ocr_line' id='line_1_27' title="bbox 219 1914 1591 1974; baseline -0.001 -25"><span class='ocrx_word' id='word_1_247' title='bbox 219 1915 314 1950; x_wconf 84' lang='lat' dir='ltr'>uncis</span> <span class='ocrx_word' id='word_1_248' title='bbox 335 1915 466 1950; x_wconf 85' lang='lat' dir='ltr'>inclusa</span> <span class='ocrx_word' id='word_1_249' title='bbox 488 1919 587 1958; x_wconf 77' lang='lat' dir='ltr'>sunt,</span> <span class='ocrx_word' id='word_1_250' title='bbox 610 1915 847 1951; x_wconf 85' lang='lat' dir='ltr'>desiderantur</span> <span class='ocrx_word' id='word_1_251' title='bbox 870 1917 960 1974; x_wconf 84' lang='lat' dir='ltr'>apud</span> <span class='ocrx_word' id='word_1_252' title='bbox 985 1916 1223 1951; x_wconf 87' lang='lat' dir='ltr'>Cedrenum.“</span> <span class='ocrx_word' id='word_1_253' title='bbox 1246 1915 1312 1951; x_wconf 90' lang='lat' dir='ltr'>Ch.</span> <span class='ocrx_word' id='word_1_254' title='bbox 1427 1915 1483 1950; x_wconf 76' lang='lat'>12.</span> <span class='ocrx_word' id='word_1_255' title='bbox 1511 1914 1591 1959; x_wconf 80' lang='grc' dir='ltr'>Πή-</span> 
     </span>
     <span class='ocr_line' id='line_1_28' title="bbox 219 1960 1307 2007; baseline -0.002 -10"><span class='ocrx_word' id='word_1_256' title='bbox 219 1973 288 1997; x_wconf 74' lang='grc' dir='ltr'>κου</span> <span class='ocrx_word' id='word_1_257' title='bbox 313 1961 404 2004; x_wconf 87' lang='lat' dir='ltr'>Ox.,</span> <span class='ocrx_word' id='word_1_258' title='bbox 428 1966 467 1997; x_wconf 79' lang='lat' dir='ltr'>ut</span> <span class='ocrx_word' id='word_1_259' title='bbox 488 1962 587 1996; x_wconf 87' lang='lat' dir='ltr'>solet.</span> <span class='ocrx_word' id='word_1_260' title='bbox 727 1963 782 1998; x_wconf 90' lang='grc'>15.</span> <span class='ocrx_word' id='word_1_261' title='bbox 806 1960 928 2007; x_wconf 73' lang='grc' dir='ltr'><strong><em>Αὔγην</em></strong></span> <span class='ocrx_word' id='word_1_262' title='bbox 949 1962 1016 1998; x_wconf 87' lang='lat' dir='ltr'>Ox.</span> <span class='ocrx_word' id='word_1_263' title='bbox 1063 1962 1124 1996; x_wconf 90' lang='lat' dir='ltr'>Sic</span> <span class='ocrx_word' id='word_1_264' title='bbox 1148 1965 1184 1996; x_wconf 79' lang='lat' dir='ltr'>et</span> <span class='ocrx_word' id='word_1_265' title='bbox 1205 1960 1307 1996; x_wconf 84' lang='lat' dir='ltr'>infra.</span> 
     </span>
    </p>
   </div>
   <div class='ocr_carea' id='block_1_7' title="bbox 126 2073 1591 2261">
    <p class='ocr_par' dir='ltr' id='par_1_11' title="bbox 126 2073 1591 2261">
     <span class='ocr_line' id='line_1_29' title="bbox 126 2073 1591 2122; baseline -0.001 -12"><span class='ocrx_word' id='word_1_266' title='bbox 126 2074 233 2122; x_wconf 77' lang='lat' dir='ltr'>lymas</span> <span class='ocrx_word' id='word_1_267' title='bbox 255 2075 388 2119; x_wconf 81' lang='lat' dir='ltr'>redire,</span> <span class='ocrx_word' id='word_1_268' title='bbox 413 2087 487 2110; x_wconf 85' lang='lat' dir='ltr'>cum</span> <span class='ocrx_word' id='word_1_269' title='bbox 510 2074 623 2110; x_wconf 84' lang='lat' dir='ltr'>Esdra</span> <span class='ocrx_word' id='word_1_270' title='bbox 645 2076 841 2122; x_wconf 79' lang='lat' dir='ltr'>Propheta3</span> <span class='ocrx_word' id='word_1_271' title='bbox 866 2087 964 2121; x_wconf 89' lang='lat' dir='ltr'>quem</span> <span class='ocrx_word' id='word_1_272' title='bbox 987 2080 1024 2111; x_wconf 86' lang='lat' dir='ltr'>et</span> <span class='ocrx_word' id='word_1_273' title='bbox 1046 2076 1174 2111; x_wconf 81' lang='lat' dir='ltr'><strong>Ducem</strong></span> <span class='ocrx_word' id='word_1_274' title='bbox 1197 2074 1406 2110; x_wconf 80' lang='lat' dir='ltr'>habuerunt:</span> <span class='ocrx_word' id='word_1_275' title='bbox 1431 2073 1512 2120; x_wconf 91' lang='lat' dir='ltr'>quin</span> <span class='ocrx_word' id='word_1_276' title='bbox 1536 2078 1591 2109; x_wconf 81' lang='lat' dir='ltr'>et-</span> 
     </span>
     <span class='ocr_line' id='line_1_30' title="bbox 126 2119 1591 2167; baseline -0.002 -11"><span class='ocrx_word' id='word_1_277' title='bbox 126 2121 195 2156; x_wconf 81' lang='lat' dir='ltr'>iam</span> <span class='ocrx_word' id='word_1_278' title='bbox 216 2133 315 2158; x_wconf 65' lang='lat' dir='ltr'>sacra</span> <span class='ocrx_word' id='word_1_279' title='bbox 335 2122 569 2157; x_wconf 79' lang='lat' dir='ltr'>reddebantur</span> <span class='ocrx_word' id='word_1_280' title='bbox 591 2133 693 2164; x_wconf 81' lang='lat' dir='ltr'>vasa;</span> <span class='ocrx_word' id='word_1_281' title='bbox 718 2122 796 2157; x_wconf 85' lang='lat' dir='ltr'>libri</span> <span class='ocrx_word' id='word_1_282' title='bbox 821 2121 923 2158; x_wconf 81' lang='lat' dir='ltr'>etiam</span> <span class='ocrx_word' id='word_1_283' title='bbox 946 2122 1205 2164; x_wconf 80' lang='lat' dir='ltr'>Sacerdotales,</span> <span class='ocrx_word' id='word_1_284' title='bbox 1230 2121 1422 2167; x_wconf 86' lang='lat' dir='ltr'>quicunque</span> <span class='ocrx_word' id='word_1_285' title='bbox 1444 2119 1591 2154; x_wconf 85' lang='lat' dir='ltr'>inveniri</span> 
     </span>
     <span class='ocr_line' id='line_1_31' title="bbox 126 2165 1591 2214; baseline -0.002 -11"><span class='ocrx_word' id='word_1_286' title='bbox 126 2171 309 2214; x_wconf 72' lang='lat' dir='ltr'>poterant:</span> <span class='ocrx_word' id='word_1_287' title='bbox 350 2179 466 2204; x_wconf 88' lang='lat' dir='ltr'>eorum</span> <span class='ocrx_word' id='word_1_288' title='bbox 488 2179 570 2203; x_wconf 86' lang='lat' dir='ltr'>vero</span> <span class='ocrx_word' id='word_1_289' title='bbox 594 2168 652 2214; x_wconf 87' lang='lat' dir='ltr'>qui</span> <span class='ocrx_word' id='word_1_290' title='bbox 675 2180 742 2203; x_wconf 94' lang='lat' dir='ltr'>non</span> <span class='ocrx_word' id='word_1_291' title='bbox 766 2168 897 2204; x_wconf 84' lang='lat' dir='ltr'>inventi</span> <span class='ocrx_word' id='word_1_292' title='bbox 921 2172 1039 2211; x_wconf 79' lang='lat' dir='ltr'>erant,</span> <span class='ocrx_word' id='word_1_293' title='bbox 1069 2168 1200 2204; x_wconf 85' lang='lat' dir='ltr'>Esdras</span> <span class='ocrx_word' id='word_1_294' title='bbox 1230 2168 1322 2214; x_wconf 86' lang='lat' dir='ltr'>ipse,</span> <span class='ocrx_word' id='word_1_295' title='bbox 1359 2178 1402 2202; x_wconf 84' lang='lat' dir='ltr'>ex</span> <span class='ocrx_word' id='word_1_296' title='bbox 1425 2165 1591 2201; x_wconf 82' lang='lat' dir='ltr'>Memoria</span> 
     </span>
     <span class='ocr_line' id='line_1_32' title="bbox 127 2213 721 2261; baseline 0.002 -13"><span class='ocrx_word' id='word_1_297' title='bbox 127 2224 206 2256; x_wconf 74' lang='lat' dir='ltr'>sua,</span> <span class='ocrx_word' id='word_1_298' title='bbox 235 2213 448 2261; x_wconf 80' lang='lat' dir='ltr'>describendi</span> <span class='ocrx_word' id='word_1_299' title='bbox 471 2213 603 2260; x_wconf 87' lang='lat' dir='ltr'>copiam</span> <span class='ocrx_word' id='word_1_300' title='bbox 626 2214 721 2249; x_wconf 84' lang='lat' dir='ltr'>fecit.</span> 
     </span>
    </p>
   </div>
   <div class='ocr_carea' id='block_1_8' title="bbox 127 2279 1597 2864">
    <p class='ocr_par' dir='ltr' id='par_1_12' title="bbox 127 2279 1590 2421">
     <span class='ocr_line' id='line_1_33' title="bbox 217 2279 1590 2329; baseline -0.002 -13"><span class='ocrx_word' id='word_1_301' title='bbox 217 2281 287 2317; x_wconf 76' lang='lat' dir='ltr'>Illis</span> <span class='ocrx_word' id='word_1_302' title='bbox 311 2282 516 2329; x_wconf 78' lang='lat' dir='ltr'>temporibus</span> <span class='ocrx_word' id='word_1_303' title='bbox 540 2282 745 2318; x_wconf 82' lang='lat' dir='ltr'>Macedonia</span> <span class='ocrx_word' id='word_1_304' title='bbox 775 2282 866 2328; x_wconf 85' lang='lat' dir='ltr'>Regi</span> <span class='ocrx_word' id='word_1_305' title='bbox 887 2293 1011 2329; x_wconf 87' lang='lat' dir='ltr'>parere</span> <span class='ocrx_word' id='word_1_306' title='bbox 1042 2282 1169 2328; x_wconf 84' lang='lat' dir='ltr'>coepit.</span> <span class='ocrx_word' id='word_1_307' title='bbox 1216 2281 1393 2327; x_wconf 80' lang='lat' dir='ltr'>Regnavit</span> <span class='ocrx_word' id='word_1_308' title='bbox 1423 2279 1494 2315; x_wconf 85' lang='lat' dir='ltr'>illic</span> <span class='ocrx_word' id='word_1_309' title='bbox 1515 2279 1590 2325; x_wconf 77' lang='lat' dir='ltr'>pri-</span> 
     </span>
     <span class='ocr_line' id='line_1_34' title="bbox 127 2325 1587 2375; baseline -0.002 -13"><span class='ocrx_word' id='word_1_310' title='bbox 127 2338 198 2363; x_wconf 75' lang='lat' dir='ltr'>mus</span> <span class='ocrx_word' id='word_1_311' title='bbox 221 2328 395 2370; x_wconf 83' lang='lat' dir='ltr'>Cranaus,</span> <span class='ocrx_word' id='word_1_312' title='bbox 433 2329 527 2364; x_wconf 85' lang='lat' dir='ltr'>annis</span> <span class='ocrx_word' id='word_1_313' title='bbox 550 2340 683 2372; x_wconf 86' lang='lat' dir='ltr'>xxv111‚</span> <span class='ocrx_word' id='word_1_314' title='bbox 708 2335 745 2365; x_wconf 85' lang='lat' dir='ltr'>et</span> <span class='ocrx_word' id='word_1_315' title='bbox 767 2335 844 2375; x_wconf 87' lang='lat' dir='ltr'>post</span> <span class='ocrx_word' id='word_1_316' title='bbox 868 2341 942 2364; x_wconf 88' lang='lat' dir='ltr'>eum</span> <span class='ocrx_word' id='word_1_317' title='bbox 965 2329 1023 2364; x_wconf 81' lang='lat' dir='ltr'>alii</span> <span class='ocrx_word' id='word_1_318' title='bbox 1046 2339 1155 2370; x_wconf 81' lang='lat' dir='ltr'>xxm,</span> <span class='ocrx_word' id='word_1_319' title='bbox 1181 2340 1289 2373; x_wconf 88' lang='lat' dir='ltr'>usque</span> <span class='ocrx_word' id='word_1_320' title='bbox 1312 2327 1356 2361; x_wconf 90' lang='lat' dir='ltr'>ad</span> <span class='ocrx_word' id='word_1_321' title='bbox 1382 2325 1587 2371; x_wconf 86' lang='lat' dir='ltr'>Philippum.</span> 
     </span>
     <span class='ocr_line' id='line_1_35' title="bbox 127 2371 1588 2421; baseline -0.003 -13"><span class='ocrx_word' id='word_1_322' title='bbox 127 2373 230 2409; x_wconf 81' lang='lat' dir='ltr'>Circa</span> <span class='ocrx_word' id='word_1_323' title='bbox 252 2373 342 2408; x_wconf 87' lang='lat' dir='ltr'>idem</span> <span class='ocrx_word' id='word_1_324' title='bbox 363 2379 430 2410; x_wconf 79' lang='lat' dir='ltr'>tem</span> <span class='ocrx_word' id='word_1_325' title='bbox 457 2386 494 2408; x_wconf 87' lang='lat' dir='ltr'>us</span> <span class='ocrx_word' id='word_1_326' title='bbox 516 2374 706 2409; x_wconf 82' lang='lat' dir='ltr'>floruerunt</span> <span class='ocrx_word' id='word_1_327' title='bbox 728 2375 822 2421; x_wconf 88' lang='lat' dir='ltr'>apud</span> <span class='ocrx_word' id='word_1_328' title='bbox 845 2375 1021 2418; x_wconf 82' lang='lat' dir='ltr'>Graecos,</span> <span class='ocrx_word' id='word_1_329' title='bbox 1057 2374 1255 2420; x_wconf 81' lang='lat' dir='ltr'>Philosophi</span> <span class='ocrx_word' id='word_1_330' title='bbox 1279 2379 1315 2408; x_wconf 81' lang='lat' dir='ltr'>et</span> <span class='ocrx_word' id='word_1_331' title='bbox 1337 2373 1488 2412; x_wconf 78' lang='lat' dir='ltr'>Poetae,</span> <span class='ocrx_word' id='word_1_332' title='bbox 1520 2371 1588 2404; x_wconf 86' lang='lat' dir='ltr'>So-</span> 
     </span>
    </p>

    <p class='ocr_par' dir='ltr' id='par_1_13' title="bbox 153 2417 1588 2466">
     <span class='ocr_line' id='line_1_36' title="bbox 153 2417 1588 2466; baseline -0.002 -12"><span class='ocrx_word' id='word_1_333' title='bbox 153 2419 287 2462; x_wconf 77' lang='lat' dir='ltr'>bocles,</span> <span class='ocrx_word' id='word_1_334' title='bbox 320 2419 435 2455; x_wconf 85' lang='lat' dir='ltr'>Herae</span> <span class='ocrx_word' id='word_1_335' title='bbox 448 2421 539 2462; x_wconf 89' lang='lat' dir='ltr'>ides,</span> <span class='ocrx_word' id='word_1_336' title='bbox 577 2421 780 2466; x_wconf 83' lang='lat' dir='ltr'>Euripides,</span> <span class='ocrx_word' id='word_1_337' title='bbox 814 2421 1029 2464; x_wconf 79' lang='lat' dir='ltr'>Herodotus,</span> <span class='ocrx_word' id='word_1_338' title='bbox 1062 2421 1226 2455; x_wconf 79' lang='lat' dir='ltr'>Socrates</span> <span class='ocrx_word' id='word_1_339' title='bbox 1249 2419 1350 2454; x_wconf 81' lang='lat' dir='ltr'>etiam</span> <span class='ocrx_word' id='word_1_340' title='bbox 1385 2422 1421 2452; x_wconf 80' lang='lat' dir='ltr'>et</span> <span class='ocrx_word' id='word_1_341' title='bbox 1443 2417 1588 2461; x_wconf 82' lang='lat' dir='ltr'>Magnus</span> 
     </span>
    </p>

    <p class='ocr_par' dir='ltr' id='par_1_14' title="bbox 127 2462 1597 2864">
     <span class='ocr_line' id='line_1_37' title="bbox 159 2462 1587 2514; baseline -0.003 -15"><span class='ocrx_word' id='word_1_342' title='bbox 159 2465 355 2510; x_wconf 73' lang='lat' dir='ltr'>ythagoras.</span> <span class='ocrx_word' id='word_1_343' title='bbox 402 2465 628 2512; x_wconf 85' lang='lat' dir='ltr'>Temporibus</span> <span class='ocrx_word' id='word_1_344' title='bbox 651 2472 763 2501; x_wconf 79' lang='lat' dir='ltr'>autem</span> <span class='ocrx_word' id='word_1_345' title='bbox 786 2478 888 2514; x_wconf 81' lang='lat' dir='ltr'>supra</span> <span class='ocrx_word' id='word_1_346' title='bbox 910 2467 1120 2509; x_wconf 83' lang='lat' dir='ltr'>memoratis,</span> <span class='ocrx_word' id='word_1_347' title='bbox 1150 2471 1249 2500; x_wconf 85' lang='lat' dir='ltr'>natus</span> <span class='ocrx_word' id='word_1_348' title='bbox 1271 2467 1322 2499; x_wconf 81' lang='lat' dir='ltr'>est</span> <span class='ocrx_word' id='word_1_349' title='bbox 1343 2463 1528 2503; x_wconf 87' lang='lat' dir='ltr'>Hercules,</span> <span class='ocrx_word' id='word_1_350' title='bbox 1552 2462 1587 2496; x_wconf 93' lang='lat' dir='ltr'>in</span> 
     </span>
     <span class='ocr_line' id='line_1_38' title="bbox 127 2508 1588 2557; baseline -0.002 -13"><span class='ocrx_word' id='word_1_351' title='bbox 127 2509 216 2544; x_wconf 72' lang='lat' dir='ltr'>Lato</span> <span class='ocrx_word' id='word_1_352' title='bbox 238 2511 455 2554; x_wconf 68' lang='lat' dir='ltr'>Thebarum,</span> <span class='ocrx_word' id='word_1_353' title='bbox 494 2524 600 2557; x_wconf 84' lang='lat' dir='ltr'>genus</span> <span class='ocrx_word' id='word_1_354' title='bbox 623 2512 770 2547; x_wconf 82' lang='lat' dir='ltr'>ducebat</span> <span class='ocrx_word' id='word_1_355' title='bbox 791 2513 820 2547; x_wconf 91' lang='lat' dir='ltr'>is</span> <span class='ocrx_word' id='word_1_356' title='bbox 842 2514 885 2547; x_wconf 86' lang='lat' dir='ltr'>ab</span> <span class='ocrx_word' id='word_1_357' title='bbox 905 2513 1075 2555; x_wconf 88' lang='lat' dir='ltr'>Hercule,</span> <span class='ocrx_word' id='word_1_358' title='bbox 1111 2511 1187 2546; x_wconf 82' lang='lat' dir='ltr'>Pici</span> <span class='ocrx_word' id='word_1_359' title='bbox 1216 2509 1310 2544; x_wconf 80' lang='lat' dir='ltr'>Jovis</span> <span class='ocrx_word' id='word_1_360' title='bbox 1339 2514 1377 2543; x_wconf 81' lang='lat' dir='ltr'>et</span> <span class='ocrx_word' id='word_1_361' title='bbox 1408 2508 1588 2542; x_wconf 80' lang='lat' dir='ltr'>Alcmenae</span> 
     </span>
     <span class='ocr_line' id='line_1_39' title="bbox 127 2553 1587 2602; baseline -0.001 -13"><span class='ocrx_word' id='word_1_362' title='bbox 127 2553 211 2590; x_wconf 88' lang='lat' dir='ltr'>filio.</span> <span class='ocrx_word' id='word_1_363' title='bbox 254 2555 296 2590; x_wconf 86' lang='lat' dir='ltr'>In</span> <span class='ocrx_word' id='word_1_364' title='bbox 315 2557 483 2602; x_wconf 78' lang='lat' dir='ltr'>Hispania</span> <span class='ocrx_word' id='word_1_365' title='bbox 505 2558 671 2593; x_wconf 82' lang='lat' dir='ltr'>enutritus</span> <span class='ocrx_word' id='word_1_366' title='bbox 694 2563 769 2599; x_wconf 78' lang='lat' dir='ltr'>est3</span> <span class='ocrx_word' id='word_1_367' title='bbox 805 2559 913 2601; x_wconf 93' lang='lat' dir='ltr'>unde,</span> <span class='ocrx_word' id='word_1_368' title='bbox 938 2571 1011 2594; x_wconf 91' lang='lat' dir='ltr'>cum</span> <span class='ocrx_word' id='word_1_369' title='bbox 1035 2557 1166 2593; x_wconf 86' lang='lat' dir='ltr'>virilior</span> <span class='ocrx_word' id='word_1_370' title='bbox 1189 2557 1300 2590; x_wconf 83' lang='lat' dir='ltr'>factus</span> <span class='ocrx_word' id='word_1_371' title='bbox 1324 2557 1431 2595; x_wconf 85' lang='lat' dir='ltr'>esset,</span> <span class='ocrx_word' id='word_1_372' title='bbox 1455 2553 1491 2587; x_wconf 90' lang='lat' dir='ltr'>in</span> <span class='ocrx_word' id='word_1_373' title='bbox 1514 2553 1587 2587; x_wconf 71' lang='lat' dir='ltr'>Ita-</span> 
     </span>
     <span class='ocr_line' id='line_1_40' title="bbox 127 2599 1587 2650; baseline -0.001 -15"><span class='ocrx_word' id='word_1_374' title='bbox 127 2599 224 2642; x_wconf 84' lang='lat' dir='ltr'>liam,</span> <span class='ocrx_word' id='word_1_375' title='bbox 256 2612 378 2637; x_wconf 78' lang='lat' dir='ltr'>cavens</span> <span class='ocrx_word' id='word_1_376' title='bbox 399 2602 463 2637; x_wconf 84' lang='lat' dir='ltr'>sibi</span> <span class='ocrx_word' id='word_1_377' title='bbox 485 2604 529 2639; x_wconf 88' lang='lat' dir='ltr'>ab</span> <span class='ocrx_word' id='word_1_378' title='bbox 553 2604 747 2650; x_wconf 77' lang='lat' dir='ltr'>Eurystheo</span> <span class='ocrx_word' id='word_1_379' title='bbox 770 2616 871 2649; x_wconf 87' lang='lat' dir='ltr'>rege,</span> <span class='ocrx_word' id='word_1_380' title='bbox 894 2617 929 2639; x_wconf 80' lang='lat' dir='ltr'>se</span> <span class='ocrx_word' id='word_1_381' title='bbox 951 2604 1103 2650; x_wconf 86' lang='lat' dir='ltr'>recepit:</span> <span class='ocrx_word' id='word_1_382' title='bbox 1138 2602 1196 2636; x_wconf 87' lang='lat' dir='ltr'>ubi</span> <span class='ocrx_word' id='word_1_383' title='bbox 1218 2600 1377 2645; x_wconf 84' lang='lat' dir='ltr'>regnavit</span> <span class='ocrx_word' id='word_1_384' title='bbox 1399 2610 1462 2645; x_wconf 87' lang='lat' dir='ltr'>per</span> <span class='ocrx_word' id='word_1_385' title='bbox 1484 2611 1587 2634; x_wconf 88' lang='lat' dir='ltr'>annos</span> 
     </span>
     <span class='ocr_line' id='line_1_41' title="bbox 127 2647 1585 2699; baseline -0.001 -20"><span class='ocrx_word' id='word_1_386' title='bbox 127 2656 275 2680; x_wconf 83' lang='lat' dir='ltr'>xxxvm.</span> <span class='ocrx_word' id='word_1_387' title='bbox 298 2658 433 2683; x_wconf 86' lang='lat' dir='ltr'>uxorem</span> <span class='ocrx_word' id='word_1_388' title='bbox 455 2649 576 2684; x_wconf 82' lang='lat' dir='ltr'>babuit</span> <span class='ocrx_word' id='word_1_389' title='bbox 590 2651 731 2695; x_wconf 77' lang='lat' dir='ltr'>Augen,</span> <span class='ocrx_word' id='word_1_390' title='bbox 755 2650 830 2685; x_wconf 81' lang='lat' dir='ltr'>Alei</span> <span class='ocrx_word' id='word_1_391' title='bbox 847 2650 936 2695; x_wconf 83' lang='lat' dir='ltr'>regis</span> <span class='ocrx_word' id='word_1_392' title='bbox 956 2650 1082 2691; x_wconf 84' lang='lat' dir='ltr'>filiam,</span> <span class='ocrx_word' id='word_1_393' title='bbox 1106 2647 1227 2682; x_wconf 80' lang='lat' dir='ltr'>Italiae</span> <span class='ocrx_word' id='word_1_394' title='bbox 1242 2657 1325 2680; x_wconf 82' lang='lat' dir='ltr'>vero</span> <span class='ocrx_word' id='word_1_395' title='bbox 1344 2655 1485 2699; x_wconf 76' lang='lat' dir='ltr'>regnum</span> <span class='ocrx_word' id='word_1_396' title='bbox 1501 2655 1585 2679; x_wconf 83' lang='lat' dir='ltr'>ven-</span> 
     </span>
     <span class='ocr_line' id='line_1_42' title="bbox 127 2691 1586 2739; baseline 0.002 -14"><span class='ocrx_word' id='word_1_397' title='bbox 127 2691 258 2726; x_wconf 77' lang='lat' dir='ltr'>dicavit</span> <span class='ocrx_word' id='word_1_398' title='bbox 277 2691 361 2735; x_wconf 76' lang='lat' dir='ltr'>sibi,</span> <span class='ocrx_word' id='word_1_399' title='bbox 384 2698 422 2728; x_wconf 79' lang='lat' dir='ltr'>ut</span> <span class='ocrx_word' id='word_1_400' title='bbox 444 2694 502 2739; x_wconf 87' lang='lat' dir='ltr'>qui</span> <span class='ocrx_word' id='word_1_401' title='bbox 524 2707 567 2730; x_wconf 88' lang='lat' dir='ltr'>ex</span> <span class='ocrx_word' id='word_1_402' title='bbox 589 2695 676 2731; x_wconf 84' lang='lat' dir='ltr'>Jove</span> <span class='ocrx_word' id='word_1_403' title='bbox 698 2695 782 2731; x_wconf 87' lang='lat' dir='ltr'>Pico</span> <span class='ocrx_word' id='word_1_404' title='bbox 805 2696 970 2731; x_wconf 88' lang='lat' dir='ltr'>oriundus</span> <span class='ocrx_word' id='word_1_405' title='bbox 993 2700 1091 2731; x_wconf 85' lang='lat' dir='ltr'>esset.</span> <span class='ocrx_word' id='word_1_406' title='bbox 1140 2692 1242 2726; x_wconf 83' lang='lat' dir='ltr'>Unde</span> <span class='ocrx_word' id='word_1_407' title='bbox 1265 2695 1320 2733; x_wconf 76' lang='lat' dir='ltr'>et,</span> <span class='ocrx_word' id='word_1_408' title='bbox 1354 2702 1411 2735; x_wconf 80' lang='lat' dir='ltr'>qul</span> <span class='ocrx_word' id='word_1_409' title='bbox 1434 2702 1508 2725; x_wconf 83' lang='lat' dir='ltr'>eum</span> <span class='ocrx_word' id='word_1_410' title='bbox 1531 2702 1586 2724; x_wconf 77' lang='lat' dir='ltr'>se-</span> 
     </span>
     <span class='ocr_line' id='line_1_43' title="bbox 128 2736 1597 2796; baseline 0 -25"><span class='ocrx_word' id='word_1_411' title='bbox 128 2736 199 2772; x_wconf 75' lang='lat' dir='ltr'>cuti</span> <span class='ocrx_word' id='word_1_412' title='bbox 222 2743 319 2779; x_wconf 83' lang='lat' dir='ltr'>sunt,</span> <span class='ocrx_word' id='word_1_413' title='bbox 342 2750 386 2773; x_wconf 84' lang='lat' dir='ltr'>ex</span> <span class='ocrx_word' id='word_1_414' title='bbox 407 2750 534 2783; x_wconf 83' lang='lat' dir='ltr'>genere</span> <span class='ocrx_word' id='word_1_415' title='bbox 556 2741 684 2796; x_wconf 84' lang='lat' dir='ltr'>ipsius,</span> <span class='ocrx_word' id='word_1_416' title='bbox 714 2742 838 2777; x_wconf 84' lang='lat' dir='ltr'>Italiae</span> <span class='ocrx_word' id='word_1_417' title='bbox 861 2753 980 2786; x_wconf 85' lang='lat' dir='ltr'>reges,</span> <span class='ocrx_word' id='word_1_418' title='bbox 1014 2744 1141 2775; x_wconf 80' lang='lat' dir='ltr'>statuas</span> <span class='ocrx_word' id='word_1_419' title='bbox 1166 2737 1198 2771; x_wconf 88' lang='lat' dir='ltr'>ei</span> <span class='ocrx_word' id='word_1_420' title='bbox 1223 2748 1341 2771; x_wconf 83' lang='lat' dir='ltr'>aureas</span> <span class='ocrx_word' id='word_1_421' title='bbox 1365 2743 1402 2771; x_wconf 77' lang='lat' dir='ltr'>et</span> <span class='ocrx_word' id='word_1_422' title='bbox 1425 2736 1597 2782; x_wconf 86' lang='lat' dir='ltr'>Porphy-.</span> 
     </span>
     <span class='ocr_line' id='line_1_44' title="bbox 127 2781 1585 2835; baseline -0.001 -18"><span class='ocrx_word' id='word_1_423' title='bbox 127 2782 269 2826; x_wconf 76' lang='lat' dir='ltr'>retices,</span> <span class='ocrx_word' id='word_1_424' title='bbox 293 2787 329 2817; x_wconf 79' lang='lat' dir='ltr'>et</span> <span class='ocrx_word' id='word_1_425' title='bbox 350 2784 386 2819; x_wconf 88' lang='lat' dir='ltr'>in</span> <span class='ocrx_word' id='word_1_426' title='bbox 409 2784 604 2822; x_wconf 71' lang='lat' dir='ltr'>Occidentis</span> <span class='ocrx_word' id='word_1_427' title='bbox 627 2788 750 2823; x_wconf 86' lang='lat' dir='ltr'>finibus</span> <span class='ocrx_word' id='word_1_428' title='bbox 773 2793 977 2835; x_wconf 82' lang='lat' dir='ltr'>posuerunt=</span> <span class='ocrx_word' id='word_1_429' title='bbox 1009 2796 1097 2832; x_wconf 85' lang='lat' dir='ltr'>quae</span> <span class='ocrx_word' id='word_1_430' title='bbox 1120 2788 1156 2819; x_wconf 84' lang='lat' dir='ltr'>et</span> <span class='ocrx_word' id='word_1_431' title='bbox 1178 2782 1359 2818; x_wconf 78' lang='lat' dir='ltr'>etiamnum</span> <span class='ocrx_word' id='word_1_432' title='bbox 1382 2786 1508 2818; x_wconf 68' lang='lat' dir='ltr'>stantes</span> <span class='ocrx_word' id='word_1_433' title='bbox 1530 2781 1585 2816; x_wconf 85' lang='lat' dir='ltr'>vi-</span> 
     </span>
     <span class='ocr_line' id='line_1_45' title="bbox 127 2834 257 2864; baseline 0.008 -2"><span class='ocrx_word' id='word_1_434' title='bbox 127 2834 257 2864; x_wconf 77' lang='lat' dir='ltr'>suntur.</span> 
     </span>
    </p>
   </div>
   <div class='ocr_carea' id='block_1_9' title="bbox 183 2880 1307 2920">
    <p class='ocr_par' dir='ltr' id='par_1_15' title="bbox 183 2880 1307 2920">
     <span class='ocr_line' id='line_1_46' title="bbox 183 2880 1307 2920; baseline 0.004 -4"><span class='ocrx_word' id='word_1_435' title='bbox 183 2882 327 2917; x_wconf 68' lang='lat' dir='ltr'>lomnes</span> <span class='ocrx_word' id='word_1_436' title='bbox 354 2882 519 2919; x_wconf 66' lang='lat' dir='ltr'>Matalon.</span> <span class='ocrx_word' id='word_1_437' title='bbox 1257 2880 1307 2920; x_wconf 79' lang='grc'>11,</span> 
     </span>
    </p>
   </div>
  </div>
 </body>
</html>
