1838 3230
0 252 6 262 ,
0 0 32 217 ,mm-,3

502 174 1124 221 CHRONOGRAPHIA.
1155 175 1203 219 L.
1231 176 1305 221 IV.
1518 237 1527 242 ⁸
1571 183 1634 230 71

155 300 274 342 λευσε
301 296 478 356 Κέκροψ
510 295 770 354 Ἀθηναίων,
800 294 980 340 ἐκέλευσε
1015 298 1298 353 νομοθετῆσαι
1330 295 1408 348 τὰς
1446 305 1641 355 γυναῖκας
1664 305 1698 341 Ε

154 365 232 418 τὰς
252 365 332 410 ὕπὸ
354 362 435 424 τὴν
448 368 662 422 βασιλείαν
683 365 812 409 αὐτοῦ
834 364 961 417 οὔσας
977 366 1019 409 ἐν
1042 359 1076 426 ᾦ
1095 366 1171 409 εἶσι
1192 365 1396 423 παρθένοι
1413 373 1640 424 γαμεῖσθαι
1664 375 1697 409 Ο
1722 377 1768 413 86

154 434 214 480 ἑνὶ
241 435 366 494 ἀνδρί
373 449 384 462 ·
420 434 591 486 ἅστινας
622 433 785 479 ἐκάλεσε
814 433 982 494 νύμφας
1009 435 1051 478 ἓν
1076 438 1128 494 τῇ
1156 436 1386 496 νομοθεσίᾳ
1417 435 1548 480 αὖτοῦ
1570 438 1639 482 διὰ

154 504 204 549 τὸ
236 510 387 562 πηγαῖς
413 505 584 550 ἐοικέναι
609 504 687 556 τὰς
715 504 953 562 παρθένους
981 502 1131 561 κόρας,
1179 503 1230 547 αἳ
1255 504 1437 549 τίκτουσι
1464 507 1532 549 καὶ
1556 506 1638 552 ἀπὸ

120 571 321 630 5ἆδήλων
348 571 490 632 πόρων
517 571 743 631 πηγάζουσι
773 571 892 630 γάλα.
965 573 1045 631 πρὸ
1078 573 1157 630 γὰρ
1176 577 1250 629 τῆς
1274 575 1486 629 βασιλείας
1509 575 1639 620 αὐτοῦ

154 647 286 687 πᾶσαι
320 643 365 687 αἱ
385 650 571 701 γυναῖκες
587 647 671 687 τῶν
691 643 887 687 Ἀττικῶν
913 643 981 685 καὶ
1001 646 1084 686 τῶν
1102 642 1334 699 Ἀθηναίων
1355 645 1424 687 καὶ
1441 649 1515 701 τῆς
1532 649 1640 703 πλη-

154 713 245 757 σίον
269 710 412 770 χώρας
431 711 631 771 θηριώδει
658 713 763 768 μίξει
792 713 1028 769 ἐμίγνυντο,
1078 710 1238 772 ἑκάστῳ
1266 711 1550 770 συγγινόμεναι
1578 720 1639 775 τῷ

153 781 414 842 ἆρεσκομένῳ
439 782 586 834 αὐταῖς
593 815 608 837 ,
641 782 711 826 ἐὰν
741 782 903 838 κάκείνη
932 779 1158 837 ἠβούλετο·
1195 783 1263 824 καὶ
1292 782 1471 826 ἐκαλεῖτο
1502 781 1529 840 ἠ
1560 781 1638 843 ἇρ-
1662 799 1695 834 V
1718 800 1764 836 29

151 851 358 908 παζομένη
376 851 478 909 γυνὴ
497 849 684 905 οὐδενός,
722 851 828 895 ἀλλὰ
856 856 943 901 τοῖς
971 855 1073 893 πᾶσι
1100 848 1408 908 προσήρχοντο,
1448 854 1638 897 διδοῦσαι

96 952 142 990 10
153 918 304 973 ἑαυτὰς
334 923 391 972 εἰς
418 922 622 979 πορνείαν.
704 922 772 964 καὶ
803 919 904 971 ὅσας
934 917 1156 976 ἠβουλήθη
1186 937 1249 970 τις
1274 925 1478 978 κρατῆσαι
1507 923 1638 974 αὐτὰς

147 987 319 1048 ἠμέρας,
347 990 445 1034 κατ’
481 989 592 1034 οἶκον
624 990 853 1048 παρέμενον
883 989 997 1048 αὐτῷ
1022 987 1292 1047 τρεφόμεναι·
1329 992 1397 1032 καὶ
1432 992 1467 1033 εἶ
1492 991 1633 1047 ἤθελε,

147 1057 271 1103 πάλιν
300 1059 499 1104 ἀπέλυσεν
528 1059 657 1116 αὐτὴν
683 1066 770 1110 τοῖς
795 1058 1075 1114 βουλομένοις.
1146 1062 1270 1102 τοῦτο
1305 1058 1385 1102 ἀπὸ
1415 1063 1489 1114 τῆς
1503 1060 1637 1105 Ἀττι-

148 1132 224 1184 κῆς
255 1128 426 1186 εἴρχθη,
464 1129 512 1173 τὸ
540 1129 600 1185 μὴ
632 1127 936 1185 ἀναγκάζεσθαι
966 1126 1096 1178 αὐτὰς
1117 1135 1295 1171 συνεῖναι
1322 1127 1441 1185 ἀνδρὶ
1466 1129 1569 1187 πρὸς
1590 1130 1637 1174 ὃν

145 1195 393 1253 βούλονται·
431 1198 565 1249 οὐδεὶς
583 1193 656 1242 οὖν
673 1197 760 1256 ᾔδει
780 1199 842 1248 τίς
860 1193 911 1254 ἦν
933 1196 1023 1247 υἱὸς
1043 1195 1068 1252 ἢ
1091 1195 1307 1254 θυγάτηρ,
1340 1199 1408 1239 καὶ
1428 1198 1565 1242 ἐδίδου
1586 1200 1634 1243 τὸ

95 1278 138 1314 15
151 1267 298 1323 τεχθέν
319 1260 353 1327 ᾧ
372 1265 572 1323 ἠβούλετο
600 1267 719 1324 ἀνδρὶ
747 1266 983 1324 συμμιγέντι
1010 1265 1116 1323 αὐτῇ
1128 1299 1142 1319 ,
1181 1266 1258 1309 εἴτε
1281 1265 1404 1324 ἅῤῥεν
1427 1267 1504 1310 εἴτε
1522 1273 1635 1324 θῆλυ

147 1334 276 1390 ἔτεκε,
315 1338 383 1380 καὶ
425 1335 588 1394 ἔβςαιρον
620 1334 841 1392 δεχόμενοι.
915 1334 937 1379 ὅ
966 1335 1011 1378 δὲ
1036 1335 1213 1393 Κέκροψ
1242 1336 1286 1378 ἔκ
1312 1340 1387 1392 τῆς
1414 1335 1634 1393 Αἰγύπτου

146 1402 426 1463 καταγόμενος
448 1403 675 1464 ἓξεφώνησε
703 1406 777 1449 τὸν
795 1403 924 1459 νόμον
944 1408 1117 1458 τοῦτον,
1157 1403 1327 1462 εἰρηκώς
1347 1404 1409 1448 ὅτι
1431 1403 1457 1461 ἦ
1474 1406 1633 1463 Ἀττικὴ

142 1472 262 1535 χώρα
291 1474 360 1518 διὰ
384 1479 508 1519 τοῦτο
531 1474 731 1519 ἀπώλετο.
801 1476 870 1518 καὶ
889 1474 1031 1518 λοιπὸν
1054 1472 1354 1532 ἐσωφρόνησαν
1370 1478 1527 1529 πᾶσαι,
1565 1478 1633 1518 καὶ

145 1542 345 1602 ἀνδράσιν
364 1541 573 1602 ἔζεύγνυον
602 1543 753 1595 ἑαυτὰς
771 1545 814 1587 αἱ
837 1543 987 1601 ἄγαμοι
1010 1543 1236 1600 παρθένοι,
1274 1541 1299 1599 ἠ
1321 1544 1366 1586 δὲ
1387 1549 1632 1600 πορνευθεΐ-

88 1623 136 1660 20
148 1628 204 1656 σα
235 1614 422 1670 ἐγαμεῖτο
454 1612 512 1657 ἑνὶ
547 1608 580 1674 ᾧ
599 1612 798 1668 ἠβούλετο
822 1613 946 1668 ἀνδρί
954 1627 963 1637 ·
1000 1615 1068 1655 καὶ
1093 1610 1341 1666 ἐθαύμασαν
1362 1613 1402 1655 οἶ
1414 1612 1629 1668 Ἀθηναῖοι
1655 1627 1684 1661 Β

143 1682 217 1726 τὸν
238 1686 313 1726 τοῦ
339 1683 542 1736 βασιλέως
567 1681 695 1738 νόμον
710 1697 719 1707 ·
758 1681 813 1733 ὥς
841 1684 886 1725 δὲ
913 1683 986 1726 καί
999 1698 1104 1732 τινες
1124 1682 1310 1732 ἐξέθεντο
1333 1679 1397 1724 ὅτι
1417 1681 1485 1724 διὰ
1506 1687 1630 1726 τοῦτο
1656 1696 1690 1738 0
1714 1697 1759 1733 87

146 1749 274 1794 αὗτόν
293 1751 333 1794 οἳ
345 1750 559 1807 Ἀθηναῖοι
591 1750 709 1795 εἶπαν
741 1753 892 1810 διφυῆ,
929 1750 991 1794 ὅτι
1022 1750 1239 1806 ἒξευγένισε
1258 1749 1311 1792 τὰ
1331 1750 1452 1793 τέκνα
1476 1756 1551 1794 τοῦ
1573 1754 1630 1795 εἲ-

146 1819 259 1864 δέναι
285 1819 384 1871 τοὺς
410 1818 569 1864 ἑαυτῶν
600 1827 741 1877 γονεῖς.
824 1821 1060 1875 ἐβασίλευσε
1089 1820 1135 1862 δὲ
1160 1817 1181 1862 ὅ
1202 1818 1377 1877 Κέκροψ
1396 1823 1480 1864 τῶν
1497 1819 1629 1878 Ἀθη-

242 1919 278 1954 7.
307 1915 494 1964 θηριώδει
518 1918 606 1961 Ch.,
632 1916 808 1964 θηριώδη
834 1918 904 1952 Ox.

143 2010 206 2036 nes
224 1999 331 2034 hasce
351 1998 513 2041 vocavit3
548 2010 589 2034 eo
608 1998 718 2044 quod,
749 1997 908 2034 Fontium
934 1997 1063 2039 instar,
1095 2009 1159 2044 per
1176 2000 1311 2033 meatus
1337 1996 1492 2043 corporis
1510 1998 1628 2034 occul-

142 2051 220 2089 tos,
268 2057 289 2080 a
321 2049 424 2091 partu
456 2046 512 2080 lac
545 2045 714 2080 emittunt.
784 2046 875 2080 Ante
897 2045 988 2079 hunc
1011 2044 1098 2079 enim
1122 2056 1259 2089 regem,
1305 2044 1463 2079 mulieres
1487 2045 1627 2079 Atticae

143 2092 445 2138 conterminaeque
478 2103 593 2127 omnes
624 2091 771 2127 belluino
807 2103 901 2126 more
922 2091 1173 2133 miscebantur,
1213 2102 1279 2137 pro
1302 2090 1403 2126 libitu
1426 2102 1510 2133 suo,
1550 2102 1626 2125 cum

141 2139 400 2186 quibuscunque
424 2138 652 2185 cupientibus.
699 2138 854 2173 Subinde
881 2149 963 2172 vero
987 2136 1132 2172 vitiatae
1155 2137 1334 2179 mulieres,
1366 2137 1457 2172 nullo
1482 2137 1624 2182 proprio

140 2185 216 2220 viro
241 2184 458 2226 destinatae,
494 2184 538 2219 ad
562 2196 677 2219 omnes
701 2196 813 2230 aeque
835 2184 1063 2226 ventitantes,
1099 2183 1240 2219 cuilibet
1262 2183 1515 2229 prostituerunt
1538 2194 1626 2219 sese.

142 2231 278 2277 Cuique
302 2230 406 2267 etiam
430 2230 558 2266 licitum
593 2236 689 2274 erat,
713 2236 751 2266 ut
774 2230 932 2266 amasiam
983 2234 1129 2276 uotquot
1156 2229 1222 2264 sibi
1242 2230 1352 2264 visum
1381 2234 1472 2263 esset
1491 2228 1625 2270 diebus,

141 2277 234 2313 domi
255 2288 368 2313 secum
391 2276 578 2312 retineret:
618 2289 682 2323 pro
707 2277 852 2312 arbitrio
875 2276 953 2312 dein
978 2289 998 2311 e
1029 2288 1110 2319 suo,
1152 2276 1407 2321 quibuscunque
1430 2274 1626 2309 volentibus

140 2335 216 2359 eam
239 2319 440 2359 dimitteret.
487 2324 670 2359 Caeterum
693 2323 819 2358 Atticis
841 2323 1003 2369 deinceps
1026 2322 1218 2369 prohibitus
1239 2323 1309 2356 fuit
1331 2332 1402 2356 mos
1426 2321 1516 2362 iste,
1548 2332 1622 2354 mu-

139 2370 263 2414 lieres,
300 2381 374 2404 cum
399 2369 558 2416 quopiam
582 2370 740 2413 volente,
767 2381 991 2406 consuescere
1014 2369 1173 2414 cogendi.
1220 2368 1356 2403 Exinde
1380 2367 1469 2401 enim
1492 2368 1622 2401 sactum

140 2420 216 2459 est,
252 2419 292 2451 ut
314 2428 412 2451 nemo
434 2416 483 2450 ibi
507 2416 675 2452 hominum
698 2417 824 2459 sciret,
859 2416 935 2463 quis
958 2427 1039 2451 suus
1063 2416 1175 2458 filius,
1214 2419 1274 2449 aut
1296 2426 1384 2459 quae
1408 2412 1479 2447 filia
1502 2411 1622 2446 fuerit.

139 2461 270 2498 Natum
291 2462 379 2497 enim
400 2463 587 2505 mantem,
610 2462 684 2497 sive
707 2463 911 2505 masculum,
946 2463 1020 2498 sive
1044 2462 1243 2502 foeminam,
1267 2466 1396 2501 mater,
1420 2470 1484 2504 pro
1508 2458 1621 2499 libitu,

138 2507 331 2555 cuicunque
362 2509 543 2543 deferebat
573 2520 615 2544 ex
648 2509 784 2544 amasiis
815 2510 905 2544 suist
952 2509 1145 2554 donumque
1166 2507 1197 2541 is
1220 2506 1450 2552 laetabundus
1473 2504 1621 2550 accepit.

139 2553 296 2601 Cecrops
310 2567 394 2590 vero
411 2556 479 2590 iste
494 2555 712 2635 Aegyptius,
744 2556 852 2601 legem
869 2555 1103 2611 supradictam
1123 2553 1293 2594 sancivit3
1327 2551 1469 2585 innuens
1491 2551 1534 2586 ob
1556 2551 1622 2584 hoc

138 2599 250 2646 ipsum
278 2600 427 2636 Atticam
451 2601 549 2647 aquis
578 2614 598 2636 o
613 2601 657 2635 im
682 2603 839 2636 obrutam
871 2603 988 2638 fuisse.
1036 2600 1173 2635 Exinde
1200 2599 1319 2644 itaque
1343 2597 1538 2631 castitatem
1563 2607 1622 2631 co·

138 2646 276 2681 luerunt
291 2647 451 2682 mulieres
472 2659 608 2690 omnes;
640 2647 832 2693 virginibus
851 2648 937 2683 viris
955 2647 1107 2694 propriis
1128 2658 1165 2680 se
1180 2644 1421 2690 jungentibus:
1446 2654 1537 2688 quae
1556 2654 1620 2678 ve-

139 2704 179 2727 ro
204 2695 284 2727 ante
306 2692 452 2728 vitiatae
473 2694 633 2736 fuerant,
666 2694 794 2729 virum.
832 2705 932 2740 quem
956 2693 1100 2734 vellent,
1137 2691 1202 2725 sibi
1226 2691 1415 2734 elegerunt.
1460 2689 1540 2724 Hoc
1562 2700 1621 2723 re-

138 2738 193 2784 gis
215 2738 378 2774 Edictum
402 2739 560 2775 demirati
584 2743 662 2775 sunt
685 2740 934 2782 Athenienses3
964 2739 1045 2786 qui,
1077 2742 1117 2772 ut
1140 2736 1290 2772 nonnulli
1312 2734 1550 2777 tradiderunt,
1575 2736 1620 2770 ob

139 2785 205 2819 hoc
237 2785 342 2819 etiam
375 2784 469 2820 illum
492 2787 642 2832 Διφυῆ,
678 2787 752 2822 sive
785 2786 966 2832 Duplicem
1000 2788 1188 2825 vocarunt3
1230 2794 1270 2816 eo
1304 2781 1395 2827 quod
1418 2781 1548 2828 prolem
1571 2781 1621 2815 eis

138 2830 339 2865 nobiliorem
372 2831 600 2877 reddidisset,
639 2833 843 2876 efficiendo,
879 2838 920 2867 ut
942 2831 1089 2878 quilibet
1114 2832 1293 2874 parentum
1318 2839 1414 2862 suum
1436 2831 1621 2871 utrumque

138 2876 373 2922 dignosceret.
423 2876 575 2924 Cecrops
605 2882 717 2914 autem
733 2878 877 2914 Athenis
895 2876 1057 2923 regnavit
1083 2887 1189 2911 annos
1210 2887 1244 2911 L.
1265 2875 1355 2910 hunc
1371 2873 1510 2921 excepit
1531 2873 1620 2908 Cra-
