1838 3230
300 193 397 238 623
786 185 1254 231 ANNOTATIONES.

301 313 351 340 ex
383 297 622 339 Theoderici
648 301 764 351 Regis
795 299 847 338 ad
881 298 1090 352 Agapitum
1121 301 1214 343 Urb.
1251 302 1378 343 Praef.
1408 303 1599 356 epistola,
1635 304 1743 356 apud

301 356 574 394 cassiodorum
593 355 742 396 variar.
764 356 833 396 lib.
855 359 891 397 1.
913 369 974 408 ep.
992 359 1058 398 32.
1080 357 1146 395 ubi
1163 357 1262 397 haec
1280 357 1496 399 habentur:
1529 358 1672 398 Verum
1697 374 1744 398 ne

297 411 460 465 posthac
480 410 563 450 ulla
582 413 704 461 possit
726 413 862 450 iterum
875 409 1039 462 furiosa
1065 415 1255 452 contentio
1281 417 1499 467 provenire,
1528 412 1743 454 Helladius

301 466 349 505 de
364 465 489 504 medio
508 465 739 519 voluptatem
766 465 912 520 populo
937 478 1199 519 praestaturus
1229 469 1416 520 introeat3
1454 469 1654 509 habiturus
1677 484 1743 509 ae-

299 520 526 576 qualitatem
559 524 741 561 menstrui
774 537 859 561 cum
888 523 1047 561 caeteris
1075 522 1230 563 Prasiai
1250 526 1513 576 pantomimis.
1572 525 1673 564 Vide
1704 531 1744 564 et

300 577 472 629 ejusdem
501 576 568 615 lib.
591 580 627 618 1.
654 591 715 629 ep.
741 582 807 619 20.
836 578 904 615 ubi
931 577 1152 617 Helladium
1185 586 1222 617 et
1242 580 1518 631 Theodorum,
1547 581 1744 630 Pantomi-

299 646 453 671 morum
477 645 570 684 par,
597 634 737 684 populi
756 633 938 672 electioni
961 635 1149 686 proponit
1171 635 1439 675 Theodericus
1457 638 1555 676 Rex.
1611 636 1743 676 Hella-

300 689 389 726 dius
409 694 535 726 autem
553 688 628 728 iste
647 689 749 728 idem
769 690 900 727 forsan
917 689 1039 728 suerit
1054 704 1142 729 cum
1174 690 1252 729 hoc
1279 692 1454 743 ejusdem
1481 692 1648 731 nominis
1665 692 1744 730 sal-

300 744 509 792 tenuiculo,
540 757 656 794 quem
686 744 836 783 Auctor
862 751 995 783 noster
1022 746 1124 783 infra
1152 747 1326 785 Russatis
1354 762 1375 785 a
1404 749 1579 799 Longino
1608 747 1744 787 datum

300 800 420 838 fuisse
450 799 607 838 scribit:
638 802 707 851 qui
735 806 828 852 post
854 801 1050 839 Zenonem
1077 808 1275 841 mortuum
1304 804 1466 842 Romam
1499 818 1540 843 se
1567 804 1744 854 recipere

299 856 492 908 potuerit:
524 857 771 906 peregrinum
792 856 892 894 enim
913 869 999 894 eum
1024 857 1120 895 illuc
1144 858 1346 897 advenisse
1377 866 1541 912 apparet
1571 873 1621 898 ex
1639 859 1744 898 dicta

300 910 536 950 Theudorici
559 913 673 961 Regis
696 913 870 962 Epistola
891 912 1108 951 cassiodor.
1124 913 1275 955 variar.
1294 914 1360 955 lib.
1387 920 1419 957 1.
1440 929 1500 967 ep.
1517 919 1585 957 20.
1615 914 1745 954 'l'heo-

302 969 462 1005 ‹loricus
496 974 625 1005 autem
654 967 807 1006 Gothus
834 968 911 1006 hoc
939 968 1027 1019 ipso
1057 975 1139 1007 erat
1167 976 1364 1022 tempore:
1408 970 1745 1023 Constantinopoli

303 1023 403 1061 enim
425 1021 628 1073 educatus,
659 1030 696 1062 et
715 1039 736 1061 a
752 1025 904 1062 Zenone
925 1025 1019 1075 Imp.
1042 1024 1143 1063 filius
1162 1026 1279 1064 etiam
1299 1026 1520 1078 adoptatus,
1540 1027 1587 1064 ab
1609 1027 1744 1065 eodem

302 1078 353 1116 ad
381 1078 531 1115 Italiam
562 1080 609 1117 ab
640 1080 851 1127 Odoacris‚
891 1080 1054 1132 ejusque
1079 1081 1339 1120 Barbarorum
1364 1083 1543 1121 manibus
1567 1082 1746 1122 liberan-

302 1135 392 1172 dam
417 1133 553 1171 missus
573 1142 651 1180 θεῖ’,
681 1149 758 1186 quo
780 1136 884 1174 bello
907 1142 998 1188 post
1016 1136 1224 1175 triennium
1246 1138 1447 1186 absoluto,
1474 1151 1636 1188 regnum
1659 1139 1747 1176 Ita-

301 1190 376 1228 liae
392 1190 508 1239 longo
529 1190 670 1228 deinde
691 1198 865 1243 tempore
895 1193 1037 1229 tenuit:
1066 1193 1125 1230 uti
1148 1199 1315 1232 testatur
1340 1194 1555 1232 Jornnndes
1584 1194 1632 1233 de
1649 1194 1745 1234 Reb.

305 1246 392 1285 Get.
415 1257 501 1296 cap.
520 1246 586 1287 57.
606 1252 646 1284 et
668 1247 735 1289 59.
793 1247 894 1286 Vide
911 1247 1026 1285 etiam
1054 1249 1164 1289 Paul.
1186 1250 1348 1290 Diacon.
1375 1250 1446 1289 lib.
1473 1253 1539 1293 16.
1567 1250 1617 1289 de
1637 1251 1745 1289 Gest.

303 1301 468 1340 Roman.

419 1357 519 1407 Pag.
553 1358 646 1397 387.
684 1358 723 1397 3.
768 1357 1010 1409 καστελίου.]
1053 1361 1134 1397 Scr-
1170 1361 1407 1401 καστελλίου.
1451 1356 1678 1412 κᾶστελλος,
1706 1367 1747 1400 et

303 1409 548 1460 καστέλλιον,
577 1424 652 1462 pro
677 1409 844 1450 Castello
870 1412 1004 1450 dixere
1023 1414 1162 1452 Graeci
1183 1417 1432 1456 recentiores,

419 1470 512 1518 Pag.
541 1469 633 1508 387.
667 1468 731 1509 14.
763 1467 947 1519 ἔκρουσεν
964 1465 1068 1522 αὐτῷ
1085 1469 1106 1510 ὁ
1124 1471 1359 1525 προτραπεὶς
1387 1467 1623 1524 uzol-niolae]
1655 1472 1743 1521 Leg-

306 1517 440 1562 αὐτόν.
508 1520 735 1561 Scholarios
759 1535 879 1567 vero,
919 1524 1000 1562 sive
1027 1523 1233 1565 scholares
1262 1527 1390 1565 dictos
1424 1529 1542 1566 fuisse
1576 1527 1745 1565 militum

306 1578 529 1629 manipulos
550 1577 763 1628 quosdam,
793 1579 844 1615 ad.
864 1580 1136 1630 Imperatoris,
1167 1588 1205 1620 et
1225 1583 1362 1621 Palatii
1390 1583 1606 1621 custodiam
1631 1583 1750 1620 desti-

306 1640 444 1682 natos,
473 1646 553 1670 non
584 1638 665 1682 est,
696 1640 786 1685 post
817 1640 896 1671 tam
923 1636 1063 1673 multas
1092 1637 1299 1677 doctorum
1324 1640 1503 1677 virorum
1528 1639 1575 1677 de
1599 1638 1675 1677 hac
1701 1651 1746 1676 re.

308 1689 619 1736 observationes,
650 1689 758 1740 quod
778 1702 847 1740 ego
865 1689 931 1728 hic
949 1705 1154 1733 monerem.

420 1743 523 1796 Pag.
553 1747 645 1785 387.
682 1748 745 1787 16.
772 1743 792 1783 ὁ
810 1743 1030 1798 σπαθάριος
1048 1751 1121 1787 τοῦ
1141 1749 1292 1801 Inoa]
1324 1745 1474 1801 σπάθη,
1504 1755 1542 1788 et
1560 1750 1746 1799 σπαθίον,

311 1799 480 1852 Spatha.
511 1799 592 1837 sive
611 1800 727 1838 Ensis
744 1806 823 1839 est:
851 1801 942 1838 inde
961 1800 1196 1855 σπαθάριος,
1226 1805 1378 1858 ens-iser,
1402 1804 1575 1846 satelles.-
1600 1805 1745 1856 ubique

311 1856 486 1894 occurrit
505 1855 611 1906 apud
628 1856 860 1894 recentiores
880 1863 963 1894 tum
982 1858 1174 1908 Graecos,
1203 1867 1286 1898 tum
1306 1861 1475 1899 Latinos.

421 1909 517 1963 Peg.
547 1914 639 1953 888.
679 1915 746 1953 13.
783 1912 850 1952 καὶ
878 1915 1075 1964 κατῆλθεν
1104 1914 1127 1955 o‘
1147 1917 1351 1969 πατρίκιος
1380 1916 1547 1966 Ιλλους.]
1578 1915 1745 1965 Mallem,

310 1964 379 2005 καὶ
398 1961 592 2018 ἀπῆλθεν.

399 2023 516 2114 dPerg-
546 2025 637 2065 389.
666 2025 705 2065 6.
732 2021 799 2063 καὶ
826 2018 1009 2076 οἷνῆλθαν
1036 2023 1131 2077 μετοῖ
1158 2025 1367 2080 Βηρίνης.]
1407 2025 1474 2066 καὶ
1500 2026 1657 2064 omnino
1683 2039 1747 2065 re-

313 2076 396 2115 dun
426 2083 478 2115 at.

423 2129 527 2172 ibid.
583 2132 640 2179 εἰς
667 2131 709 2173 τὸ
738 2129 920 2186 Παπύρις
949 2133 1215 2187 notorii-mom]
1256 2135 1441 2186 Evagrius
1470 2136 1616 2176 Eccles.
1644 2135 1745 2174 Hist.

311 2186 379 2226 lib.
408 2188 446 2228 3.
468 2200 556 2238 cap.
577 2190 645 2228 27.
668 2188 831 2227 rebelles
849 2189 967 2228 hosce
988 2188 1082 2243 πρὸς
1102 2189 1145 2231 τὸ
1167 2192 1368 2244 Παπιρίου
1388 2187 1599 2243 λεγόμενον
1619 2192 1745 2243 φρού-

314 2256 403 2295 ριον
429 2255 467 2279 se
498 2243 708 2280 contulisse
743 2245 890 2283 scribit.
954 2246 1167 2284 Jornandes
1203 2247 1316 2285 etiam
1347 2247 1394 2285 de
1424 2248 1541 2296 Regn.
1568 2248 1743 2288 Success.

314 2298 515 2335 castellum
533 2297 608 2336 hoc
622 2299 830 2349 Papyrium
852 2307 981 2338 vocat:
1011 2300 1240 2354 Additoque
1255 2300 1478 2354 supersolito
1499 2301 1655 2340 Isauras
1675 2300 1746 2341 do·-

314 2367 385 2400 no,
416 2366 544 2392 omnes
562 2351 678 2391 simul
703 2356 925 2406 conspirant
955 2367 1090 2394 contra
1114 2357 1326 2406 Zenonem,
1355 2359 1462 2409 cujus
1485 2356 1669 2395 thesauris
1702 2358 1745 2396 in

314 2407 486 2460 Papyrio
521 2406 677 2447 castello
717 2411 969 2449 munitissimo
1014 2413 1168 2462 repertis
1202 2411 1428 2450 desaeviunt.
1495 2413 1744 2451 Marcellinus

315 2463 429 2501 item:
458 2462 643 2502 Leontius
671 2465 860 2512 interrex,
900 2475 934 2502 et
964 2463 1063 2504 Illas
1096 2467 1299 2517 Tyrannus
1323 2468 1364 2505 in
1379 2467 1544 2520 Papyrio
1570 2466 1744 2507 Isauriae

317 2516 476 2557 castello
495 2520 599 2571 capti
618 2517 872 2573 decollatique
894 2530 992 2558 sunt.
1048 2521 1163 2560 Forte
1179 2523 1309 2574 itaque
1327 2523 1476 2562 Auctor
1497 2529 1629 2562 noster
1645 2523 1744 2562 scri-

317 2574 458 2624 pserst,
489 2574 544 2621 εἰς
558 2571 602 2614 τό
624 2573 833 2628 Παπύριον
850 2574 1084 2616 καστέλλιον.

429 2629 530 2680 Pag·
559 2632 655 2671 389.
697 2634 760 2672 10.
795 2629 862 2670 καὶ
892 2627 1060 2683 πρόοδον
1091 2629 1297 2680 δεδωκότες
1325 2633 1423 2684 etc.]
1464 2634 1610 2672 Locum
1636 2633 1742 2672 hunc

317 2685 480 2734 pessime
498 2692 718 2735 suspectum
737 2685 885 2734 habeo,
913 2699 984 2724 nec
1014 2686 1130 2725 video
1159 2688 1314 2738 quinam
1343 2702 1476 2728 sensus
1506 2690 1634 2728 clarus
1653 2689 1744 2728 inde

319 2739 406 2777 elici
426 2741 591 2790 poterit:
622 2741 749 2780 doctis
767 2742 899 2793 itaque
917 2741 1194 2781 enucleandum
1216 2744 1412 2794 permitto,

431 2798 525 2848 Peg.
557 2799 649 2840 389.
684 2800 748 2839 19.
777 2794 1087 2851 ἅγανακτηθείς.]
1115 2798 1359 2838 Vocabulum
1378 2800 1455 2840 hoc
1473 2815 1494 2840 a
1514 2806 1648 2841 nostro
1669 2800 1744 2840 fre-
