1838 3230
403 163 1030 211 CHRONOGRAPHIA.
1086 162 1135 208 L.
1163 163 1256 208 Vn.
1439 168 1562 237 '187

99 285 226 330 αὗτόν
259 286 328 330 καὶ
359 283 539 342 κράζειν,
573 284 735 337 Ἔξιθι,
771 286 1020 341 φεβρουᾶρι,
1058 280 1156 340 ὅπερ
1185 282 1269 326 ἐστὶ
1302 286 1353 339 τῇ
1380 279 1564 337 Ἑλληνί-

0 396 9 403 ,,
99 356 141 398 δι
175 352 342 412 γλώσσῃ
379 354 534 410 Ἔκβα,
582 353 744 411 περίτιε.
823 354 892 395 καὶ
939 350 1069 402 οὕτως
1115 352 1330 407 ἐκβληθεὶς
1366 349 1447 394 ἀπὸ
1486 355 1565 407 τῆς

0 406 13 479 ξ
98 420 257 473 πόλεως
281 419 440 480 Ῥώμης
463 421 484 466 ὃ
507 422 633 473 αὐτὸς
663 420 927 477 συγκλητικὸς
960 417 1170 474 ἐτελεύτα,
1205 421 1454 471 θυσιασθεὶς
1478 426 1565 470 τοΐς

0 482 13 580 ἶ
99 492 390 548 καταχθονίοις
409 496 538 541 θεοῖς.
608 491 676 534 καὶ
699 490 922 547 ἐπιτρέψας
943 495 1030 539 τοῖς
1055 489 1225 547 ἱερεῦσιν
1245 486 1266 532 ὅ
1289 488 1414 538 αὐτὸς
1433 490 1567 532 Μαλ-

0 573 14 617 ‘ss
65 561 198 608 5λίων
231 567 359 612 ποιεΐν
385 561 540 604 θυσίαν
573 559 616 602 ἐν
642 563 702 618 τῷ
724 557 837 617 αὐτῷ’
868 560 966 614 μηνὶ
986 559 1246 617 φεβρουαρίῳ
1258 591 1272 610 ,
1310 555 1502 614 κελεύσας
1523 558 1565 600 ἐν

0 622 9 631 “’
98 626 252 687 ἑκάστῃ
280 626 393 672 πόλει
413 626 624 684 Ῥωμαίων
655 627 704 671 τὸ
726 627 827 670 αὐτὸ
858 631 997 683 σχῆμα
1017 631 1091 670 τοῦ
1115 627 1348 684 φορέματος
1368 631 1442 669 τοῦ
1463 639 1567 682 ψια-

97 698 198 740 θίου
225 698 414 754 γίνεσθαι
447 699 514 740 καὶ
541 697 595 740 τὰ
621 696 742 740 λοιπὰ
777 696 864 739 κατ’
896 695 1007 748 ἔτος,
1045 697 1111 738 καὶ
1143 693 1366 739 διώκεσθαι
1391 695 1462 738 τὸν
1492 712 1567 752 φε-

95 763 323 824 βρουάριον
355 766 428 810 τὸν
459 767 527 809 καὶ
563 766 741 822 περίτιον
777 769 893 820 μῆνα.
933 764 1013 821 πρὸ
1057 769 1132 820 τῆς
1168 762 1324 814 πόλεως
1363 761 1568 818 τυπτόμε-

97 851 194 888 νον,
238 834 314 890 τὴν
351 834 456 878 κατὰ
492 839 567 877 τοῦ
596 831 764 890 Βρήνου
800 835 867 876 καὶ
895 838 978 876 τῶν
1006 836 1048 876 Γ
1045 831 1184 876 ἄλλων·
1212 834 1423 888 σημαίνων
1453 835 1567 888 νίκην
1589 844 1620 878 c

34 915 92 951 ,10
102 904 172 946 καὶ
195 902 271 958 τὴν
293 908 368 947 τοῦ
390 904 545 960 ἐχθροῦ
578 907 653 946 τοῦ
672 903 926 952 ΖΙἸαλλίωνος
945 903 1169 958 ἐκδίκησιν,
1207 900 1308 958 ὅπερ
1324 903 1472 958 γίνεται
1494 902 1569 951 ἕως

97 975 172 1027 τῆς
201 975 274 1016 νῦν
309 974 366 1023 εἲς
394 970 569 1027 ἑκάστην
596 970 714 1015 πόλιν
739 969 963 1026 Ῥωμαίων.
1033 969 1174 1027 ἥντινα
1193 969 1354 1013 ἔκθεσιν
1376 965 1504 1027 ηὗρον
1525 971 1567 1012 ἐν

101 1041 382 1098 Θεσσαλονίκῃ
418 1039 557 1084 πόλει·
609 1042 678 1083 καὶ
714 1039 914 1096 ἀναγνοὺς
947 1033 1074 1096 ηὗρον
1112 1039 1453 1096 ἐπιγεγραμμένην
1491 1039 1566 1095 τὴν
1592 1051 1626 1087 0
1649 1052 1718 1089 239

97 1110 245 1164 βίβλον
255 1109 447 1160 ’Έκθεσις
470 1110 714 1167 Βρουνιχίου
730 1106 932 1164 Ῥωμαίου
949 1106 1253 1165 χρονογράφου.

199 1177 326 1222 Μετὰ
359 1179 404 1221 δὲ
426 1182 502 1222 τοῦ
530 1180 731 1234 διοικῆσαι
752 1177 850 1227 τούς
879 1175 1062 1227 ὑπάτους
1082 1177 1151 1232 ἔτη
1171 1177 1301 1220 πολλὰ
1326 1174 1448 1220 πάλιν
1466 1177 1566 1231 ἐβα-

44 1256 88 1292 15
100 1246 257 1290 σίλευσε
293 1251 456 1303 πρῶτος
493 1246 761 1302 Ὀκταβιανὸς
798 1245 1056 1303 Αὔγουστος.
1146 1245 1191 1296 ὃς
1224 1246 1473 1303 ἐπεμέμφετο
1507 1251 1565 1305 vg

97 1317 318 1359 Μαλλίωνι
346 1316 641 1374 Καπιτωλίνῳ,
680 1312 735 1365 ὥς
763 1313 929 1366 τάξαντι
955 1314 1026 1358 τὸν
1048 1313 1336 1378 κακοιιῦνιστον
1356 1313 1567 1372 φεβρουά-

99 1400 188 1439 ριον
214 1388 326 1440 μῆνα
363 1384 512 1439 μέσον,
559 1385 626 1427 καὶ
664 1383 902 1440 μεταγαγὼν
929 1383 1084 1434 εὐθέως
1113 1382 1134 1427 ὃ
1165 1384 1289 1435 αὐτὸς
1320 1384 1569 1439 Αὔγουστος

98 1452 168 1495 διὰ
195 1454 315 1503 θείας
353 1452 481 1496 αὐτοῦ
517 1449 733 1503 κελεύσεως
776 1452 823 1496 τὸ
863 1452 991 1508 ὄνομα
1021 1457 1096 1496 τοῦ
1128 1455 1405 1510 φεβρουαριόυ
1437 1453 1568 1508 μηνὸς

99 1519 270 1579 ὕστερον
291 1519 458 1565 πάντων
478 1526 562 1565 τῶν
583 1526 726 1577 μηνῶν
745 1521 881 1575 ἔταξε,
919 1523 987 1565 καὶ
1009 1521 1093 1565 ἀντ’
1127 1523 1255 1565 αὐτοῦ
1278 1522 1323 1566 τὸ
1345 1523 1448 1565 ἴδιον
1471 1521 1567 1564 ἑαυ-

42 1595 177 1637 ξοτοῧ
217 1590 349 1646 ὄνομα
384 1590 612 1647 αι’)’γουστον
662 1590 733 1633 τὸν
777 1591 891 1634 ἕκτον
941 1590 1021 1633 ἀπὸ
1072 1595 1146 1634 τοῦ
1188 1593 1340 1648 πρᾲιου
1384 1593 1451 1634 καὶ
1496 1590 1569 1634 τὸν

99 1658 178 1714 πρὸ
211 1663 286 1702 τοῦ
318 1658 547 1715 αὐγούστου
577 1659 708 1715 μηνὸς
740 1658 924 1703 ἐκάλεσεν
954 1660 1009 1710 εἷς
1035 1659 1080 1702 τό
1102 1659 1231 1715 ὄνομα
1251 1664 1324 1703 τοῦ
1352 1661 1468 1703 θείου
1493 1659 1568 1702 αὖ·-
1592 1674 1624 1709 1)

99 1732 174 1771 τοῦ
206 1727 376 1771 Ἰουλίου
401 1730 628 1786 Καίσαρος.

194 1837 225 1871 1.
242 1833 383 1882 Ἐξιθι]
408 1836 510 1872 Immo
524 1834 620 1881 Ἔξι.
662 1837 753 1871 Tum
779 1836 946 1880 Περίττιε
968 1838 1036 1872 Ox.
1074 1836 1133 1870 Sic
1157 1840 1193 1872 et
1215 1848 1248 1871 v.
1274 1838 1307 1873 8.
1401 1835 1455 1872 14.
1479 1837 1564 1881 τοῦ]

189 1880 235 1918 τὰ
261 1883 326 1918 ch.
374 1883 416 1917 v,
439 1883 510 1919 vol.
531 1883 577 1919 11.
601 1895 635 1930 p.
659 1882 717 1920 24.
741 1884 783 1926 B,
806 1882 864 1920 34.
881 1882 925 1918 D.
998 1884 1051 1920 15.
1074 1884 1139 1930 τῷ]
1163 1884 1232 1920 τοῦ
1256 1884 1323 1918 ox.
1392 1885 1450 1919 20.
1475 1881 1566 1929 ἀπὸ]

189 1927 256 1966 τὸν
279 1926 352 1966 ἀπὸ
378 1929 446 1964 Ox.

98 2020 140 2056 lis
169 2019 207 2056 in
238 2024 410 2068 posterum
444 2020 651 2056 Februarius
686 2033 707 2056 a
739 2021 908 2057 Senatore
937 2021 1004 2056 isto
1036 2021 1232 2057 diceretur:
1277 2020 1327 2057 uti
1357 2021 1475 2056 mensis
1509 2021 1563 2056 in-

98 2068 231 2103 faustus
266 2079 388 2103 nomen
418 2067 520 2102 etiam
551 2067 798 2112 inauspicatum
831 2073 867 2102 et
898 2068 1168 2103 inhonorandum
1191 2068 1343 2103 haberet.
1391 2068 1564 2102 Sacerdo-

98 2113 190 2148 tibus
211 2113 315 2148 etiam
339 2113 522 2148 Sacrificia
554 2113 677 2149 indixit
702 2114 869 2155 Manlius,
907 2114 1023 2149 eodem
1053 2126 1165 2149 mense
1188 2113 1397 2160 peragenda.
1451 2114 1565 2154 Quin-

99 2159 203 2194 etiam
224 2160 363 2195 urbibus
387 2159 560 2194 Romanae
585 2160 720 2194 ditionis
743 2159 906 2195 universis
928 2160 1129 2206 imperavit3
1166 2161 1237 2202 uti,
1261 2161 1490 2195 anniversario
1515 2159 1564 2194 ri-

97 2209 158 2247 tn,
191 2205 426 2241 simulachrum
450 2206 637 2251 quoddam,
672 2212 786 2241 storea
808 2206 1027 2251 funiculoque
1050 2206 1339 2248 circumcinctum,
1364 2207 1479 2240 eodem
1497 2217 1564 2250 quo

98 2249 305 2287 Februarius
326 2252 448 2294 modo,
483 2251 591 2297 virgis
615 2261 715 2287 extra
747 2253 864 2286 urbem
888 2252 1108 2288 caederetur:
1151 2264 1272 2298 nempe
1295 2254 1361 2287 hoc
1387 2251 1564 2292 facientes,

98 2295 136 2331 in
169 2297 281 2332 odium
311 2297 433 2332 mensis
457 2297 657 2340 Februarii3
696 2298 731 2332 in
753 2298 944 2333 memoriam
967 2311 1051 2333 vero
1082 2299 1231 2340 Brenni,
1268 2310 1341 2332 cum
1366 2297 1475 2332 Gallis
1497 2296 1565 2331 suis

98 2342 300 2388 profligati,
337 2343 528 2389 Manliique
551 2343 586 2378 in
611 2346 841 2379 adversarium
874 2344 1056 2380 vindictae.
1114 2345 1227 2380 Durat
1249 2350 1361 2379 autem
1394 2355 1463 2377 mos
1486 2343 1564 2384 iste,

99 2387 239 2434 singulis
262 2390 490 2425 Romanorum
512 2390 651 2425 urbibus
672 2391 888 2434 observatus,
910 2391 946 2425 in
969 2392 1058 2426 hunc
1081 2403 1187 2436 usque
1211 2390 1309 2425 diem.
1355 2389 1427 2423 Ista
1450 2394 1565 2423 autem

99 2432 214 2469 desum
238 2439 277 2476 ta
310 2440 387 2470 sunt
419 2447 460 2469 ex
484 2436 603 2471 codice
637 2437 803 2482 quodam,
849 2449 946 2482 quem
978 2437 1014 2471 in
1045 2439 1130 2472 urbe
1153 2435 1396 2471 Thessalonica
1427 2433 1565 2475 inveni3

103 2479 197 2524 cujus
218 2486 283 2516 Iste
305 2482 374 2516 fuit
396 2482 556 2516 Titulus:
595 2483 792 2525 Brmu'chii,
825 2484 1091 2529 Clzronograplzi
1114 2484 1281 2524 Romani,
1306 2482 1475 2515 Historia.

193 2525 318 2562 Postea
356 2539 439 2562 vero
480 2539 578 2573 quam
612 2529 774 2563 Consules
805 2529 990 2564 Romanam
1026 2530 1189 2575 Rempub.
1222 2529 1335 2573 plures
1368 2538 1431 2571 per
1464 2537 1568 2560 annos

103 2569 411 2615 administrassent,
458 2574 587 2618 regium
619 2586 734 2609 rursus
765 2575 940 2620 imperium
978 2575 1102 2621 primus
1135 2573 1326 2609 introduxit
1356 2570 1569 2606 Octavianus

102 2617 291 2660 Augustus:
317 2618 375 2663 qui
398 2619 563 2654 Manlium
588 2619 818 2666 Capitolinum
842 2621 1013 2666 culpavit,
1037 2621 1130 2665 quod
1154 2618 1399 2673 inauspicatum
1424 2629 1568 2651 mensem

101 2661 325 2715 Feb-marium
358 2664 448 2699 inter
480 2677 607 2700 menses
633 2667 777 2701 medium
812 2667 988 2713 posuisset.
1044 2668 1166 2711 Itaque
1197 2665 1313 2698 divmo
1343 2674 1402 2697 suo
1437 2663 1566 2698 Edicto

102 2712 215 2751 cavlt,
255 2709 306 2742 uti
326 2708 361 2743 in
392 2715 563 2754 posterum
586 2712 791 2748 Februarius
821 2713 856 2747 in
879 2713 968 2748 serie
999 2713 1156 2747 mensium
1189 2710 1322 2744 ultimus
1346 2714 1453 2743 essem
1494 2709 1568 2753 ejus

101 2758 213 2788 autem
236 2753 273 2787 in
295 2754 390 2796 loco,
425 2767 567 2792 mensem
591 2770 612 2792 a
636 2759 744 2804 primo
769 2766 918 2801 sextum,
955 2770 1015 2792 suo
1040 2757 1193 2797 nomine,
1231 2758 1427 2801 Augustum
1448 2755 1568 2790 vocari

96 2799 217 2853 jussit}
255 2799 510 2881 antezzedeutem
541 2815 624 2839 vero
647 2816 810 2848 mensem,
844 2817 865 2840 a
897 2803 1054 2840 Caesaris
1087 2801 1244 2838 avunculi
1276 2800 1409 2837 nomine
1437 2801 1567 2836 Julium

101 2857 220 2881 vocari
242 2857 284 2880 vo
299 2857 333 2880 ω
351 2871 361 2882 .
