1838 3230
280 195 379 244 644
768 185 1241 247 ANNorATIONEs.

281 306 401 345 dibile
436 311 506 345 est.
579 305 706 356 Supra
736 302 858 351 enim,
888 301 991 340 libro
1019 315 1069 351 x,
1100 301 1197 340 dicit
1225 300 1422 341 Christum
1452 307 1587 340 natum
1610 301 1732 341 fuisse

282 362 451 414 Augusti
465 362 564 414 Imp.
585 373 686 398 anno
702 372 805 396 xxii.
835 331 918 396 s'ive
935 372 1036 396 anno
1063 358 1200 395 mundi
1218 371 1293 407 mo,
1312 372 1352 406 D,
1383 357 1583 409 quomodo
1612 357 1732 396 Grae-

283 419 320 463 ci
347 418 467 468 vulgo
492 420 739 467 computant:
770 413 912 465 quibus
936 414 1044 452 annis
1076 415 1107 451 si
1128 427 1278 462 cxxxx,
1308 413 1403 452 alios
1425 429 1446 451 a
1463 413 1618 452 Christo
1638 418 1732 459 nato

284 474 456 513 adhunc
484 471 690 510 Justiniani
713 470 966 508 Consulatum
983 483 1030 509 11.
1062 470 1214 521 elapsos
1241 469 1374 519 umas,
1402 469 1559 520 colliges
1578 474 1734 533 tantum

284 543 345 570 mo
373 543 432 568 cm
451 542 572 567 xxix·
612 527 708 565 adeo
728 532 773 564 ut
793 539 1164 565 ccchxv111.annos
1182 526 1271 577 plus
1287 529 1395 577 justo
1419 524 1484 564 hic
1499 525 1595 578 poni
1611 523 1735 565 mani·
1756 550 1759 553 »

285 587 426 626 festum
451 585 515 624 sit.

399 643 493 693 Pag.
522 641 617 682 428
655 636 720 679 15.
767 636 839 685 ἕως
864 639 935 688 τῆς
965 634 1154 684 υπατείας
1183 638 1471 677 Ιουστινιανοῧ.
1484 635 1500 688 ]
1538 635 1737 688 Supplen-

287 698 382 737 dum
411 698 451 737 δε
445 695 603 748 -υτέρας,
662 693 808 732 Verum
836 693 1030 744 quomodo
1062 692 1251 731 Eusebius
1281 699 1510 744 computum
1542 705 1737 731 annorum

287 754 338 791 ad
354 752 560 791 Justiniani
581 750 833 788 Consulatum
852 749 1058 787 deduxisse
1077 748 1243 798 dicitur,
1274 762 1363 787 cum
1383 748 1561 787 ducentis
1583 747 1738 786 circiter

288 810 398 848 annis
426 807 684 846 Justinianum
722 805 1008 856 praecesserit?
1075 805 1210 854 Itaque
1239 811 1336 855 puto
1365 804 1573 843 Auctorem
1593 803 1740 842 intelli-

289 864 458 917 gendum
475 876 556 903 esse
576 862 624 900 de
646 862 797 899 calculo
822 861 868 898 ab
887 861 1054 899 Eusebio
1075 860 1124 897 ad
1147 860 1289 898 Christi
1309 866 1458 898 tantum
1479 859 1693 898 Natalitia
1681 872 1742 897 111..

290 922 448 960 stituto:
493 934 513 957 a
547 932 625 969 quo
651 924 829 968 tempore
855 917 1031 967 reliquus
1061 929 1250 954 annorum
1276 930 1462 954 numerus
1491 931 1514 954 a
1542 928 1742 967 quoquam

290 977 399 1016 nullo
426 974 580 1026 negotio
611 973 752 1011 deduci
778 978 920 1024 potest.
980 971 1090 1010 Sed·
1079 986 1120 1009 111
1143 972 1230 1009 istis
1258 971 1356 1009 nihil
1386 972 1540 1010 omnino
1567 971 1651 1009 sani
1670 977 1742 1010 est.

291 1005 498 1071 Eusebius⁰
509 1030 609 1069 enim
638 1029 685 1066 ab
708 1028 928 1066 Abrahamo
955 1027 1005 1064 ad
1030 1027 1226 1072 Chiistum
1250 1029 1392 1066 Natum
1427 1042 1545 1066 annos
1562 1032 1742 1067 numerat

293 1101 428 1136 MMXV,
455 1087 502 1125 ab
523 1086 671 1124 Adamo
691 1098 786 1122 vero
808 1085 856 1122 ad
879 1084 958 1121 Abi
962 1083 1155 1132 ahamum,
1182 1084 1395 1122 secundum
1417 1098 1501 1122 Lxx
1529 1083 1742 1132 seniorum,

295 1158 396 1195 quae
424 1142 593 1180 omnium
624 1141 812 1179 maximae
842 1146 954 1186 suut,
997 1139 1208 1187 rationes,
1219 1153 1509 1179 MMMCLXXXIV.
1542 1139 1685 1190 quibus
1709 1137 1743 1177 si

297 1199 417 1238 addas
436 1211 575 1246 nxxm,
604 1197 645 1234 in
666 1210 782 1247 quem
804 1195 948 1233 Christi
965 1209 1108 1233 annum
1128 1196 1267 1233 incidit
1287 1196 1490 1234 ,Iustiniani
1511 1195 1743 1234 Consulatus

296 1270 351 1304 11,
380 1254 471 1292 anni
485 1259 638 1291 tantum
668 1252 906 1302 colliguntur
937 1264 1012 1299 100,
1030 1265 1254 1290 nccxxvm.
1311 1251 1441 1303 Atque
1459 1251 1526 1289 hic
1551 1258 1610 1291 est
1625 1263 1744 1290 verus

298 1287 472 1349 calculus
500 1307 762 1354 Eusebianus;
794 1307 862 1358 qui
889 1313 1018 1345 tamen
1047 1321 1177 1346 Dcciv.
1206 1308 1315 1346 annis
1339 1309 1385 1346 ab
1411 1307 1593 1346 Auctoris
1621 1306 1747 1346 nostri

299 1366 517 1406 Eusebiano
538 1370 759 1414 superatur.

410 1422 510 1473 Pag.
540 1421 634 1461 428.
667 1422 732 1461 18.
761 1433 924 1458 παντων
946 1413 1018 1457 οὖν
1040 1416 1088 1458 τοὶ
1111 1430 1388 1471 συγγραμματα
1416 1417 1525 1472 φέρει
1554 1418 1668 1471 ἕκτην
1692 1433 1747 1470 χι-

301 1473 420 1524 λιαδα
450 1472 654 1525 ἐνιαυτον]
698 1474 858 1523 Scribo,
901 1473 1101 1514 ἐνιαυτῶν.
1169 1476 1359 1513 Auctores
1387 1488 1482 1513 veno
1510 1488 1603 1513 suos
1629 1487 1749 1525 supra

302 1532 492 1586 prodidit,
521 1544 658 1582 nempe
678 1531 924 1578 Clementem,
953 1529 1213 1581 Theophilum
1242 1537 1280 1568 et
1299 1530 1557 1569 Timotheum.
1617 1531 1749 1568 Caete-

303 1603 392 1627 rum
414 1601 493 1626 non
511 1593 590 1635 est,
627 1586 733 1637 quod
755 1587 995 1624 Graecorum
1018 1586 1066 1623 ab
1100 1586 1205 1625 Orbe
1232 1587 1396 1625 Condito
1418 1599 1611 1624 annorum
1632 1586 1750 1625 Com-

305 1645 460 1698 putatio
476 1657 547 1682 nos
566 1648 755 1681 moretur.

422 1703 514 1751 Pag.
543 1699 640 1741 429.
673 1702 708 1739 1.
752 1697 816 1749 ἔτη
842 1691 964 1750 ρὀθ’.]
999 1696 1193 1735 Encaenia
1217 1697 1326 1735 urbis
1347 1697 1751 1750 Constantinopolita-

310 1770 405 1805 nae,
438 1755 655 1793 secundum
680 1757 876 1800 nostrum,
907 1754 1096 1791 celebrata
1117 1759 1207 1790 sunt
1227 1753 1347 1792 Aerae
1371 1753 1630 1791 Antiochense
1649 1766 1750 1791 anno

313 1824 554 1860 ccccxxvffl,
571 1810 616 1848 id
633 1817 703 1860 est,
712 1814 825 1858 {anno
839 1809 982 1847 Christi
999 1810 1150 1860 vulgari
1170 1822 1338 1859 cccxxx,
1359 1823 1497 1860 nempe
1509 1809 1752 1847 Constantini

312 1868 412 1919 Imp,
443 1881 542 1904 anno
562 1879 676 1905 xxiv.
703 1879 752 1903 ex
784 1879 861 1917 qno
893 1873 1072 1917 tempore
1070 1839 1146 1902 Dad
1176 1864 1282 1903 hunc
1314 1866 1528 1903 secundum
1549 1864 1754 1903 Justiniani

315 1923 568 1961 Consulatum
594 1922 682 1959 anni
713 1928 927 1960 excurrunt
946 1935 1083 1971 exeix,
1113 1921 1171 1958 uti
1193 1922 1343 1960 Auctor
1361 1928 1480 1961 lecte.
1535 1921 1633 1960 Vide
1653 1933 1755 1972 quae

315 1992 434 2030 supra
454 1978 674 2016 notavimus
696 1977 747 2015 ad
768 1978 845 2015 libi
848 1991 912 2016 um
931 1991 1024 2016 xm.

426 2036 528 2085 Pag-
556 2034 649 2101 429.
679 2034 720 2076 5
764 2033 784 2075 ὅ
804 2049 877 2074 ουν
903 2049 1174 2088 χρονογραφος
1203 2029 1379 2087 οἶνοῖγκην
1400 2031 1496 2085 ἔχει]
1525 2031 1700 2081 Mallem,
1730 2029 1755 2072 ὁ

318 2105 392 2143 γαρ
410 2088 692 2142 χρονογρᾶφθς·

434 2147 526 2196 Pag
542 2141 986 2196 429.12.Αλλᾶοιχος,
1017 2145 1071 2185 ἔκ
1062 2161 1176 2200 χονος
1194 2148 1267 2186 τοῦ
1291 2141 1626 2197 Ουάλεμεριακοῦ]
1652 2142 1756 2180 Scri-

320 2200 506 2249 bendum,
536 2196 788 2250 Αταλᾶριχος.
847 2163 1093 2239 Athaliriculs
1122 2215 1215 2239 vero
1238 2200 1440 2240 Eutharici
1457 2205 1539 2238 erat
1559 2199 1676 2247 filius,
1706 2211 1758 2236 ex

324 2255 639 2304 Amalasuontha,
665 2255 896 2294 'theoderici
915 2257 1009 2295 filia:
1042 2258 1101 2295 uti
1119 2271 1235 2309 supra
1256 2257 1489 2305 monuimus,
1519 2254 1568 2293 ad
1585 2255 1673 2293 libr.
1693 2254 1757 2295 15.

324 2313 424 2350 Vide
443 2311 674 2350 Jornandem
698 2310 746 2349 de
767 2311 861 2351 Reb.
885 2313 969 2350 Get,
993 2314 1093 2364 Cap„
1111 2314 1176 2356 59.

440 2370 532 2419 Pag.
557 2368 650 2409 429.
681 2369 746 2408 13.
774 2367 958 2419 Γιλδέριχ,
974 2368 997 2408 ὁ
1018 2369 1175 2421 ἔκγονος
1197 2367 1435 2420 Γινζιρίχου]
1469 2365 1636 2419 ἔκγονος,
1653 2365 1759 2417 apud

327 2429 517 2471 nostrum,
547 2422 780 2474 quandoque
802 2422 955 2471 Filium,
985 2425 1193 2475 aliquando
1221 2424 1332 2461 etiam
1352 2424 1539 2473 Nepotem
1559 2422 1759 2472 significat.

332 2477 578 2516 Gilderichus
607 2478 709 2516 enim
738 2478 817 2516 sive
837 2478 1069 2528 [lderichus‚
1099 2487 1144 2517 ut
1173 2480 1290 2518 habet
1308 2478 1543 2529 Procopius,
1571 2477 1761 2516 Honorici

329 2534 434 2572 filius
454 2540 556 2582 erat,
588 2533 804 2572 Gensirichi
830 2546 944 2579 vero,
976 2536 1059 2573 sive
1079 2534 1274 2574 Gizerichi
1299 2535 1440 2586 Nepos.
1497 2534 1587 2573 vide
1610 2535 1762 2572 Proco-

332 2589 455 2642 pium,
484 2589 532 2627 de
546 2590 627 2630 Bel.
647 2589 812 2628 Vandal.
832 2589 901 2627 lib.
927 2593 961 2631 1.

442 2644 538 2696 Pag
566 2647 661 2687 429.
694 2649 757 2688 17.
787 2641 942 2697 ὀνόματι
964 2645 1133 2694 Ζτίττας.
1143 2646 1158 2697 ]
1186 2646 1325 2693 Σίττας
1344 2646 1535 2698 Procopio
1556 2645 1717 2683 dicitur.

448 2703 540 2753 Pag.
572 2701 668 2742 429.
697 2705 762 2743 21.
792 2700 858 2740 καὶ
875 2698 1105 2753 στρατεύσας
1123 2702 1324 2749 ἒντοπίους
1342 2702 1624 2772 σκρινιαρίους]
1657 2713 1762 2752 σκρι-

336 2753 506 2804 νιάριος,
548 2755 791 2796 Scriniarius.
848 2757 1005 2795 Suidas:
1030 2754 1318 2827 Σκρινιάριος,
1362 2756 1386 2798 o‘
1411 2753 1664 2813 χαρτυλαριος
1689 2757 1762 2796 τοῦ

337 2808 524 2865 ἐπάρχου,
554 2828 575 2853 ο
598 2811 720 2866 αἰόων
738 2828 780 2854 το
802 2814 995 2866 σκρίνιον,
1023 2811 1111 2867 ἤτοι
1125 2829 1167 2855 το
1186 2809 1382 2866 κιβώτιον.
