1852 3236
613 161 1074 217 PROLEGOMENA.
1416 195 1418 197 .
1493 181 1572 207 xxv

116 294 236 336 quom
262 294 313 322 ฮฑ
341 294 415 323 suo
445 280 510 323 Jo.
528 279 777 322 Antiocheno
811 278 996 330 adducit,
1029 277 1136 332 apud
1153 283 1335 316 nostrum
1353 275 1418 317 Jo.
1442 275 1576 316 Male-

115 349 198 391 lam
235 349 386 389 frustra
429 349 656 403 quaesieris.
715 348 987 399 Reperiuntur
1035 346 1191 399 quidem
1230 345 1336 397 apud
1378 342 1575 384 MaZeZam

117 417 246 458 omnia
264 417 305 472 1)
333 418 507 468 estona,
538 430 635 469 quae
655 416 702 454 ab
722 422 893 468 utroque
919 417 1055 454 Tzetze
1079 427 1129 453 ex
1157 412 1222 453 Jo.
1249 411 1498 452 Antiocheno
1518 412 1577 450 ci-

115 478 272 536 tantur5
304 492 343 525 ct
362 485 411 525 de
431 485 580 524 Fabula
607 484 772 537 insuper
796 484 891 535 ista,
933 497 1031 535 quae
1061 489 1118 521 est
1137 481 1185 520 de
1212 481 1373 519 interitu
1400 480 1576 530 Penthei,

118 553 431 593 animadvertere
461 553 574 603 licet,
612 556 692 590 non'
715 554 841 592 solum
870 552 1041 606 proferri
1073 549 1180 603 apud
1197 547 1393 588 Male-lam
1417 547 1578 586 eandem

117 621 224 660 illius
251 621 500 672 allegoricam
529 620 836 673 expositionem,
875 635 1013 660 verum
1047 619 1159 657 etiam
1195 617 1243 655 ab
1276 630 1321 655 eo
1356 615 1405 655 de
1442 616 1577 654 fabula

116 688 194 728 ista
225 688 413 728 advocari
439 687 664 742 Euripidem
698 689 740 726 in
766 688 962 738 Bacchis,
993 694 1037 726 ut
1057 687 1174 725 etiam
1194 685 1243 724 de
1265 684 1399 723 eadem
1423 683 1464 722 in
1485 684 1576 722 loco

116 756 322 810 praedicto
341 757 486 796 citatur
502 770 524 794 a
549 756 682 796 Tzetze
699 755 901 797 Chiliasta.
959 756 1060 794 Hinc
1081 753 1206 791 cuivis
1225 753 1266 790 in
1292 759 1481 804 promptu
1498 766 1580 792 esse

118 823 251 876 possit
280 831 554 875 argumentum
586 823 658 861 sibi
694 825 788 863 satis
821 824 1045 877 speciosum
1079 821 1308 870 efformare,
1346 834 1425 858 non
1458 820 1579 859 alium

119 905 238 944 quam
255 898 435 932 nostrum
455 891 656 942 Ioannem,
681 907 703 929 a
722 892 877 931 duobus
900 892 980 930 illis
1000 888 1271 942 Scriptoribus
1293 902 1366 939 per
1388 887 1579 927 Joannem

118 959 385 999 Aniiohenum
405 960 617 1011 designari:
648 967 921 1011 argumentum
946 953 1162 1014 (inquam)
1183 956 1276 994 satis
1296 956 1523 1007 spesiosum,
1545 964 1583 996 et

120 1029 153 1068 si
173 1029 292 1068 alicui
310 1030 386 1068 ista
419 1028 556 1080 oPinio
586 1028 838 1080 probabilior
872 1027 1076 1075 videatur,
1111 1038 1199 1063 cum
1222 1036 1268 1062 eo
1292 1037 1373 1061 non
1396 1037 1467 1074 ego
1491 1037 1583 1061 con-

119 1096 297 1135 tendam:
325 1096 390 1135 Me
409 1084 540 1134 tamen
566 1110 645 1135 non
674 1096 728 1135 ita
754 1096 854 1135 haec
884 1100 1046 1134 movent
1073 1093 1168 1144 quin
1196 1091 1330 1144 potius
1354 1090 1396 1128 in
1428 1091 1586 1129 diversa

118 1165 329 1217 persistam
346 1164 547 1205 sententia.
608 1164 836 1212 Quis-enim
866 1162 907 1201 in
939 1162 1127 1202 Graeciae
1155 1158 1353 1211 sequioris
1385 1164 1425 1196 et
1452 1164 1587 1210 poste-

119 1231 239 1281 rioris
258 1233 521 1271 monumentis
543 1239 624 1271 tam
645 1245 787 1284 parum
815 1237 993 1270 versatus
1020 1236 1100 1279 est,
1129 1235 1174 1267 ut
1202 1242 1281 1266 non
1301 1226 1398 1265 sciat
1424 1226 1586 1264 illorum

120 1300 346 1352 Scriptores
370 1300 452 1339 fere
474 1300 609 1339 eadem
631 1300 778 1351 ubique
797 1299 920 1337 literis
942 1298 1198 1346 demandare,
1230 1308 1349 1347 seque
1381 1301 1515 1332 mutuo
1548 1300 1588 1332 et

121 1367 220 1407 alios
250 1368 474 1420 Scriptores
510 1369 726 1407 liberaliter
767 1366 980 1405 admodum
1012 1365 1236 1405 exscribere
1267 1370 1383 1415 atque
1411 1363 1587 1414 expilare

122 1434 412 1473 consuescere?
444 1435 493 1474 Et
523 1436 613 1487 quis
641 1450 718 1474 non
746 1435 856 1474 videt
886 1435 951 1474 vel
979 1448 1028 1472 ex
1054 1433 1172 1485 ipsiS,
1205 1445 1306 1484 quae
1335 1437 1492 1480 extant,
1524 1429 1585 1470 Jo.

121 1500 364 1542 Antiocheni
378 1501 574 1542 Monachi
596 1504 826 1555 Excerpfis,
859 1517 949 1541 eum
969 1502 1104 1540 multis
1139 1501 1180 1538 in
1214 1499 1313 1538 locis
1342 1499 1476 1537 eadem
1500 1511 1591 1536 cum

122 1569 276 1609 Joanne
286 1577 422 1610 nostro
437 1569 592 1610 Malela
610 1571 651 1609 in
671 1572 804 1610 literas
826 1571 1040 1610 retulisse?
1074 1570 1200 1618 Quem
1224 1569 1321 1606 latet
1339 1567 1447 1606 illius
1461 1566 1592 1604 Chro-

122 1636 384 1690 nographiam
406 1639 456 1678 de
474 1638 618 1678 eisdem
637 1640 755 1691 plane
777 1654 867 1678 cum
894 1637 1119 1680 Maleliana
1149 1635 1337 1674 sabulosis
1369 1635 1487 1674 rebus
1512 1641 1593 1672 tra-

124 1705 282 1745 ctasse'?
321 1707 440 1746 Hisce
470 1707 633 1759 insuper
664 1707 791 1758 addo,
831 1707 927 1746 mihi
953 1720 1035 1745 esse
1069 1705 1453 1757 exploratisSImum,
1493 1702 1593 1741 nihil

126 1773 236 1812 aliud
255 1787 340 1813 esse
363 1774 528 1814 Ioannis
549 1776 670 1814 nostri
692 1773 871 1814 Mulelae
891 1771 1258 1824 chronographiam
1290 1785 1407 1822 quam
1435 1785 1484 1809 ex
1505 1771 1594 1809 aliis

125 1842 345 1881 Autoribus
364 1841 591 1894 decerptam
609 1856 740 1881 rerum
758 1841 1037 1898 farraginem.-
1067 1841 1192 1879 solere
1215 1852 1304 1878 eum
1323 1839 1517 1878 verbatim
1543 1853 1594 1877 ex

126 1909 214 1949 aliis
235 1909 519 1958 transcribere,
549 1916 587 1947 et
605 1909 772 1948 Autores
794 1909 916 1957 'etiam
940 1909 987 1946 ab
1013 1908 1093 1946 illis
1113 1907 1274 1955 citatos,
1305 1906 1416 1957 quasi
1436 1907 1520 1958 ipse
1541 1907 1594 1944 le-

126 1979 269 2030 gisset,
304 1978 439 2016 citare.
499 1977 607 2025 Quid
634 1977 768 2029 itaque
797 1977 940 2015 mirum
970 1977 1003 2015 si
1022 1975 1249 2029 praedictae
1270 1974 1526 2013 Narrationes
1551 1975 1594 2012 in

126 2046 198 2085 illo
229 2046 499 2098 reperiantur,
540 2046 634 2085 licet
669 2060 719 2084 ex
759 2045 837 2083 alio
877 2045 1011 2096 aliquo
1049 2045 1252 2096 Scriptore
1293 2043 1434 2081 citatae
1471 2042 1593 2080 sunt'?

129 2114 354 2162 Quominus
375 2118 503 2151 autem
526 2113 745 2151 existimem
771 2113 884 2151 illum
908 2127 929 2151 a
953 2112 1225 2165 Scriptoribus
1248 2111 1462 2163 praedictis
1479 2111 1597 2149 intel-

126 2181 219 2232 ligi,
247 2181 290 2220 id
313 2187 419 2220 certe
445 2181 587 2231 obstat,
621 2182 727 2232 quod
750 2181 910 2219 videtur
928 2180 1191 2232 colligendum
1208 2193 1257 2218 ex
1277 2180 1378 2231 Imp.
1402 2176 1595 2218 Constan-

129 2249 204 2288 tini
230 2248 370 2302 Porph.
401 2249 661 2288 Collectaneis
688 2249 805 2288 toties
833 2249 1024 2298 laudatis,
1055 2262 1136 2286 non
1166 2247 1325 2286 solitum
1354 2259 1443 2285 eum
1473 2245 1595 2283 fuisse

130 2317 203 2356 sub
230 2317 402 2369 simplici
431 2317 694 2369 appellatione
720 2316 886 2356 Ioannis
905 2316 1146 2356 Antiocheni
1177 2313 1497 2360 commemorari3
1527 2312 1596 2351 sed

130 2384 178 2424 ab
205 2384 327 2423 altero
344 2384 412 2422 illo
431 2398 501 2436 per
520 2398 632 2422 suum
655 2399 864 2438 cognomen
896 2385 1047 2438 sejungi
1066 2384 1189 2422 fuisse
1217 2388 1459 2421 consuetum.
1517 2379 1596 2417 Ac-

130 2450 236 2490 cedit
270 2450 379 2503 quod
405 2458 443 2490 et
465 2452 549 2504 ipse
573 2451 636 2491 Jo.
670 2453 825 2492 Tzetzes
851 2454 892 2491 in
922 2453 999 2491 alio
1022 2452 1114 2490 loco
1131 2450 1201 2501 2),
1232 2450 1301 2488 ubi
1319 2463 1406 2488 eum
1429 2461 1596 2486 comme-

130 2525 279 2569 morat,
307 2533 390 2558 non
407 2521 520 2560 illum
545 2521 718 2574 appellet
748 2519 938 2559 Ioannem
961 2518 1273 2566 Antiochenam,
1305 2517 1375 2556 sed
1409 2516 1595 2557 Joannem

181 2687 222 2731 ยน)
245 2687 298 2722 De
330 2688 487 2732 Cecrope
526 2688 582 2723 86.
625 2688 780 2724 Palladio
811 2690 888 2726 137.
932 2688 1118 2734 Cleopatra
1151 2687 1229 2723 280.
1255 2687 1321 2719 etc.
1362 2683 1513 2721 Pentheo
1537 2684 1593 2719 51.

223 2743 360 2778 Paridis
383 2744 497 2778 Libris
522 2746 599 2781 115.

180 2800 223 2845 ฯ)
252 2799 341 2834 chii.
364 2801 397 2836 5.
422 2801 514 2837 inst.
539 2802 596 2838 29.
