1838 3230
431 156 1074 236 CHRONOGRAPHIA.
1129 189 1182 234 L.
1211 188 1328 236 x111.
1518 197 1618 245 323

138 325 235 354 στια
246 342 260 364 ,
298 309 507 369 ἀφορίσας
532 308 740 371 πρόσοδον
759 308 864 367 ὑπὲρ
887 308 1024 354 αὐτῶν
1051 310 1097 353 ἐκ
1115 313 1199 354 τῶν
1221 311 1336 355 ἰδίων
1357 313 1425 354 καὶ
1443 313 1618 364 καλέσας

138 378 292 430 αὐτοὺς
309 374 555 432 πολιτικούς.

237 445 286 491 Ὁ
311 450 357 492 δὲ
389 449 515 500 αὗτὸς
543 452 858 499 Κωνσταντῖνος
885 446 1011 503 {pave
1030 445 1261 503 βασιλεύων
1280 447 1322 492 ἓν
1344 452 1614 494 Κωνσταντι-

137 514 347 571 νουπόλει,
387 516 638 576 ἀφελόμενος
675 516 806 573 αὐτὴν
845 515 927 560 ἀπὸ
962 521 1037 572 τῆς
1070 515 1273 574 Εὐρώπης
1300 519 1499 575 ἐπαρχίας
1530 520 1611 563 ἀπὸ

103 582 378 642 5Ἡρακλείας
397 591 471 643 τῆς
489 583 782 644 μητροπόλεως
805 585 947 642 αὐτῆς,
986 586 1084 636 ὃούς
1106 586 1212 644 αὐτῇ
1233 586 1314 630 ἀπὸ
1332 592 1437 631 θεοῦ
1455 589 1612 642 δίκαιον

136 656 366 709 βασιλείας,
405 653 717 714 προβαλόμενος
735 656 776 697 ἓν
794 655 900 713 αὐτῇ
919 654 1097 711 ἴπαρχον
1117 657 1378 713 πραιτωρίων
1397 659 1464 700 καὶ
1483 656 1611 714 ἔπαρ-

131 739 212 778 χον
242 721 399 775 πόλεως
428 727 495 768 καὶ
527 725 625 775 τούς
664 724 831 774 λοιποῦς
861 721 1065 780 μεγάλους
1093 723 1317 782 ἄρχοντας,
1348 727 1612 782 χριστιανούς

135 788 297 843 πάντας
315 791 502 850 ποιήσας.
561 795 629 837 καὶ
649 792 800 848 ἔμεινεν
821 794 864 844 ἓξ
882 794 1033 836 ἐκείνου
1053 792 1231 848 εὐτυχῶς
1246 793 1538 848 βασιλεύουσα.

234 858 284 904 Ὀ
306 862 352 905 δὲ
373 862 500 914 αὐτὸς
518 866 832 912 Κωνσταντΐνος
849 861 1043 914 βασιλεὺς
1059 863 1127 905 καὶ
1145 863 1220 918 τὴν
1240 864 1424 920 Φρυγίαν
1445 868 1610 909 Σαλου-

77 929 280 986 1οταρίαν
313 931 500 987 ἐποίησεν
528 932 739 989 ἐπαρχίαν.
810 932 874 973 ἐπὶ
894 931 940 974 δὲ
959 935 1034 986 τῆς
1059 931 1189 974 αὐτοῦ
1208 931 1460 989 βασιλείαςῆ
1482 932 1605 977 σύνο-
1630 941 1659 975 Β

133 998 208 1048 δος
236 999 388 1055 ἐγένετο
421 1005 505 1044 τῶν
538 999 617 1056 τιη’
645 997 874 1043 ἐπισκόπων
905 999 1009 1043 κατὰ
1033 999 1191 1056 Ἀρείου
1222 1002 1311 1058 περὶ
1342 1005 1416 1057 τῆς
1435 1003 1610 1053 πίστεως

132 1070 216 1109 τῶν
242 1073 504 1123 χριστιανῶν.
577 1070 619 1112 ἓν
651 1068 756 1126 αὖτῇ
790 1069 835 1111 δὲ
867 1073 919 1126 τῇ
940 1065 1100 1127 συνόδῳ
1119 1066 1274 1124 ὖπῆρχε
1297 1072 1365 1112 καὶ
1386 1068 1407 1114 ὃ
1430 1068 1609 1115 ὅσιῶτα-

130 1151 204 1186 τος
222 1136 441 1189 ἐπίσκοπος
459 1137 658 1194 Εὐσέβιος
677 1135 698 1182 ὅ
719 1139 949 1195 Παμφίλου
969 1134 990 1179 ὃ
1005 1135 1308 1195 χρονογράφος.
1623 1144 1657 1180 Ο
1684 1148 1727 1182 10

224 1203 387 1249 Ἒπαθε
424 1208 469 1250 δὲ
499 1208 564 1250 ἐπὶ
595 1211 671 1263 τῆς
698 1207 908 1261 βασιλείας
934 1210 1009 1249 τοῦ
1040 1205 1168 1249 αὐτοῦ
1187 1207 1506 1251 Κωνσταντίνου
1523 1206 1605 1252 ὖπό

76 1278 122 1316 15
132 1275 359 1330 θεομηνιάς
381 1274 769 1331 Μαξιμιανούπολις
788 1279 863 1331 τῆς
889 1274 1146 1332 Ὀσὸροηνῆς
1177 1275 1225 1318 τὸ
1259 1273 1448 1333 δεύτερον
1476 1277 1606 1333 αὐτῆς

131 1340 274 1393 πάθος
301 1343 349 1387 τὸ
370 1344 474 1398 μετὰ
504 1345 551 1388 τὸ
580 1348 797 1402 ληφθῆναι
823 1342 904 1387 ὑπὸ
931 1348 1014 1404 τῶν
1036 1347 1227 1402 Περσῶν.
1299 1346 1368 1388 καὶ
1401 1343 1606 1403 ἀνήγειρεν

130 1410 260 1468 αῧτὴν
281 1409 303 1455 ὅ
326 1411 452 1464 αὐτὸς
468 1413 663 1468 βασιλεὺς
680 1416 996 1464 Κωνσταντΐνος
1018 1414 1085 1456 καὶ
1105 1413 1159 1456 τὰ
1178 1414 1288 1469 τείχη
1310 1414 1462 1470 αὐτῆς·
1497 1411 1605 1470 ἦσαν

127 1479 206 1536 γὰρ
235 1478 436 1524 πεσόντα·
472 1485 540 1526 καὶ
567 1490 654 1534 τοῖς
682 1487 944 1539 περισωθεῖσι
966 1481 1097 1525 πολλὰ
1118 1482 1362 1539 ἐχαρίσατο·
1399 1485 1466 1527 καὶ
1485 1501 1605 1538 μετε-

128 1546 295 1592 κάλεσεν
316 1550 445 1607 αὐτὴν
465 1553 522 1602 εἷς
541 1551 588 1595 τὸ
617 1551 722 1595 ἴδιον
751 1551 882 1606 ὄνομα
902 1553 1235 1595 Κωνσταντΐναν.
1308 1550 1436 1594 ἴκτισε
1464 1553 1510 1595 δὲ
1535 1554 1604 1595 καὶ

71 1618 187 1667 Ξθεῖς
215 1618 291 1674 τὴν
317 1621 525 1663 Βιθυνίαν
558 1620 634 1677 τὴν
663 1618 805 1679 πρῴην
841 1615 971 1662 οὖσαν
1007 1617 1148 1676 κώμην
1174 1619 1392 1676 λεγομένην
1419 1619 1598 1677 Σουγάν,
1624 1625 1654 1659 C

129 1685 229 1736 δοὺς
259 1686 363 1744 αὐτῇ
392 1690 459 1731 καὶ
492 1690 648 1732 δίκαιον
673 1687 829 1738 πόλεως
856 1689 923 1731 καὶ
954 1688 1130 1737 καλέσας
1151 1687 1280 1744 αὐτὴν
1300 1690 1356 1738 εἷς
1378 1686 1508 1744 ὄνομα
1527 1694 1603 1745 τῆς

129 1756 239 1805 ἰδίας
273 1754 401 1799 αὐτοῦ
429 1757 587 1815 μητρὸς
617 1755 909 1801 Ἕλενούπολιν.
979 1757 1046 1799 καὶ
1075 1758 1131 1806 εἷς
1160 1755 1291 1812 ὄνομα
1314 1758 1359 1800 δέ
1378 1762 1451 1814 τῆς
1472 1757 1601 1802 αὐτοῦ

127 1823 286 1882 μητρὸς
304 1822 466 1869 ἐκάλεσε
483 1828 551 1869 καὶ
573 1827 772 1885 ἐπαρχίαν
790 1822 1115 1868 Ἑλενούποντον.

221 1921 278 1958 15.
298 1917 515 1969 Ὀσδροϊνῆς
535 1924 603 1958 Ox.
718 1926 774 1960 22.
798 1919 1059 1960 Ἑλενούπολιν
1081 1940 1128 1948 -
1146 1904 1457 1968 Ἑλενούποντον]
1483 1923 1602 1958 Simile

220 1966 449 2012 Νικούπολις
471 1970 540 2006 vol.
564 1970 591 2004 I.
615 1981 651 2017 p.
677 1971 756 2007 113.
777 1970 820 2005 D.

127 2047 220 2096 quod
243 2060 287 2083 ex
310 2049 444 2086 Palatio
467 2050 653 2091 darentur3
692 2048 849 2096 sepositis
870 2060 916 2084 ex
939 2049 1080 2098 proprio
1114 2048 1151 2084 in
1174 2049 1241 2085 hoc
1262 2047 1440 2086 reditibus.
1487 2048 1599 2082 Panes

127 2093 230 2130 etiam
253 2094 288 2129 hi
312 2096 452 2132 Politia·
471 2095 556 2131 dicti
578 2099 666 2130 sunt.

218 2140 312 2177 Idem
342 2153 425 2177 vero
448 2142 689 2178 Constantinus
710 2141 851 2197 Imperii
880 2140 993 2177 sedem
1016 2140 1314 2188 Constantinopoli
1335 2139 1467 2186 posuit3
1506 2151 1598 2174 eam-

128 2197 217 2234 que,
242 2199 315 2223 cum
340 2192 442 2223 antea
465 2189 629 2234 Europae
652 2188 713 2222 sub
737 2188 869 2223 dltione
893 2192 999 2231 esset,
1035 2192 1071 2222 et
1092 2187 1285 2223 Heracleae
1308 2185 1493 2231 Metropoli
1515 2186 1598 2220 sub-

129 2233 239 2276 'ecta‚
262 2233 312 2268 sui
330 2234 418 2279 juris
440 2231 544 2316 fxit:
579 2246 735 2269 concesso
761 2235 791 2269 ei
814 2246 836 2269 a
853 2233 928 2270 Deo
948 2235 1028 2279 jure
1046 2233 1254 2280 imperandi:
1278 2231 1469 2267 constitutis
1491 2231 1598 2266 etiam

164 2278 219 2314 rbi
257 2283 294 2314 et
328 2281 453 2315 Praeto
489 2293 509 2316 o
541 2280 733 2315 Praefectis
768 2280 909 2326 aliisque
949 2279 1118 2326 primariis
1150 2278 1432 2323 magistratibus,
1481 2276 1598 2322 eisque

129 2324 328 2360 Christianis
349 2326 512 2362 omnibus.
570 2329 688 2372 ltaque
711 2338 754 2361 ex
777 2338 819 2360 eo
843 2331 996 2371 tempore
1018 2327 1096 2361 urbs
1119 2326 1179 2360 illa
1201 2324 1348 2359 feliciter
1373 2321 1594 2369 imperitavit.

217 2371 312 2406 Idem
336 2372 578 2408 Constantinus
600 2372 792 2418 Imperator
816 2371 1005 2417 Phrygiam
1035 2371 1228 2406 Salutarem
1252 2368 1465 2404 Provinciam
1497 2367 1594 2402 fecit.

129 2415 291 2461 Ejusdem
313 2419 375 2453 sub
398 2418 542 2465 imperio
563 2418 722 2463 Synodus
747 2428 909 2452 cccxvm.
957 2417 1203 2464 Episcoporum
1227 2416 1401 2468 celebrata
1424 2418 1488 2455 est,
1511 2425 1594 2467 con-

130 2467 188 2497 tra
210 2462 345 2506 Arium,
381 2464 425 2499 de
447 2465 548 2500 rebus
580 2465 624 2499 ad
647 2463 875 2498 Christianam
906 2463 1007 2498 fidem
1062 2462 1301 2498 eminentibus:
1345 2472 1402 2494 cur
1432 2460 1594 2494 interfuit

131 2506 233 2543 etiam
255 2509 476 2546 sanctissimus
499 2510 691 2556 Episcopus
716 2508 882 2544 Eusebius
905 2509 1094 2556 Pamphili,
1129 2506 1432 2551 Chronographus.

222 2553 445 2591 Constantino
466 2557 679 2602 imperante,
710 2555 858 2590 divinam
880 2555 965 2590 iram
987 2566 1085 2600 passa
1108 2559 1158 2589 est
1178 2550 1491 2596 Maximianopolis,
1525 2549 1594 2584 Os-

131 2599 282 2634 droenae
303 2601 395 2643 urbs,
418 2602 496 2637 vice
519 2602 678 2644 secunda,
711 2607 788 2648 post
809 2601 916 2648 ipsam
939 2613 959 2636 a
982 2600 1095 2636 Persis
1119 2604 1265 2645 captam.
1313 2596 1503 2642 Imperator
1525 2595 1595 2630 ita-

131 2656 199 2691 que
222 2644 458 2683 Constantinus
488 2648 605 2683 urbem
628 2648 672 2682 de
694 2647 832 2693 integro
854 2646 1085 2688 instauravit3
1122 2644 1253 2681 moenia
1276 2653 1343 2688 quo
1371 2653 1413 2676 ue
1445 2642 1596 2687 collapsa

132 2690 310 2732 excitavit,
331 2695 367 2726 et
388 2693 623 2739 superstitibus
645 2694 763 2729 incolis
783 2693 928 2740 plurima
944 2691 1087 2737 largitus
1111 2694 1182 2732 est3
1207 2691 1331 2723 vocata
1347 2733 1356 2741 ι
1378 2687 1514 2734 einoeps
1537 2698 1596 2722 ur-

131 2738 198 2780 be,
220 2748 242 2772 a
263 2736 396 2772 nomine
416 2750 495 2781 suo,
519 2739 755 2775 Constantina.
801 2739 923 2774 Vicum
947 2738 1048 2773 etiam
1070 2735 1236 2782 quendam
1257 2734 1294 2768 in
1316 2733 1501 2779 Bithynia,
1532 2744 1596 2768 no-

131 2783 220 2819 mine
242 2783 382 2827 Sugam,
406 2783 449 2817 de
471 2795 559 2820 novo
583 2791 790 2829 extructum,
825 2785 974 2820 civitatis
992 2784 1073 2828 jure
1096 2781 1249 2823 donavit,
1273 2787 1309 2815 et
1331 2791 1352 2814 a
1375 2779 1492 2815 matris
1513 2789 1595 2814 suae

131 2828 263 2865 nomine
298 2828 534 2874 Helenopolim
568 2832 771 2878 appellavit:
805 2832 900 2877 cujus
924 2830 1027 2866 etiam
1050 2839 1071 2864 a
1092 2827 1227 2863 nomine
1261 2825 1475 2862 Provinciam
1507 2836 1595 2870 quo-

131 2887 200 2922 que
221 2875 326 2922 ipsam
348 2875 622 2921 Helenopontum
644 2877 795 2914 vocavit.
