1838 3230
268 127 271 128 ’
300 148 400 201 582
776 142 1236 188 ANNoTATIONEs.

301 267 422 309 tasse,
456 259 502 298 ab
519 257 822 301 aedificationis
809 270 1005 321 lmpensa‚
1033 271 1110 309 qua
1126 258 1259 296 eadem
1290 270 1406 297 causa
1435 259 1562 298 etiam
1574 263 1724 312 Kann-

301 313 462 369 νὰριον,
492 314 594 353 (licta
617 315 688 352 fuit
705 313 841 351 Turris
859 313 1026 352 maxima
1048 314 1184 353 Curiae
1203 314 1727 368 Constantinopolitana07a

304 372 555 410 Constantino
573 371 626 409 Μ.
649 375 841 408 extructa.

413 428 722 478 Pag.282.11.
764 421 806 464 τό
835 420 1066 477 λεγόμενον,
1095 421 1290 477 ωκεανόν]
1328 426 1476 465 Nomen
1501 425 1580 465 hoe
1606 425 1727 478 Nym

300 481 426 533 phaeo
445 480 537 519 huic
558 481 691 518 datum
708 480 806 524 fuit,
834 494 914 518 non
933 495 954 517 a
971 480 1101 518 Marco
1127 482 1407 530 instauratore,
1431 481 1502 521 sed
1522 487 1614 534 post
1629 488 1725 520 tem-

302 538 409 589 poris
430 551 450 573 a
474 536 598 574 Probo
613 537 711 586 Imp.
734 535 801 586 qui
818 535 860 573 id
880 535 1029 574 musivo
1049 550 1184 587 opere,
1215 538 1412 576 Oceanum
1432 537 1630 587 imitante,
1659 537 1728 576 ad-

303 594 476 639 ornavit,
506 592 561 628 uti
580 591 680 628 infla
707 597 868 656 apparet
889 604 939 630 ex
961 597 1116 641 nostro,
1143 593 1183 630 in
1210 594 1338 632 Probo
1359 594 1456 645 Imp.
1513 596 1590 634 Εν
1605 590 1658 633 δὲ
1675 595 1729 649 τῇ

304 644 426 688 αὐτοῦ
442 647 617 700 βασιλεία
634 642 895 697 ἐπεκόσμησεν
915 647 957 687 ἐν
977 649 1181 702 Αντιοχεία
1207 652 1256 704 τῇ
1281 646 1436 718 μεγάλῃ
1455 664 1499 689 το
1523 644 1729 715 λεγόμενον

303 706 521 751 Μουσεῖον,
548 701 615 741 καὶ
636 699 679 741 τὸ
703 702 744 742 ἐν
765 698 872 770 αὐτῷ
891 705 1105 767 Νυμφαῖον
1127 719 1169 745 το
1194 690 1482 757 σιγματοειδὴς,
1510 700 1669 757 γραψας
1685 703 1729 744 ἒν

303 755 406 811 αὐτῷ
424 755 487 797 διὰ
506 758 721 809 μουσαρίου
746 755 816 798 τόν
841 753 1025 798 ωκεανόν.
1055 759 1143 808 ubi,
1173 774 1247 811 pro
1277 761 1514 813 μουσαρίου,
1541 760 1644 814 forte
1672 759 1726 798 le-

303 799 485 864 genuum,
518 814 756 865 μουσακίου,
786 814 844 851 uti
863 814 955 851 alias
978 813 1166 864 scriptum
1180 814 1356 855 habetur.

417 873 510 919 Pog
542 872 636 911 282.
668 867 731 910 14.
769 873 993 915 Αντωνῖνος
1010 872 1159 933 Βῆρᾳς,
1186 869 1271 917 υἱὸς
1288 867 1416 911 αὐτοῦ
1433 869 1497 921 ἔτη
1514 885 1562 921 η.
1543 864 1588 921 '·]
1626 868 1729 906 Mar-

303 938 372 962 cus
391 924 601 962 Antoninus
619 924 764 962 Verum
784 937 965 973 generum
985 924 1136 974 imperii
1165 932 1382 964 consortem
1408 925 1548 963 habuit
1567 937 1638 976 per
1661 937 1729 962 an-

302 994 374 1018 nos
397 994 455 1018 xx.
490 986 536 1018 ut
564 980 687 1017 Julius
715 980 953 1030 Capitolinus
982 981 1088 1029 vult,
1118 994 1259 1031 eosque
1292 980 1450 1033 Imperii
1478 981 1538 1018 sui
1566 980 1729 1030 primos:

302 1049 558 1074 successorem
579 1035 710 1086 itaque
730 1048 815 1073 eum
840 1049 918 1072 non
937 1034 1095 1086 habuit,
1125 1037 1193 1074 sed
1217 1037 1467 1075 Commodum
1485 1036 1620 1074 filium.

415 1092 641 1141 Pag.282.
678 1093 738 1131 17.
768 1088 863 1130 κατὰ
892 1088 980 1137 ἑνὸς
1010 1091 1153 1139 ε’θνους
1185 1089 1372 1140 Οῧννων]
1401 1091 1551 1130 Bellum
1583 1091 1731 1130 Marco-

302 1146 495 1184 manicum
524 1146 623 1183 ἱοιῐθ
650 1145 830 1194 intelligit
857 1146 1239 1197 periculosissimum
1254 1147 1377 1197 illud,
1417 1162 1440 1185 a
1463 1147 1595 1185 Marco
1629 1147 1730 1198 Imp.

304 1203 409 1250 solo,
440 1202 556 1250 idque
584 1213 662 1237 non
691 1196 862 1250 ἀκονιτὶ,
891 1209 929 1239 et
954 1208 999 1239 ut
1023 1209 1159 1240 auctor
1189 1204 1294 1252 vult,
1327 1204 1414 1255 δίχα
1440 1201 1634 1256 πολέμου,
1663 1202 1732 1240 sed

303 1258 463 1304 sudore,
493 1258 753 1305 sanguineque
771 1232 894 1293 musto
916 1264 1142 1307 peractum..

416 1312 508 1362 Peg.
542 1314 635 1352 282.
666 1314 730 1352 19.
773 1307 877 1358 ὅστις
904 1309 1054 1364 ἔσφαγη
1084 1313 1126 1352 ἐν
1145 1308 1420 1365 Προκονήσῳ]
1459 1311 1566 1350 Nihil
1583 1312 1730 1350 minus:

306 1368 424 1406 Altini
442 1367 541 1404 enim
564 1379 611 1403 ex
631 1366 824 1416 Apoplexi
841 1373 1018 1405 mortuus
1036 1374 1115 1416 est,
1145 1370 1280 1406 aetatis
1298 1381 1399 1406 anno
1417 1381 1518 1406 nn.
1538 1368 1599 1406 uti
1616 1374 1730 1406 testa·

305 1429 372 1461 tur
387 1423 462 1461 Jul.
486 1421 732 1472 Capitolinus.

348 1502 350 1504 -
418 1481 511 1529 Pag.
538 1479 631 1518 283.
659 1479 701 1517 2.
741 1475 806 1527 ἔτη
833 1472 908 1528 κβ’.
935 1476 1003 1516 καὶ
1030 1479 1158 1528 μῆνας
1185 1473 1260 1529 η’.]
1289 1477 1411 1516 Error
1436 1476 1662 1515 manifestus
1689 1477 1732 1515 in

306 1547 487 1573 numero:
519 1532 698 1582 suspicor
717 1532 933 1582 legendum,
951 1531 1014 1583 ἔτη
1033 1530 1097 1584 ιβ’,
1121 1549 1156 1572 κ.
1175 1549 1213 1584 μ.
1235 1529 1284 1584 η’.
1313 1533 1372 1570 Ita
1389 1533 1486 1571 enim
1507 1531 1732 1582 Eutropius,

306 1591 375 1628 lib.
396 1593 432 1631 8.
463 1588 504 1626 in
530 1587 753 1624 Commodo.
813 1585 919 1625 Obiit
945 1597 1064 1625 morte
1089 1587 1236 1636 subita,
1264 1586 1361 1626 adeo
1391 1597 1433 1625 ut
1459 1585 1732 1639 strangulatus,
1769 1622 1777 1625 A

307 1644 368 1683 vel
392 1659 527 1682 veneno
558 1641 778 1696 interfectus
798 1652 1017 1694 putaretur,
1047 1658 1133 1680 cum
1167 1644 1279 1681 annis
1297 1657 1368 1684 ΧΠ.
1392 1653 1480 1694 post
1503 1652 1672 1694 patrem,
1698 1652 1734 1680 et

309 1710 395 1738 octo
422 1697 610 1737 mensibus
635 1699 860 1749 imperasset.
916 1698 977 1735 Ex
1004 1711 1082 1748 quo
1111 1705 1244 1736 noster
1271 1697 1368 1736 haec
1391 1698 1492 1736 forte
1513 1697 1734 1749 descripse-

307 1757 377 1794 rit:
402 1761 599 1792 auctorem
619 1753 719 1790 enim
737 1752 842 1790 hunc
862 1752 896 1790 ei
916 1767 991 1791 non
1013 1754 1254 1803 incognitum
1277 1754 1394 1791 fuisse
1413 1766 1533 1804 supra
1556 1759 1732 1805 apparet.

415 1812 515 1860 Pag.
543 1811 634 1850 283.
663 1812 700 1850 7.
743 1805 1011 1860 τὸλεγόμενον
1033 1807 1204 1859 Ξυστόν]
1239 1806 1404 1857 Ξυστός,
1433 1809 1544 1846 locus
1562 1815 1620 1846 est
1638 1807 1734 1846 Ath-

307 1865 433 1904 leticis
458 1865 681 1902 destinatus.
737 1863 969 1914 Hesychius:
999 1862 1140 1911 Ξυστὸς
1157 1863 1301 1914 ὁμοίως
1319 1860 1522 1915 ἀνειμένος
1542 1860 1734 1913 ἀθληταῖς

308 1917 437 1966 τόπος.
492 1921 547 1957 De
574 1919 691 1968 Xysti
716 1932 810 1957 ve1o
839 1919 1009 1970 fabrica,
1038 1920 1127 1959 vide
1146 1920 1411 1958 doctissimum
1431 1917 1611 1970 Onuphr.
1633 1919 1733 1956 Pan-

308 1976 389 2014 vin.
405 1975 454 2012 de
472 1975 569 2013 Lud.
593 1975 760 2014 Οἰιοεηε.

423 2034 513 2081 Peg
542 2031 731 2070 284.11.
774 2030 967 2079 θεσπίσας
984 2046 1031 2071 τα
1056 2026 1237 2081 Ολύμπια
1255 2028 1537 2079 ἐπιτελεῖσθαι]
1566 1995 1730 2066 Reditus

310 2086 352 2124 hi
368 2101 389 2123 a
411 2085 562 2122 Sosibio
581 2084 899 2124 Antiochensibus
919 2087 996 2124 dati
1019 2086 1190 2134 su11t‚in
1208 2085 1338 2122 Ludos
1358 2084 1592 2133 omnifarius,
1621 2086 1731 2134 quin-

311 2149 350 2180 io
369 2154 522 2191 quoque
543 2153 641 2177 anno
661 2140 790 2178 Mense
801 2142 964 2180 Octobri
983 2141 1254 2180 celebrandos:
1282 2140 1341 2178 uti
1361 2153 1409 2177 ex
1424 2138 1594 2177 Auctore
1614 2139 1729 2177 disci-

311 2211 417 2246 mus,
446 2195 514 2234 lib.
536 2199 574 2237 9.
598 2194 648 2231 ad
667 2194 792 2233 finem.
849 2197 922 2235 Hic
946 2211 1040 2235 vero
1063 2196 1296 2234 Commodus
1318 2195 1454 2245 Imper.
1474 2208 1538 2232 eos
1567 2196 1607 2231 in
1629 2208 1732 2233 sum-

312 2260 402 2303 ptus
423 2252 472 2289 ad
492 2250 781 2301 Olympicorum
801 2252 1117 2300 celebrationem,
1148 2251 1246 2288 Julio
1268 2257 1308 2288 et
1328 2250 1501 2299 Augusto
1523 2249 1729 2299 Mensibus‚

312 2308 508 2347 faciendos
526 2305 717 2344 decernit:
760 2312 908 2344 mutato
931 2308 1081 2345 scilicet
1104 2307 1191 2344 anni
1207 2313 1402 2356 tempore,
1430 2311 1583 2342 servata
1605 2312 1732 2343 tamen

315 2362 445 2402 eadem
467 2362 763 2400 celebrationum
779 2363 1060 2399 recurrentium
1085 2361 1261 2412 periodo.
1317 2360 1501 2398 Auctoris
1527 2361 1626 2397 enim
1644 2357 1732 2412 χρό-

313 2435 383 2466 νος
402 2432 598 2469 τετραετης
626 2416 898 2466 intelligendus
918 2424 974 2454 est
994 2417 1041 2453 de
1061 2417 1090 2452 Ι
1092 2417 1259 2453 uelorum
1280 2421 1370 2465 post
1389 2421 1567 2464 quartum
1589 2429 1729 2454 annum

315 2475 521 2524 expletum,
541 2473 673 2522 quinto
691 2486 786 2510 vero
806 2473 975 2520 ineunte,
1004 2471 1279 2508 celebratione·
1310 2470 1415 2519 quod
1433 2471 1599 2519 spatium
1619 2471 1730 2509 etiam

315 2543 443 2579 supi-,a
460 2529 501 2565 in
519 2528 679 2566 Claudio
698 2529 795 2579 Imp.
812 2533 928 2566 vocat
946 2524 1010 2566 τὸν
1030 2523 1164 2577 καιρὸν
1181 2523 1250 2565 τόν
1269 2527 1478 2574 πενταετῆ·
1512 2539 1590 2576 quo
1614 2526 1730 2564 modo

315 2585 428 2623 etiam
448 2583 650 2633 olympica
680 2584 864 2622 celebrari
885 2582 996 2620 solita
1019 2586 1139 2618 erant.

423 2641 523 2690 Pag
553 2640 709 2680 2851.
744 2642 815 2679 τοῦ
832 2637 1039 2690 λεγομένου
1061 2634 1279 2686 Μαιουμᾶ]
1308 2632 1497 2672 Maiumae
1515 2635 1681 2684 Festum,
1710 2650 1731 2672 a

314 2694 431 2732 Suida
457 2700 731 2744 memmatum,
762 2695 809 2732 de
837 2707 914 2744 quo
935 2692 990 2730 Jo.
1009 2690 1220 2737 Meursius,
1253 2689 1424 2727 Glossar.
1458 2690 1687 2728 Giaecobar.
1709 2703 1730 2727 a

315 2750 443 2788 Nosui
463 2751 658 2789 diversum
687 2750 804 2789 fuisse
827 2749 989 2790 videtur.
1047 2746 1187 2784 Suidae
1206 2745 1306 2783 enim
1326 2759 1494 2787 annuum
1513 2751 1615 2793 erat,
1656 2745 1734 2783 No-
