1838 3230
268 169 367 217 218
666 162 959 208 IOANNIS
987 165 1326 210 MALALAE

220 289 250 324 B
373 283 500 327 Μετὰ
522 284 567 326 δὲ
586 283 657 326 τὸν
677 283 870 339 Καίσαρα
889 281 1014 327 Γάϊον
1029 282 1198 328 Ἰούλιον
1222 283 1432 336 ἐπελέξατο
1453 284 1478 341 ἦ
1506 283 1727 343 σύγκλητος

267 348 423 408 Ῥιίμης
448 351 520 395 τὸν
548 351 792 407 Αὔγουστον
814 351 1080 406 Ὀκταβιανὸν
1113 353 1185 397 τὸν
1215 358 1381 410 συγγενῆ
1409 357 1483 396 τοῦ
1514 352 1728 412 Καίσαρος

270 421 339 463 καὶ
367 419 439 463 τὸν
459 417 672 463 Ἀντώνιον
701 419 774 462 τὸν
801 424 874 462 τοῦ
904 420 1150 478 Αὐγούστου
1180 422 1365 478 γαμβρὸν
1393 421 1452 464 ἐπ’
1484 421 1640 480 ἀδελφῇ
1658 423 1729 467 καί

270 489 343 551 τὸν
372 488 580 540 Λέπιδον,
610 489 676 529 καὶ
705 488 883 543 ἐγένοντο
909 491 949 533 οἳ
976 498 1082 548 τρεῖς
1106 489 1470 547 τριομβυράτορες,
1508 492 1575 532 καὶ
1608 489 1726 534 αὐτοὶ

270 553 443 615 διῴκουν
472 555 524 599 τὰ
546 554 757 611 Ῥωμαίων
786 556 1005 615 πράγματα
1034 557 1357 616 προβαλλόμενοι
1377 557 1464 601 κατ’
1487 557 1602 609 ἔτους
1618 556 1758 604 omi-5

268 641 379 675 τους.

376 729 448 783 Τῷ
477 726 522 767 δὲ
545 723 882 785 πεντεκαιδεκάτῳ
912 725 988 770 {w
1016 732 1091 783 τῆς
1108 729 1376 786 τριομβυρίας
1390 732 1464 771 τοῦ
1485 726 1611 770 αὐτοῦ
1631 725 1728 771 Αὖ-

268 791 444 850 γοῦστου
466 793 760 848 Ὀκταβιανοῦ,
792 793 1131 851 τυραννησάντων
1163 801 1245 840 τῶν
1280 797 1519 853 Λῗγυπτίων
1553 797 1619 838 καὶ
1654 799 1728 850 τῆς

269 861 541 919 Κλεοπάτρας
557 868 630 918 τῆς
645 861 839 918 κτισάσης
852 864 893 905 ἒν
900 863 1177 924 Ἀλεξανδρείᾳ
1193 869 1245 922 τῇ
1261 863 1416 923 μεγάλῃ
1427 864 1501 920 τὴν
1516 861 1658 920 Φάρον
1672 865 1728 913 εἷς

122 940 155 974 Ο
178 941 245 977 281
272 931 348 986 τὴν
367 936 492 986 νῆσον
509 932 583 987 τὴν
610 933 824 988 λεγομένην
843 933 1050 988 Πρωτέως
1070 935 1136 975 καὶ
1157 929 1284 976 οὖσαν
1309 933 1518 976 κατέναντι
1537 931 1725 982 Ἀλεξανὲ-
1738 946 1784 981 10

268 1001 405 1056 δρειάς
425 999 506 1043 ἀπὸ
525 1002 668 1054 μιλίων
696 999 769 1043 δύο
806 1003 872 1043 καὶ
897 999 1193 1057 προσχωσάσης
1219 986 1376 1057 γῆν1καὶ
1405 1002 1552 1050 λίθους
1576 1001 1631 1050 εἷς
1652 999 1728 1055 τὴν

220 1074 252 1108 C
275 1066 496 1111 θάλασσαν
519 1070 582 1110 ἐπὶ
602 1074 773 1112 τοσοῦτο
795 1067 1000 1124 διάστημα
1021 1073 1074 1120 εἷς
1094 1069 1140 1112 τὸ
1152 1071 1394 1124 βαδίζεσθαι
1413 1069 1489 1124 τὴν
1507 1066 1728 1111 θάλασσαν

272 1137 348 1186 ἕως
367 1141 441 1192 τῆς
461 1135 587 1192 νήσου
608 1137 734 1192 αὐτῆς
752 1139 818 1179 καὶ
844 1142 916 1192 τῆς
941 1136 1084 1194 Φάρου
1107 1136 1186 1180 ὕπὸ
1210 1136 1444 1194 ἀνθρώπων
1462 1138 1528 1180 καὶ
1547 1133 1726 1191 ἀλόγων·

271 1203 369 1261 ὅπερ
389 1205 564 1262 φοβερὸν
590 1207 773 1260 ἐποίησεν
793 1205 907 1262 ἔργον
926 1204 951 1261 ἦ
973 1206 1075 1262 αὐτὴ
1099 1205 1344 1263 Κλεοπάτρα
1380 1205 1447 1248 διὰ
1473 1202 1729 1261 Δεξιφάνους
1763 1223 1770 1230 ’

271 1275 442 1316 Κνιδίου
477 1278 725 1328 μηχανικοῦ,
761 1273 806 1322 ὃς
836 1274 911 1328 τὴν
938 1273 1159 1317 θάλασσαν
1180 1276 1341 1329 ἐποίησε
1361 1271 1512 1329 χθόνα,
1584 1276 1658 1327 τῆς
1683 1272 1728 1314 δὲ
1741 1280 1784 1315 15

272 1342 511 1398 τυραννίδος
539 1347 620 1384 τῶν
652 1342 888 1398 Αἰγυπτίων
910 1344 976 1384 καὶ
1003 1347 1076 1397 τῆς
1096 1341 1367 1398 Κλεοπάτρας
1387 1341 1631 1396 βασιλίσσης
1653 1339 1728 1382 αὖ-

273 1414 356 1452 τῶν
382 1411 634 1465 γνωσθείσης
657 1408 888 1464 Ῥωμαίοις,
927 1411 1095 1465 ἐξῆλθεν
1118 1410 1197 1452 ἀπὸ
1215 1409 1371 1465 Ῥώμης
1383 1407 1595 1459 Ἀντώνιος
1613 1406 1730 1450 ὅπλι-

273 1476 448 1532 σάμενος
475 1478 580 1520 κατὰ
607 1482 680 1533 τῆς
705 1477 974 1534 Κλεοπάτρας
1005 1479 1071 1521 καὶ
1108 1482 1190 1520 τῶν
1218 1479 1457 1534 Αἰγυπτίων
1484 1478 1551 1519 καὶ
1581 1477 1646 1518 ἐπὶ
1674 1475 1728 1518 τὰ

268 1546 454 1603 Περσικὰ
476 1547 600 1602 με’ρη,
636 1545 698 1589 ὅτι
727 1544 954 1602 ἐτάρασσον
972 1547 1046 1602 τὴν
1068 1545 1283 1602 ἀνατολήν.
1354 1547 1420 1589 καὶ
1438 1548 1642 1600 κατῆλθεν
1663 1545 1727 1585 ἐπὶ

269 1615 345 1670 τὴν
365 1615 579 1670 Αἴγυπτον
597 1615 700 1668 μετὰ
718 1619 870 1669 πολλῆς
888 1613 1096 1670 δυνάμεως
1115 1612 1431 1672 στρατευμάτων
1452 1611 1473 1656 ὃ
1488 1609 1701 1661 Ἀντώνιος
1714 1625 1723 1634 ·
1737 1621 1783 1656 20

270 1685 338 1726 καὶ
367 1681 539 1741 φθάσας
563 1681 865 1741 Ἀλεξάνδρειαν
898 1683 971 1739 τὴν
1003 1681 1181 1739 μεγάλην
1207 1681 1476 1741 περιεκάθητο
1503 1683 1728 1738 πολιορκῶν

361 1813 396 1850 4.
418 1815 594 1850 Λεπίδιον
617 1815 697 1856 Ox„
721 1814 805 1849 illud
829 1815 957 1849 Chron.
981 1815 1105 1851 Pasch.
1129 1826 1163 1860 p.
1190 1816 1266 1851 189.
1290 1813 1335 1849 D.
1470 1815 1504 1849 9.
1527 1813 1573 1859 τῇ
1593 1809 1729 1858 μεγάλῃ

364 1861 450 1902 Ch.,
497 1862 622 1894 Cliron.
663 1873 698 1906 p.
741 1864 816 1897 191.
857 1861 913 1902 D,
959 1861 1027 1907 τήν
1067 1860 1223 1905 μεγάλην
1267 1859 1334 1894 Ox.
1411 1858 1543 1893 Eadem
1594 1855 1728 1903 φαρόν.

365 1908 418 1959 19.
453 1907 644 1951 λεγομένην
676 1909 866 1942 Καίουσαν
895 1907 982 1949 ΟΧ.,
1017 1906 1210 1952 λεγομένην
1239 1902 1419 1949 Πρωτέως
1447 1903 1509 1938 καὶ
1533 1897 1650 1939 οὖσαν
1671 1914 1729 1938 re·-

362 1953 460 1986 stitui
483 1965 525 1986 ex
549 1954 675 1989 chron.
815 1955 868 1990 11.
904 1953 997 1998 δύο]
1022 1953 1053 1989 δ’
1083 1955 1230 1995 Cliton„
1253 1952 1409 1995 τέσσαρα
1431 1953 1532 1992 μίλια
1555 1950 1729 1984 cedrenus

363 2009 398 2043 p.
427 2000 501 2034 173.
534 1999 574 2033 B.
713 2000 767 2036 15.
799 1996 841 2041 ὃς
871 1999 1019 2044 chron„
1045 1997 1094 2043 ὡς
1124 1999 1192 2033 Ox.
1332 1999 1386 2033 19.
1419 1994 1618 2042 ἐτάρασσον
1649 1994 1729 2036 Ch.,

364 2043 544 2089 ἐτάρασον
563 2046 630 2080 Ox.
1252 2062 1255 2065 >

365 2160 405 2195 C.
428 2159 517 2195 Julio
541 2160 688 2194 Caesare
711 2160 890 2202 defuncto,
927 2160 1073 2195 Senatus
1095 2161 1262 2194 Romanus
1284 2158 1468 2202 Augustum
1492 2154 1728 2196 Octavianum,

275 2206 432 2243 Caesaris
454 2212 654 2250 cognatum,
684 2210 720 2240 et
742 2208 942 2246 Antonium,
975 2207 1108 2242 Sororis
1132 2205 1275 2249 Augusti
1298 2204 1473 2244 maritum,
1505 2207 1540 2236 et
1562 2201 1727 2246 Lepidum

275 2253 425 2297 delegit;
460 2253 517 2297 qui
540 2252 726 2286 'l'riumviri
750 2253 877 2295 creati,
914 2253 1034 2299 Remp.
1058 2253 1242 2288 Romanam
1265 2249 1558 2290 administrarant,
1597 2247 1725 2281 Consu-

274 2299 392 2344 lesque
416 2298 594 2343 quotannis
617 2297 844 2342 designarunt.

366 2379 459 2412 Anno
483 2381 592 2411 autem
615 2377 759 2421 Augusti
775 2376 960 2411 Octaviani
978 2376 1230 2411 Triumviratus
1253 2373 1382 2409 decimo
1408 2372 1540 2418 quinto,
1563 2368 1728 2416 Aegyptii

275 2423 439 2458 rebellare
462 2427 658 2468 coeperunt.
705 2423 889 2466 Cleopatra
913 2423 1032 2465 etiam,
1064 2419 1293 2456 'Alexandriae
1315 2420 1429 2454 Pharo
1453 2429 1594 2461 magna„
1617 2417 1652 2450 in
1674 2415 1727 2449 in-

273 2470 347 2505 sula
381 2481 479 2514 quam
509 2474 635 2504 vocant
664 2469 832 2509 Ardeam,
872 2468 1002 2502 duobus
1033 2467 1228 2501 milliaribus
1258 2467 1300 2500 ab
1331 2463 1536 2498 Alexandria
1569 2462 1728 2503 distante,

275 2519 490 2556 constructa,
528 2514 815 2559 intercapedinem
846 2516 974 2553 totam,
1010 2525 1115 2559 opere
1138 2510 1344 2557 Dexiflianis
1375 2509 1488 2543 Cnidii
1521 2506 1726 2549 Meclianici,

276 2566 388 2602 terra,
413 2560 650 2606 lapidibusque
675 2559 833 2604 ingestis,
857 2558 1020 2599 siccavit;
1047 2559 1214 2602 fecitque,
1239 2561 1278 2590 ut
1301 2566 1363 2599 per
1385 2567 1477 2589 mare
1499 2554 1605 2598 ipsum
1629 2553 1727 2596 (stu-

276 2607 422 2661 pendum
445 2607 544 2651 plane
568 2606 700 2650 opusl)
735 2616 798 2639 ceu
821 2615 883 2649 per
914 2603 1156 2644 continentem,
1188 2601 1373 2636 hominibus
1399 2600 1646 2645 jumentisque,
1682 2597 1726 2640 ad

276 2653 416 2686 insulam
447 2664 553 2697 usque
586 2652 673 2686 liber
706 2656 841 2697 pateret
876 2649 998 2684 aditus.
1044 2649 1223 2682 Caeterum
1255 2658 1328 2680 cum
1362 2645 1579 2691 Cleopatram
1610 2645 1727 2688 Aegy·-

276 2698 430 2743 ptiosque
454 2697 668 2732 rebellionem
690 2695 820 2738 moliri,
855 2695 997 2730 Romani
1020 2693 1246 2739 accepissent:
1279 2691 1463 2733 Antonius,
1497 2689 1650 2725 exercitu
1670 2689 1726 2722 iu-

275 2746 443 2784 structus,
481 2748 599 2777 contra
631 2744 846 2788 Cleopatram
876 2746 913 2776 et
941 2740 1147 2785 Aegyptios,
1182 2749 1325 2783 orasque
1358 2737 1531 2777 Persicas,
1567 2747 1607 2770 eo
1636 2733 1726 2780 quod

279 2788 457 2822 Orientem
480 2790 750 2834 perturbabant,
785 2788 898 2822 missus
918 2791 978 2821 est.
1026 2785 1058 2819 Is
1080 2785 1197 2829 itaque
1217 2783 1366 2818 maximis
1383 2794 1456 2817 cum
1480 2780 1584 2827 copiis
1606 2779 1641 2813 in
1658 2780 1726 2814 Ae-

275 2838 421 2879 gyptum
452 2833 647 2878 descendit3
683 2834 953 2880 Alexandriaque
983 2829 1156 2867 obsidione
1191 2830 1326 2872 cincta,
1362 2828 1455 2864 urbis
1476 2826 1682 2862 deditionem
1704 2835 1726 2878 ιι
