1838 3230
261 160 328 207 70
659 149 951 198 IOANNIS
980 151 1316 197 MALALAE
1386 165 1387 170 ¹

264 269 434 332 γοργόν,
470 273 537 317 καὶ
555 271 814 324 Δευκαλίων,
853 267 874 313 ὃ
894 269 982 321 υἱὸς
995 268 1190 328 Ἕλληνος
1207 274 1282 314 τοῦ
1300 270 1450 315 Πίκου.
1518 269 1541 314 ὃ
1562 271 1607 316 δὲ
1619 270 1719 330 '219-

267 359 338 400 γος
358 340 483 392 αὐτὸς
501 335 589 398 εὗρε
607 340 682 395 τὴν
700 337 880 394 τεχνικὴν
900 340 964 381 ε’πὶ
981 339 1033 382 τὰ
1051 339 1194 383 δυτικά
1214 339 1316 396 με’ρη
1329 353 1339 363 ·
1376 337 1398 382 ὃ
1418 339 1463 382 δὲ
1479 337 1629 390 ’Ἀτλας
1644 337 1723 397 ἧρ-

269 409 442 468 μήνευσε
467 409 543 465 τὴν
573 407 869 464 ἀστρονομίαν·
906 406 974 450 διὰ
1004 412 1126 452 τοῦτο
1161 407 1343 464 λέγουσιν
1364 406 1426 450 ὅτι
1446 407 1517 450 τὸν
1549 407 1724 466 οὐρανὸν

271 477 488 535 βαστάζει,
518 474 620 519 διότι
637 475 691 518 τὰ
710 475 886 532 οὗρανοῢ
905 474 982 531 ἔχει
1004 476 1045 520 ἐν
1064 481 1114 534 τῇ
1137 478 1285 537 καρδίᾳ
1306 475 1433 519 αὐτοῦ
1447 489 1456 499 ·
1494 473 1515 518 ὅ
1543 476 1587 519 δὲ
1605 479 1726 534 Προ-

272 547 433 604 μηθεὺς
461 545 535 600 τὴν
561 543 846 601 γραμματικὴν
874 544 1006 600 ἐξεῦρε
1034 546 1304 602 φιλοσοφίαν
1341 546 1431 600 περὶ
1459 538 1507 586 οὗ
1545 543 1762 600 λέγουσινε

152 624 186 659 O
210 623 254 661 85
279 616 341 660 ὅτι
360 611 608 670 ἀνθρώπους
630 611 798 654 ἔπλαττε
807 644 822 664 ,
857 612 953 655 καθ’
980 611 1001 655 ὃ
1021 611 1186 663 ἰδιώτας
1206 612 1326 663 ὄντας
1347 613 1531 667 ἐποίησεν
1549 609 1731 668 ἐπιγινώ-

279 700 386 728 σκειν
417 681 484 724 διὰ
512 681 757 737 φιλοσοφίας
775 681 840 723 καὶ
860 685 918 739 τῷ
939 679 1079 738 πρώην
1097 680 1231 740 χρόνῳ
1253 681 1397 724 εἲδέναι
1417 680 1470 723 τὰ
1490 678 1707 735 συμβάντα
1719 692 1734 723 ·,

282 751 304 796 ὅ
327 752 371 794 δὲ
397 748 649 804 Ἐπιμηθεὺς
677 748 752 805 τὴν
779 749 976 804 μουσικὴν
1005 750 1182 807 ἐξεῦρεν
1219 748 1240 792 ὃ
1263 750 1306 791 δὲ
1329 749 1568 792 Δευκαλίων
1585 748 1639 792 τὰ
1659 750 1733 791 τοῦ

283 821 572 872 κατακλυσμοῦ
592 821 666 860 τοῦ
687 821 852 873 μερικοῦ
872 817 1048 871 ἐξέθετο,
1086 817 1229 868 καθὼς
1246 817 1444 873 Εὐσέβιος
1463 814 1484 860 ὁ
1505 817 1735 874 Παμφίλου

287 887 310 932 ὃ
327 884 570 944 σοφώτατος
590 883 888 941 συνεγράψατο.
1749 895 1794 931 10

231 966 265 1002 D
388 953 516 999 Μετὰ
534 954 579 996 δὲ
596 953 643 997 τὸ
664 953 889 997 ἀποθανεῖν
907 953 1004 1003 τοὺς
1024 953 1164 1011 κριτὰς
1181 957 1265 997 τῶν
1287 952 1495 997 Ἰουδαίων
1513 950 1646 1009 ἡγεῖτο
1664 955 1740 995 τοῦ

287 1027 390 1068 λαοῦ
411 1022 560 1079 Βαρὰχ
582 1020 603 1063 ὃ
623 1025 695 1065 τοῦ
713 1021 913 1077 Ἀβινοέμ.
984 1016 1034 1076 ῆν
1057 1022 1104 1064 δέ
1121 1038 1180 1071 τις
1207 1021 1309 1078 γυνὴ
1337 1025 1540 1078 προφῆτις
1573 1017 1742 1076 ὀνόματι

289 1094 498 1147 Δεββῶρα
508 1123 521 1142 ,
558 1088 647 1144 ῆτις
667 1089 771 1146 ἔλεγε
792 1097 878 1139 τοῖς
894 1090 1106 1140 Ἰουδαίοις
1123 1087 1256 1132 πάντα
1275 1089 1326 1132 τὰ
1343 1089 1558 1143 μέλλοντα.

388 1159 455 1202 Ἐν
478 1159 523 1202 δὲ
540 1165 626 1207 τοῖς
645 1165 800 1215 καιροῖς
819 1159 979 1207 ἐκείνοις
1008 1154 1058 1213 ἦν
1088 1160 1155 1200 καὶ
1186 1157 1281 1215 παρ’
1305 1156 1470 1212 Ἕλλησι
1496 1154 1643 1211 μάντις
1671 1155 1747 1201 Σί-

292 1231 448 1282 βυλλα·
484 1227 551 1269 καὶ
572 1227 613 1268 ἓν
634 1226 773 1275 αὐτοῖς
797 1234 883 1275 τοῖς
897 1224 1060 1282 χρόνοις
1078 1227 1315 1282 Αἰγυπτίων
1334 1226 1566 1280 ἐβασίλευσε
1588 1223 1745 1280 Φαραὼ
1759 1233 1801 1270 15

296 1294 317 1339 ὅ
339 1297 405 1338 καὶ
426 1291 611 1350 Ναραχώ
623 1308 632 1319 ·
667 1299 748 1337 τῶν
766 1295 809 1336 δὲ
824 1294 1055 1348 Ἀθηναίων
1074 1295 1306 1347 ἐβασίλευσε
1324 1294 1498 1350 Κέκροψ
1517 1310 1600 1346 τις,
1638 1291 1750 1342 ὅστις

296 1364 339 1413 ἐξ
357 1360 574 1418 Αἷγύπτου
595 1361 790 1418 κατήγετο
804 1375 815 1386 ·
849 1357 900 1417 ῆν
923 1362 967 1403 δὲ
985 1362 1275 1417 παμμεγέθης,
1305 1362 1366 1404 διὸ
1390 1363 1456 1404 καὶ
1480 1363 1603 1418 διφυῆ
1625 1359 1750 1404 αὐτὸν

297 1430 478 1474 ἐκάλουν.
549 1423 669 1479 οὗτος
692 1431 735 1472 δὲ
755 1433 917 1486 πρῶτος
936 1430 1128 1482 βασιλεὺς
1147 1420 1302 1486 ἐγένετο
1311 1429 1539 1484 Ἀθηναίων
1558 1428 1663 1484 μετὰ
1680 1428 1752 1471 τὸν

299 1497 584 1551 κατακλυσμὸν
604 1502 679 1552 τῆς
694 1497 900 1552 Ἀττικῆς·
934 1497 1038 1552 μετὰ
1060 1498 1104 1540 δὲ
1125 1498 1196 1541 τὸν
1217 1498 1502 1551 κατακλυσμὸν
1518 1502 1599 1552 ’τῆς
1619 1496 1753 1540 Ἀττι-

301 1571 374 1623 κῆς
394 1568 449 1617 εἷς
460 1565 708 1621 Ἀθηναίους
723 1561 827 1621 ῆλθε
849 1565 897 1608 τὸ
920 1567 1138 1621 βασίλειον.
1208 1565 1235 1621 ἢ
1258 1563 1383 1620 μόνον
1406 1566 1450 1608 δὲ
1472 1565 1596 1616 αὐτὸς
1613 1564 1753 1618 ἔβασί-
1763 1574 1811 1610 20

389 1699 423 1734 1.
445 1692 623 1741 ’Ἕλληνος
653 1696 827 1732 Bentleius
857 1707 891 1741 p.
915 1697 994 1739 73.,
1017 1692 1166 1737 ’Ἕλενος
1189 1697 1256 1731 Ox.
1344 1696 1381 1732 2.
1413 1694 1602 1742 τεχνικὴν]
1635 1707 1758 1731 τεκτο-

389 1741 497 1787 νικὴν
522 1743 587 1777 Ch.
634 1742 735 1776 Conf.
758 1741 1018 1777 Schurzfleisch.
1040 1742 1125 1776 Not.
1148 1742 1238 1776 Bibl.
1262 1740 1339 1775 Vin.
1365 1753 1398 1786 p.
1425 1742 1502 1778 126.
1610 1744 1644 1778 9.
1683 1738 1759 1777 Εὖ-·

393 1787 527 1834 σέβιος]
550 1789 591 1823 V.
612 1787 657 1822 ad
674 1800 707 1833 p.
721 1789 777 1823 22.
796 1789 836 1823 A.
908 1790 961 1823 12.
981 1786 1141 1834 Ἀβινοέμ
1164 1788 1241 1829 Ch.,
1262 1783 1424 1831 Ἇμινοέμ
1447 1788 1513 1822 Ox.
1588 1787 1644 1824 14.
1669 1784 1761 1832 μάν-

391 1847 448 1915 ’.εθις
471 1834 550 1913 03„
572 1832 711 1879 μάρτυς
733 1834 801 1869 Ox.
827 1837 861 1868 et
884 1831 1056 1883 Σιβύλλα.
1145 1834 1199 1869 17.
1225 1833 1462 1880 παμμεγέθης
1484 1834 1560 1876 Ch„
1584 1832 1760 1879 πανμεγέ-
1811 1855 1813 1857 v

425 1892 469 1925 ης
528 1891 560 1915 x.

311 2004 380 2039 que
403 1992 572 2034 acumine,
609 1995 776 2027 vocarunt
798 1993 1116 2037 Centumoculumt)
1150 1992 1337 2027 Deucalion
1366 1991 1447 2027 item
1469 1991 1594 2026 Heleni
1615 1991 1657 2026 F.
1688 1990 1766 2026 Pici

313 2050 429 2084 nepos.
476 2039 587 2082 Argus
610 2041 721 2072 autem
752 2038 1016 2073 occidentalibus
1038 2039 1246 2072 Technicam
1270 2038 1394 2083 primus
1417 2036 1635 2072 monstravit:
1671 2037 1765 2071 Atlas

314 2082 578 2119 Astronomicam
601 2083 768 2117 tractavit
789 2084 979 2124 scientiam;
1002 2084 1092 2117 unde
1114 2083 1206 2128 quod
1228 2083 1262 2117 in
1282 2083 1484 2118 coelestium
1508 2082 1768 2128 contemplatio-

316 2141 360 2163 ne
393 2132 545 2163 versatus
577 2131 683 2169 esset,
722 2129 848 2162 coelum
881 2130 924 2162 ab
960 2141 1000 2163 eo
1033 2130 1183 2173 gestari,
1218 2128 1364 2163 fabulati
1396 2133 1485 2163 sunt.
1545 2127 1767 2163 Prometheus

318 2173 583 2208 Grammaticam
605 2173 754 2207 invenit:
788 2175 877 2208 hunc
901 2175 1049 2209 homines
1071 2174 1241 2208 effinxisse
1263 2174 1476 2215 fabulantur,
1508 2185 1550 2208 eo
1573 2172 1686 2219 quod,
1708 2184 1768 2208 ru-

319 2220 378 2254 des
401 2230 474 2253 cum
495 2218 644 2260 fuerint,
679 2218 915 2264 Philosophiae
939 2231 1004 2263 ope
1029 2220 1073 2254 ad
1097 2224 1275 2254 eventuum
1305 2219 1492 2254 futurorum
1515 2218 1769 2264 praescientiam

319 2277 377 2299 eos
400 2264 591 2298 adduxerit.
644 2263 882 2309 Epimetheum
905 2264 1052 2298 Musices
1081 2269 1235 2300 autorem
1257 2264 1360 2298 fuisse
1392 2264 1593 2310 perhibent:
1634 2264 1770 2298 Deuca-

317 2310 386 2345 lion
406 2322 490 2344 vero
507 2308 648 2388 dDdiluvii
670 2309 883 2355 particularis
905 2309 1077 2344 historiam
1099 2308 1296 2346 contexuit:
1336 2309 1389 2345 uti
1412 2309 1579 2344 Eusebius
1601 2308 1771 2354 Pamphili

318 2355 429 2391 literis
449 2359 505 2389 tra
529 2354 540 2388 i
566 2354 602 2388 it.

410 2401 494 2434 Post
517 2399 683 2434 extinctos
705 2399 932 2434 Israelitarum
952 2398 1101 2443 judices,
1134 2399 1182 2434 eis
1204 2399 1356 2445 praefuit
1377 2400 1572 2442 Barachus,
1596 2398 1772 2434 Abinoami

320 2446 362 2482 F.
386 2457 452 2490 quo
475 2449 626 2490 tempore
649 2444 749 2479 etiam
770 2444 861 2478 inter
881 2444 1029 2480 Judaeos
1051 2445 1169 2479 floruit
1190 2445 1412 2492 Prophetissa
1435 2445 1617 2490 quaedam,
1641 2445 1773 2479 nomine

322 2492 483 2532 Debora3
507 2501 595 2535 quae
618 2490 698 2535 ipsis
721 2491 838 2524 futura
860 2490 969 2524 omnia
991 2490 1172 2535 praedixit.

415 2536 639 2581 Temporibus
673 2535 775 2569 etiam
797 2535 862 2569 illis
885 2536 978 2580 apud
1003 2536 1157 2569 Graecos
1180 2535 1326 2570 innotuit
1350 2535 1503 2580 Sibylla,
1535 2534 1774 2577 vaticinatrix;

325 2581 443 2615 eodem
475 2581 576 2615 etiam
608 2586 761 2625 tempore
795 2580 971 2624 Aegyptiis
1004 2580 1184 2625 imperavit
1217 2582 1398 2622 Pharaoh,
1444 2581 1503 2625 qui
1534 2584 1569 2614 et
1601 2581 1775 2615 Naracho.

326 2626 468 2660 Athenis
494 2630 624 2668 autem,
650 2626 707 2660 ubi
731 2630 808 2672 post
831 2626 974 2660 Atticum
999 2626 1158 2660 diluvium
1181 2626 1276 2660 sedes
1299 2629 1374 2660 erat
1396 2625 1528 2670 Regia,
1558 2626 1683 2671 primus
1706 2626 1775 2660 Ce-

326 2682 426 2715 crops
450 2671 604 2716 quidam,
628 2672 671 2705 ab
694 2672 850 2717 Aegypto
873 2671 1031 2706 oriundus
1053 2670 1227 2715 regnavit:
1263 2672 1371 2712 hunc,
1406 2673 1449 2706 ob
1473 2671 1623 2717 corporis
1645 2671 1776 2716 magni-

327 2716 501 2757 tudinem,
535 2716 710 2762 Duplicem
739 2719 913 2751 vocarunt.
959 2717 1012 2758 Is,
1046 2727 1145 2760 quam
1167 2716 1308 2761 primum
1332 2728 1477 2761 regnare
1500 2717 1634 2763 coepit,
1667 2716 1776 2761 legem

327 2760 426 2802 tulit,
450 2761 500 2795 uti
523 2762 694 2803 mulieres,
718 2773 936 2807 quaecunque
957 2761 1108 2806 virgines
1130 2761 1273 2807 imperio
1295 2773 1354 2796 suo
1378 2762 1534 2796 subditae
1556 2766 1675 2804 erant,
1708 2761 1777 2794 sin-

327 2806 430 2851 gulae
452 2805 588 2851 singulis
610 2809 776 2844 nuberent
804 2807 896 2843 viris.
942 2807 1118 2855 Nymphas
1141 2810 1271 2850 autem,
1306 2807 1341 2842 in
1362 2808 1534 2843 sanctione
1557 2819 1638 2850 sua,
1670 2805 1777 2852 virgi-
