1838 3230
265 199 331 246 62
666 191 951 238 IOANNIS
979 194 1314 240 MALALAE

265 317 352 372 φεθ
371 311 604 368 ἐβασίλευσε
624 316 697 368 τῆς
720 310 904 368 Ἀττικῆς
917 309 1057 371 χώρας
1079 331 1141 364 τις
1167 311 1334 370 ὀνόματι
1357 312 1552 372 Ὠγύγης,
1587 313 1712 360 αὐτό-

262 387 406 438 χθων,
441 380 508 437 ἴτη
528 379 608 436 λβ’.
678 382 745 423 καὶ
762 380 893 437 γέγονε
909 383 1193 438 κατακλυσμὸς
1211 383 1337 440 μέγας
1354 384 1396 427 ἓν
1414 388 1465 442 τῇ
1489 384 1616 427 αὐτοῦ
1633 388 1715 439 βα-

238 463 240 466 ·
266 451 416 509 σιλείᾳ,
454 451 521 492 καὶ
549 446 731 492 ἀπώλετο
761 449 885 501 αὐτὸς
914 452 981 494 καὶ
1011 455 1124 495 πᾶσα
1151 450 1176 507 ἢ
1202 450 1320 509 χώρα
1349 453 1474 509 ἐκείνη
1506 453 1573 495 καὶ
1600 456 1715 495 πᾶσα

265 518 380 574 ψυχὴ
411 519 578 560 οἷκοῦσα
605 516 677 572 τὴν
701 515 843 575 χώραν
870 520 1020 575 ἐκείνην
1046 524 1118 575 τῆς
1143 520 1327 575 Ἀττικῆς
1350 522 1417 563 καὶ
1436 517 1579 577 μόνης.
1649 522 1716 563 καὶ

267 586 414 642 ἔμεινεν
441 587 483 636 ἐξ
511 585 660 628 ἐκείνου
692 584 841 642 ἕρημος
868 589 934 630 καὶ
955 588 1143 644 ἀοίκητος
1162 586 1187 643 ἦ
1211 589 1312 644 αὐτὴ
1329 587 1447 645 χώρα
1467 589 1532 632 ἐπὶ
1549 587 1618 645 ἴτη
1636 586 1751 643 σθ’,δ

269 654 414 703 καθὼς
432 654 473 697 ἓν
492 660 578 704 τοῖς
594 653 837 711 Ἀφρικανοῦ
857 655 1070 713 ἐμφέρεται
1089 655 1410 714 συγγράμμασιν.

219 730 250 765 C
367 722 436 765 Ἔν
455 723 500 765 δὲ
516 729 606 773 ταῖς
623 721 791 779 ἡμέραις
809 729 882 779 τῆς
900 725 941 775 ἐξ
952 723 1164 781 Αἰγύπτου
1185 724 1411 781 μελλούσης
1429 725 1616 782 γίνεσθαι
1633 722 1720 776 ἐξό-

272 793 346 835 δου
366 794 450 834 τῶν
467 791 567 834 υἱῶν
584 790 749 847 Ἰσραὴλ
766 793 869 847 μετὰ
890 793 1078 843 Μωσέως
1097 794 1328 847 ἐβασίλευσε
1350 798 1422 850 τῆς
1444 797 1527 837 τῶν
1546 795 1722 837 Μολοσ-

147 869 180 903 Ο
203 867 249 904 75
272 864 357 903 σῶν
382 856 522 916 χώρας
545 857 763 915 αὗτόχθων
784 877 845 912 τις
868 859 1035 915 ὀνόματι
1060 861 1218 917 Ἀΐδης·
1255 862 1299 913 ὃς
1321 861 1495 919 ἐγάμησε
1513 862 1588 917 τὴν
1608 865 1724 918 λεγο-

271 928 395 985 μένην
413 929 642 971 Μελινδίαν
655 942 665 952 ·
702 928 813 984 ἴσχεν
835 931 876 980 ἐξ
897 929 1023 984 αὐτῆς
1042 930 1251 987 θυγατέρα
1271 931 1444 987 εὐπρεπῆ
1454 963 1467 984 ,
1495 929 1545 986 ἣν
1564 927 1723 973 ἐκάλεσε
1736 940 1780 975 10

273 994 563 1054 Περσεφόνην·
597 996 672 1046 τὰς
700 997 744 1040 δὲ
773 995 1007 1055 εὐμόρφους
1025 1006 1216 1054 γυναῖκας
1236 999 1274 1042 οἳ
1291 1002 1552 1042 Μολοσσαῖοι
1570 1002 1620 1055 τῇ
1641 998 1726 1057 ῗὸίᾳ

273 1063 438 1123 γλώσσῃ
468 1063 592 1122 κόρας
620 1062 801 1109 ἐκάλουν.
872 1065 1026 1122 ταύτην
1052 1067 1096 1109 δὲ
1123 1066 1231 1117 ἔδοξε
1261 1072 1389 1124 φιλεῖν
1411 1066 1530 1123 ἔρωτι
1554 1064 1576 1109 ὃ
1594 1067 1726 1123 ,Περί-

274 1139 383 1184 θους
393 1166 407 1187 ,
445 1133 705 1190 συγκλητικὸς
723 1138 796 1176 τοῦ
818 1134 946 1177 αὗτοῦ
964 1135 1097 1178 Ἀΐδου
1116 1136 1338 1190 βασιλέως,
1374 1134 1568 1191 νεώτερος
1586 1133 1643 1178 ὢν
1661 1134 1728 1177 καὶ

278 1202 449 1259 εὔπορος
461 1216 471 1226 ·
506 1204 572 1245 καὶ
591 1202 696 1245 κατὰ
715 1200 903 1254 σύνταξιν
923 1208 995 1258 τῆς
1013 1202 1135 1259 κόρης
1150 1202 1368 1259 ἠβουλήθη
1387 1203 1530 1253 νυκτὸς
1547 1200 1728 1260 ἁρπάσαι

276 1269 418 1327 αὐτήν.
487 1272 554 1314 καὶ
571 1270 691 1326 γνοὺς
707 1275 828 1314 τοῦτο
850 1269 871 1314 ὃ
893 1271 1018 1327 αὐτῆς
1036 1270 1169 1328 πατήρ
1182 1305 1193 1324 ,
1225 1272 1362 1327 Ἀΐδης
1379 1269 1591 1326 βασιλεύς,
1626 1272 1728 1314 ἓθυ-
1741 1281 1784 1317 15

276 1338 425 1396 μῶθη·
460 1341 527 1382 καὶ
566 1337 855 1394 βουλευόμενος
882 1340 924 1383 ἓν
955 1344 1011 1400 τῷ
1044 1338 1234 1396 λεληθότι
1264 1338 1504 1395 ἀμύνασθαι
1533 1343 1591 1398 τῷ
1618 1338 1729 1397 αὐτῷ

278 1410 475 1467 Περίθῳ,
509 1408 579 1450 ἵνα
610 1407 775 1463 ἄγνοιαν
804 1410 1110 1466 προφασίσηται
1134 1408 1236 1465 πρὸς
1257 1407 1434 1462 πάντας,
1472 1407 1518 1450 ὃν
1541 1406 1616 1462 εἶχε
1639 1424 1731 1450 ποι-

279 1476 440 1532 μενικὸν
470 1473 572 1518 κύνα
602 1475 740 1533 ἄγριον
769 1477 921 1532 μέγαν,
957 1475 1003 1520 ὃν
1029 1478 1095 1519 καὶ
1127 1477 1395 1534 Τρικέρβερον
1425 1474 1633 1530 ὠνόμαζον
1663 1474 1731 1517 διὰ

226 1553 258 1590 D
281 1545 329 1589 τὸ
352 1548 475 1601 τριῶν
502 1548 633 1587 κυνῶν
650 1545 750 1600 ἔχειν
771 1545 950 1602 κεφαλὴν
975 1546 1041 1587 καὶ
1063 1545 1236 1601 μέγεθος
1256 1543 1446 1600 σώματος
1454 1577 1467 1597 ,
1486 1543 1732 1586 ’ἀπέκλεισεν

279 1613 356 1666 ἔξω
386 1611 488 1657 ὅπου
517 1610 542 1668 ἦ
574 1610 672 1670 κόρη
705 1615 826 1669 διῆγε.
897 1613 1000 1669 μετὰ
1022 1608 1093 1656 οὖν
1118 1613 1192 1668 τὴν
1212 1613 1397 1668 τελευτὴν
1413 1614 1487 1668 τῆς
1507 1611 1633 1667 αὐτῆς
1649 1629 1731 1666 μη·
1742 1623 1789 1657 20

279 1680 390 1739 τρός,
417 1678 642 1738 ἀγνοούσης
663 1686 785 1724 τοῦτο
807 1686 881 1736 τῆς
898 1680 1034 1739 κόρης,
1071 1684 1138 1724 καὶ
1158 1687 1229 1725 τοῦ
1249 1683 1437 1739 Περίθου
1459 1680 1734 1738 παραγενομέ-

234 1774 237 1778 r
280 1768 355 1793 νου
385 1750 530 1800 νυκτὸς
557 1751 624 1792 καὶ
652 1748 908 1800 εἰσελθόντος
939 1750 993 1800 εἶς
1014 1748 1200 1806 ἁρπαγὴν
1222 1755 1294 1806 τῆς
1313 1748 1459 1807 κόρης,
1497 1747 1684 1806 ὥρμησεν
1713 1745 1734 1789 ὃ

285 1817 392 1862 κύων
414 1819 481 1862 καὶ
503 1817 653 1861 ἀνεῖλεν
685 1816 822 1862 αὐτόν.
894 1817 1106 1862 ἀκούσασα
1129 1819 1174 1861 δὲ
1194 1821 1259 1862 καὶ
1281 1818 1383 1874 αὐτὴ
1402 1816 1427 1874 ἦ
1449 1814 1549 1876 κόρη
1567 1820 1641 1872 τῆς
1660 1832 1737 1858 τα-

378 1940 410 1974 1·
440 1934 617 1984 Ὦῖὗῖης]
650 1940 687 1975 Γ
683 1937 825 1985 νγᾱῖγης
847 1939 916 1974 Ox.
1018 1940 1054 1976 7.
1086 1939 1174 1985 τῆς]
1207 1940 1288 1980 ταῖς
1310 1939 1379 1975 ΟΧ.
1472 1937 1528 1973 16.
1561 1937 1613 1984 τῷ
1636 1931 1738 1982 αὐτῷ

376 1986 553 2030 Περίθφ]
576 1984 643 2021 τὸν
667 1984 783 2022 αὐτὸν
806 1987 1000 2032 Περίθουν
1022 1985 1087 2020 Ch.

291 2086 473 2132 indigena,
510 2098 614 2122 annos
635 2097 752 2120 xxxn:
797 2098 863 2132 quo
885 2090 1039 2134 tempore
1070 2086 1187 2132 ingens
1210 2086 1245 2121 in
1267 2097 1309 2122 ea
1333 2085 1474 2131 regione
1502 2084 1630 2121 accidit
1651 2084 1740 2120 dilu-

281 2133 403 2174 ‘vium3
439 2144 505 2178 quo
530 2133 672 2176 ogyges
694 2132 787 2176 ipse,
820 2133 990 2178 omnisque
1013 2133 1097 2168 adeo
1121 2133 1248 2174 anima,
1281 2143 1344 2178 per
1364 2136 1474 2166 totam
1495 2131 1662 2174 Atticum,
1687 2143 1742 2166 so-

292 2179 449 2223 lamque,
480 2177 639 2212 fluctibus
663 2177 794 2219 obruti,
825 2179 1011 2224 perierunt.
1059 2179 1192 2213 Exinde
1213 2188 1315 2219 vero,
1338 2189 1400 2223 per
1420 2189 1524 2212 annos
1547 2188 1656 2211 ccnxx
1680 2178 1742 2211 de-

294 2229 389 2304 seLta
419 2234 623 2269 prorsusque
654 2223 885 2258 inhabitabilis
917 2224 1074 2259 remansit
1097 2225 1230 2260 Attica:
1273 2223 1361 2258 sicut
1383 2223 1560 2258 Africanus
1581 2222 1742 2269 scriptum

293 2282 333 2305 re
347 2270 355 2279 ⁸
382 2269 443 2303 uit.

359 2282 464 2356 uno
487 2316 638 2359 tempore
669 2325 753 2350 vero
776 2314 950 2349 Israelitae
972 2328 1015 2350 ex
1041 2316 1198 2363 Aegypto
1227 2326 1300 2349 cum
1321 2314 1419 2350 Mose
1441 2313 1609 2360 egressuri
1632 2315 1743 2354 erant,

293 2360 449 2396 Molossis
472 2359 655 2406 imperavit
678 2360 780 2395 Aides
804 2360 959 2405 quidam,
995 2361 1176 2407 indigena:
1213 2361 1268 2395 cui
1291 2372 1333 2395 ex
1355 2372 1462 2396 uxore
1486 2358 1649 2394 Melindia
1670 2358 1744 2391 filia

295 2405 524 2454 pulcherrima
545 2409 628 2440 nata
650 2410 719 2448 est,
748 2417 847 2451 quam
871 2406 1104 2452 Proserpinam
1127 2407 1279 2441 vocavit.
1325 2405 1463 2441 Molossi
1485 2416 1569 2439 vero
1591 2403 1745 2438 mulieres

295 2454 407 2487 forma
437 2451 623 2497 speciosas,
667 2451 806 2496 proprio
835 2451 1017 2494 idiomate,
1061 2451 1186 2496 Κόρας
1217 2451 1426 2486 vocitabant.
1479 2449 1618 2484 Puellae
1647 2449 1745 2493 hujus

296 2509 411 2533 amore
433 2502 550 2542 captus
567 2496 766 2539 Perithous,
792 2509 833 2531 ex
851 2496 958 2531 Aidae
981 2498 1079 2542 regni
1098 2497 1306 2532 Primoribus
1329 2496 1484 2542 quidam,
1505 2494 1638 2539 juvenis
1660 2505 1747 2539 opu-

297 2544 426 2586 lentus-3
450 2543 556 2588 ipsam
579 2554 643 2577 nec
665 2542 824 2585 invitam,
846 2547 947 2577 noctu
963 2543 1136 2588 surripere
1158 2543 1194 2576 in
1216 2542 1323 2577 animo
1348 2540 1479 2576 habuit.
1527 2540 1605 2580 Quo
1629 2539 1747 2584 cogni-

298 2594 336 2623 to
359 2589 435 2623 Rex
457 2589 670 2633 indignatus,
694 2588 729 2622 in
751 2588 858 2623 animo
882 2600 942 2623 suo
966 2600 1077 2622 secum
1099 2588 1227 2630 volvit,
1250 2598 1393 2632 quonam
1412 2590 1513 2632 pacto
1534 2586 1746 2626 Perithoum,

299 2634 372 2679 ipse
394 2639 506 2670 tamen
528 2639 568 2668 ut.
590 2634 676 2668 facti
697 2634 819 2669 inscius
842 2633 1018 2668 videretur
1041 2633 1213 2675 omnibus,
1250 2631 1480 2667 ulcisceretur.
1528 2631 1654 2666 Canem
1681 2630 1748 2664 ita-

230 2714 235 2718 ,
301 2691 369 2724 que
391 2680 594 2725 pastoralem
619 2691 715 2725 quem
739 2679 857 2715 habuit
880 2681 1045 2721 ferocem,
1081 2683 1117 2713 et
1152 2679 1195 2713 ob
1226 2677 1376 2723 corporis
1408 2676 1616 2722 capitisque,
1648 2675 1748 2710 trium

301 2724 410 2759 instar
433 2737 571 2767 canum,
595 2725 878 2770 magnitudinem,
910 2725 1153 2759 Tricerberum
1175 2723 1396 2765 nominatum,
1422 2723 1552 2768 puellae
1575 2733 1639 2767 pro
1661 2720 1749 2756 fori-

302 2770 367 2804 bus
390 2771 573 2805 constituit.
618 2771 732 2805 Matre
753 2771 870 2817 itaque
893 2771 963 2815 ejus
985 2771 1109 2804 dudum
1131 2774 1285 2811 mortua,
1317 2769 1429 2815 puella
1450 2768 1503 2803 rei
1525 2768 1629 2802 totius
1652 2765 1748 2812 peni-

303 2818 357 2848 tus
378 2814 519 2860 ignara,
555 2816 592 2850 in
613 2816 810 2851 Perithoum
841 2822 942 2851 noctu
963 2815 1104 2861 virginis
1126 2819 1260 2861 raptum
1293 2813 1545 2859 aggredientem
1567 2812 1667 2847 irruit
1689 2822 1748 2845 ca-

306 2858 376 2903 nis,
411 2861 586 2907 ipsumque
606 2862 794 2898 interfecit.
840 2862 1074 2909 Proserpinam
1097 2872 1232 2908 quoque
1254 2860 1382 2907 ipsam,
1425 2860 1469 2895 ad
1491 2859 1666 2894 tumultum
1689 2867 1749 2891 ex·-
