1838 3230
431 151 1046 199 CHRONOGRAPHIA.
1097 150 1154 194 L.
1183 150 1277 195 ΧΠ.
1486 157 1596 204 299·

121 278 198 332 τῆς
235 274 442 326 Βιθυνίας
471 274 521 318 τὸ
555 273 752 332 τέταρτον
795 271 924 327 αὐτῆς
958 268 1100 322 πάθος
1133 270 1214 315 ἀπὸ
1253 271 1480 327 θεομηνίας
1515 271 1592 323 ἕως

121 348 322 399 ποταμῶν
350 345 419 387 καὶ
440 344 677 398 Λακιβίζης.
746 342 814 385 καὶ
843 338 1162 399 ἐφιλοτιμήσατο
1183 334 1269 392 τοῖς
1297 338 1441 397 ζήσασι
1457 341 1586 385 πολλί

122 414 193 458 καὶ
207 417 258 471 τῇ
282 410 408 457 πόλει.

217 481 286 525 Ἑν
305 481 418 539 αὐτῷ
435 476 572 539 χρόνῳ
589 479 774 535 Ζηνοβία
794 476 821 534 ἦ
842 475 1086 535 Σαρακηνή,
1122 475 1342 534 ἢἘνάθου
1360 475 1484 535 γυνή,
1523 478 1590 521 ἕκ-

89 559 112 595 5
125 552 294 595 δικοῦσα
315 549 387 594 τὸν
407 547 595 593 θάνατον
617 552 691 591 τοῦ
715 549 819 591 ἰδίου
840 547 965 602 αὐτῆς
987 545 1149 604 ἀνδρός,
1170 551 1357 602 λαβοῦσα
1375 547 1473 598 τοὺς
1491 564 1590 603 συγ-

119 627 244 677 γενεῖς
261 618 404 671 αὐτοῦ,
441 617 647 674 παρέλαβε
664 617 737 672 τὴν
751 616 961 673 Ἀραβίαν,
997 617 1268 672 κατεχομένην
1286 615 1377 660 τότε
1394 614 1475 660 ὑπὸ
1488 615 1592 660 Ῥω-

119 690 276 744 μαίων,
318 684 554 746 φονεύσασα
582 687 648 729 καὶ
679 686 750 729 τὸν
781 688 910 729 δοῦκα
934 683 1146 739 Ῥωμαίων
1183 685 1378 742 Τρασσὸν
1411 687 1480 728 καὶ
1506 689 1589 729 πᾶ-
1612 688 1643 724 Β

121 774 203 801 σαν
230 756 305 812 τὴν
339 756 414 799 σὺν
443 755 556 813 αὐτῷ
588 753 790 810 βοήθειαν
825 756 887 797 ἐπὶ
921 759 996 810 τῆς
1027 755 1155 797 αὐτοῦ
1187 755 1482 798 Ἀπουλλιανοῧ
1514 759 1591 798 τοῦ

121 827 188 870 καὶ
206 826 421 869 Κλαυδίου
447 825 670 880 βασιλείας.
744 822 765 866 ὃ
791 824 835 866 δὲ
865 823 990 874 αὐτὸς
1007 823 1200 876 βασιλεὺς
1228 822 1437 874 Κλαύδιος
1467 825 1509 867 ἐν
1530 827 1592 884 τῷ

64 904 112 940 10
121 896 279 953 Σιρμίῳ
300 890 351 950 ἦν
369 898 571 948 πολεμῶν,
607 892 762 936 κάκεῖσε
787 897 968 952 τελευτᾷ,
1007 891 1064 935 ὢν
1082 894 1183 936 ἐτῶν
1202 891 1275 943 νς’.

223 962 351 1007 Μετὰ
378 963 423 1005 δὲ
453 963 528 1018 τὴν
554 963 765 1017 βασιλείαν
797 961 1067 1004 Ἀπολλιανοῦ
1103 963 1317 1005 Κλαυδίου
1355 961 1589 1016 ἐβασίλευσε
1614 968 1647 1004 Ο
1671 969 1740 1004 396

121 1031 417 1081 Κυντιλλιανὸς
449 1029 603 1087 ἡμέρας
632 1028 692 1083 ιζ’.
771 1026 822 1086 ἦν
854 1032 898 1073 δὲ
926 1032 1188 1087 διμοιριαΐος,
1227 1028 1394 1083 λεπτός,
1431 1028 1592 1087 μάκρο-

121 1114 210 1156 ψις,
231 1099 494 1158 μακρόρινος,
515 1097 780 1157 μελάγχροος,
806 1097 1026 1156 ἆπλόθριξ,
1054 1098 1336 1157 εὖόφθαλμος,
1355 1097 1594 1154 μιξοπόλιος

122 1170 199 1225 τὴν
217 1169 350 1226 κόραν
380 1170 449 1212 καὶ
471 1168 518 1212 τὸ
545 1169 704 1225 γένειον.
777 1170 844 1212 καὶ
865 1173 1032 1228 τελευτᾷ
1060 1170 1101 1211 ἓν
1122 1173 1179 1227 τῷ
1210 1169 1419 1227 παλατίῳ,
1455 1166 1594 1226 ἦῤῥώ-

65 1245 110 1282 15
123 1255 208 1282 στει
242 1236 343 1296 γάρ,
396 1237 464 1283 ὅτε
496 1235 754 1296 ἀνηγορεύθη
779 1237 972 1293 βασιλεὺς
999 1240 1108 1296 δεινῇ
1136 1235 1316 1296 ἀνάγκῃ,
1367 1235 1424 1280 ὢν
1457 1239 1593 1281 ἐνιαυ-

118 1311 204 1352 τῶν
231 1305 320 1363 μα’.

221 1375 351 1421 Μετὰ
380 1377 426 1420 δὲ
451 1375 528 1432 τὴν
556 1375 769 1431 βασιλείαν
802 1377 1101 1418 Κυντιλλιανοῦ
1136 1375 1394 1431 ἓβασιἊευσεν
1426 1373 1447 1418 ὃ
1474 1372 1591 1419 θειό-
1614 1386 1645 1421 C

119 1462 247 1497 τατος
269 1445 534 1504 Αὖρηλιανός
563 1443 584 1488 ὅ
614 1444 829 1500 πολεμικὸς
864 1444 932 1500 ἔτη
962 1442 1010 1494 ς’.
1079 1440 1130 1500 ἦν
1151 1446 1195 1488 δὲ
1211 1442 1393 1502 μακρός,
1431 1443 1591 1497 λεπτός,

118 1513 428 1573 ὕποφάλακρος,
457 1512 794 1572 μικρόφθαλμος,
822 1511 1049 1567 ὄλοπόλιος,
1081 1512 1383 1571 μεγαλόψυχος,
1423 1512 1594 1556 eiiam.-

63 1591 217 1635 2οτος·
252 1582 389 1642 ἐφόρει
419 1585 464 1627 δὲ
487 1582 670 1639 διάδημα
696 1583 788 1638 ἕχον
807 1583 973 1640 ἀστέρα.
1043 1582 1070 1638 ἢ
1099 1581 1226 1637 μόνον
1249 1583 1293 1625 δὲ
1318 1583 1591 1635 ἐβασίλευσεν,

121 1652 276 1708 ἤρξατο
299 1652 351 1696 τὰ
374 1654 484 1708 τείχη
508 1651 667 1708 Ῥώμης
684 1654 825 1705 κτίζειν
846 1659 1009 1708 γενναῖα
1023 1665 1032 1675 ·
1068 1647 1120 1706 ’ἦν
1136 1651 1214 1708 γὰρ
1236 1655 1295 1710 τῷ
1313 1648 1450 1709 χρόνῳ
1473 1655 1592 1708 φθα-

123 1721 258 1777 ρέντα.
330 1721 456 1771 αὐτὸς
477 1722 522 1764 δὲ
544 1721 738 1778 ἐφέστηκε
757 1725 816 1779 τῷ
849 1720 967 1780 ἔργῳ,
1005 1722 1071 1763 καὶ
1092 1718 1290 1776 ἠνάγκαζε
1310 1719 1363 1762 τὰ
1382 1720 1592 1776 συνὲργεια

118 1787 277 1846 Ῥώμης
293 1787 509 1847 ὖπουργεῖν
527 1794 585 1849 τῷ
609 1791 821 1845 κτίσματι,
864 1792 932 1833 καὶ
955 1787 1178 1847 πληρώσας
1198 1789 1251 1832 τὰ
1272 1789 1380 1844 τείχη
1405 1790 1447 1832 ἐν
1471 1789 1592 1849 ὀλίγῳ

185 1938 189 1943 .
215 1889 270 1924 11.
288 1887 480 1925 Κλαυδίου
498 1887 577 1930 Ch.,
597 1886 783 1929 Κλαύδιος
800 1887 869 1922 Ox.
933 1888 992 1924 23.
1008 1884 1203 1934 πληρώσας
1218 1886 1296 1929 Ch.,
1314 1887 1503 1933 πληρῶσαι
1520 1887 1590 1922 ΟΧ.

121 1974 249 2015 quarta
270 1967 348 2003 vice
380 1973 523 2014 experta
545 1971 617 2009 est3
657 1971 774 2003 terrae
806 1967 951 2004 motibus
985 1967 1139 2013 adusque
1161 1967 1298 2002 flumina
1333 1971 1369 2002 et
1390 1966 1590 2002 Dacibizem

118 2014 414 2096 fflalesoenfibus.
458 2014 650 2061 Imperator
680 2020 791 2049 autem
825 2014 903 2049 urbi
937 2014 1136 2060 civibusque
1169 2013 1405 2061 superstitibus
1444 2014 1593 2060 plurima

198 2060 264 2096 'tus
286 2066 348 2096 est.

173 2072 352 2142 glliii-*idem
375 2106 583 2152 temporibus
606 2106 759 2141 Zenobia
781 2106 839 2141 illa
862 2106 1090 2149 Saracenica,
1124 2105 1254 2141 Enathi
1278 2104 1428 2151 conjugis
1450 2104 1591 2141 caedem

122 2153 250 2195 tritura,
274 2154 413 2189 adscitis
435 2153 514 2195 sibi,
538 2153 597 2198 qui
621 2153 788 2198 sanguine
809 2153 859 2188 illi
885 2153 1056 2198 conjuncti
1079 2158 1188 2195 erant,
1211 2152 1383 2194 Arabiam,
1408 2164 1494 2196 quae
1518 2157 1590 2186 tum

122 2199 284 2235 Romanis
306 2200 444 2255 paruit,
477 2200 682 2245 occupavit,
707 2199 819 2233 occiso
843 2199 992 2242 Trasso,
1024 2199 1249 2234 Romanorum
1272 2199 1391 2239 Duce,
1417 2197 1591 2243 copiisque

123 2245 197 2290 ejus
229 2247 379 2281 omnibus
402 2245 614 2292 profligatis3
658 2246 871 2290 Imperatore
902 2245 976 2292 ipso
1001 2245 1145 2281 Claudio
1168 2245 1350 2291 Apolliano
1383 2249 1454 2278 tum
1476 2242 1593 2278 Sirmii

123 2291 248 2326 bellum
269 2297 430 2335 gerente:
462 2292 534 2327 Ubi
557 2293 659 2327 etiam
683 2292 770 2326 diem
794 2303 886 2326 suum
910 2292 1007 2334 obiit,
1032 2303 1151 2326 annum
1175 2303 1278 2336 agens
1301 2301 1372 2324 Lv1.

214 2339 298 2373 Post
331 2338 510 2374 Claudium
544 2338 758 2384 Apollianum
788 2337 972 2384 imperavit
1005 2338 1235 2380 Quintilianus
1266 2336 1337 2371 dies
1370 2345 1455 2370 xv11.
1502 2334 1593 2369 Erat

125 2386 238 2419 autem
259 2388 393 2419 statura
418 2397 509 2430 quae
531 2386 735 2420 mediocrem
760 2386 962 2428 excederet,
996 2384 1154 2430 gracilis,
1186 2382 1275 2418 facie
1299 2382 1467 2425 oblonga,
1490 2391 1592 2414 nasu-

125 2434 202 2471 tus,
225 2430 339 2466 colore
362 2431 483 2476 nigro,
518 2431 611 2466 crine
634 2432 795 2473 demisso,
821 2430 926 2466 oculis
950 2431 1114 2477 pulchris,
1147 2429 1262 2476 capite
1283 2433 1466 2471 mentoque
1488 2438 1593 2460 cane-

125 2475 306 2511 scentibus.
352 2476 393 2511 Iu
416 2477 548 2523 palatio
570 2482 722 2513 mortuus
745 2480 817 2520 est,
841 2477 963 2512 aetatis
987 2488 1075 2512 anno
1099 2487 1180 2518 xm,
1208 2486 1282 2510 cum
1306 2479 1342 2508 et
1364 2484 1434 2517 quo
1457 2476 1591 2517 tempo-

124 2531 176 2600 ἔξ,
200 2532 264 2566 pro
285 2534 412 2558 summa
433 2534 546 2559 rerum
569 2524 784 2566 necessitate,
818 2523 1010 2570 Imperator
1032 2523 1143 2558 factus
1166 2528 1264 2563 esset,
1288 2520 1446 2565 graviter
1469 2529 1595 2563 aegro-

163 2571 230 2601 ret.

217 2611 462 2653 Quintilianum
485 2616 626 2662 excepit
647 2614 869 2650 divinissimus
889 2615 1089 2651 Aurelianus
1112 2614 1170 2648 ille
1191 2611 1380 2654 bellicosus,
1403 2609 1461 2656 qui
1484 2610 1593 2657 impe—

125 2657 219 2692 ravit
241 2669 344 2694 annos
366 2672 415 2695 vr.
462 2662 551 2696 Erat
574 2661 629 2696 hic
651 2673 826 2707 procerus,
862 2662 1014 2708 gracilis,
1039 2660 1229 2700 subcalvus‚
1253 2657 1369 2703 parvis
1393 2656 1509 2699 oculis,
1533 2669 1593 2692 ca·

126 2715 199 2745 ¹¹⁰⁵,
222 2707 462 2749 magnanimus,
484 2708 680 2753 impatiens:
703 2707 869 2743 Diadema
884 2721 967 2744 vero
991 2708 1090 2742 stella
1113 2706 1315 2740 adornatum
1338 2702 1497 2748 gestavit.
1522 2703 1590 2738 Hic

125 2750 367 2795 quamprimum
389 2751 556 2798 imperare
579 2754 711 2800 coepit,
748 2755 880 2789 moenia
904 2754 997 2789 urbis
1020 2755 1149 2788 Romae
1171 2754 1340 2785 vetustate
1363 2749 1514 2796 collapsa
1536 2749 1590 2784 in-

123 2796 312 2838 stauravit,
349 2798 633 2846 munitissimaque
661 2800 757 2836 fecit.
815 2801 924 2845 Operi
949 2805 1060 2835 autem
1093 2797 1166 2843 ipse
1196 2795 1340 2839 institit3
1376 2808 1532 2843 quaeque
1555 2796 1590 2830 in

124 2841 234 2878 Roma
258 2848 358 2878 erant
379 2844 614 2891 operariorum
635 2845 812 2890 sodalitia,
848 2846 883 2881 in
905 2851 1075 2881 structura
1098 2845 1164 2879 bac
1186 2853 1326 2890 operam
1347 2854 1439 2878 suam
1461 2854 1590 2878 navare
