1838 3230
250 172 352 222 246
646 164 938 212 IOANNIS
966 166 1310 210 MALALAE

252 292 311 347 τῷ
342 287 527 345 παλατίῳ
560 284 641 329 vind
670 289 753 328 τῶν
781 284 895 328 ἰδίων
912 286 1158 343 σπαθαρίων
1176 290 1258 330 τῶν
1279 288 1624 346 κουβικουλαρίων
1637 287 1708 332 eb·-

251 355 408 411 νούχων
424 355 530 398 ’κατὰ
548 352 711 410 γνώμην
730 356 803 407 τῆς
822 352 1044 409 συγκλήτου
1057 387 1071 407 ,
1110 354 1166 398 ὢν
1189 356 1290 397 ἐτῶν
1313 353 1397 399 λθ’.
1706 384 1710 393 .

355 423 479 467 Μετὰ
512 424 556 464 δὲ
584 422 655 475 τὴν
687 422 896 476 βασιλείαν
920 425 960 463 Γ
957 425 1047 465 α“ι’“ου
1070 424 1284 480 Καίσαρος
1313 424 1546 477 ἐβασίλευσε
1563 419 1712 466 Kaud-

107 497 139 531 Ο
163 496 231 532 317
255 494 341 542 διος
359 494 524 546 Καῖσαρ
555 488 575 531 ὅ
596 489 846 546 Γερμανικὸς
879 490 941 531 ἐπὶ
970 495 1042 545 τῆς
1066 488 1259 541 ἰἷπατειάς
1284 492 1445 534 Κασίου
1475 492 1542 533 καὶ
1563 488 1709 534 Σόλω-

252 576 335 609 νος.
406 559 639 614 ἐβασίλευσε
669 559 713 600 δὲ
736 555 756 599 ὅ
780 557 903 608 αὐτὸς
922 556 1131 609 Κλαύδιος
1151 561 1316 615 Καῖσαρ
1347 558 1415 614 ἔτη
1445 556 1497 601 ιδ’
1531 560 1599 601 καὶ
1626 562 1740 614 μῆ-5

253 644 328 677 νας
347 625 407 669 θ’.
475 621 526 681 ἦν
550 627 594 668 δὲ
620 623 873 682 κονδοειδής,
912 626 1095 682 εἷίογκος,
1131 626 1500 685 γλαυκόφθαλμος,
1537 623 1712 681 μιξοπό-

253 700 352 747 λιος,
382 692 534 747 λευκός,
568 691 789 751 μάκροψις,
818 693 1104 750 γαληνότατος.
1175 694 1302 739 ἔκτισε
1329 696 1374 738 δὲ
1394 693 1524 747 πόλιν,
1544 693 1595 750 ἢν
1615 691 1712 736 ἐκά-

201 773 232 807 Β
255 767 366 805 λεσεν
388 765 442 812 εἲς
463 762 566 805 ἴδιον
587 761 717 816 ὄνομα
739 760 1081 807 Κλαυδιοῦπολιν.
1154 762 1281 807 ἔκτισε
1303 765 1347 806 δὲ
1370 764 1437 806 καὶ
1457 763 1710 821 Βρεττανίαν

254 829 372 874 πόλιν
390 831 562 886 πλησίον
579 834 652 873 τοῦ
666 831 874 875 Ὠκεανοῦ.

352 897 401 942 ‘O
419 900 463 941 δὲ
481 898 605 948 αὐτὸς
622 897 832 949 Κλαύδιος
849 899 1040 955 βασιλεῦς
1056 900 1122 942 καὶ
1142 904 1193 957 τῇ
1214 899 1468 958 δημοκρατίᾳ
1486 902 1568 942 τῶν
1584 901 1709 955 Πρα-
1721 906 1766 941 10

255 970 377 1010 σίνων
409 965 659 1010 κατάστασιν
692 967 849 1011 ἔδωκεν.
919 969 982 1010 ἐπὶ
1013 968 1057 1010 δὲ
1087 971 1160 1022 τῆς
1179 967 1304 1011 αὐτοῦ
1327 968 1535 1021 βασιλείας
1557 966 1711 1010 ἔπαθεν

254 1034 335 1078 ὑπὸ
366 1037 591 1093 θεομηνίας
619 1034 645 1090 ἡ
664 1035 839 1092 ’Έφεσος
856 1038 923 1078 καὶ
946 1034 972 1091 ἡ
995 1034 1166 1091 Σμύρνα
1194 1038 1260 1078 καὶ
1277 1037 1422 1078 πολλαὶ
1442 1034 1562 1077 ἄλλαι
1579 1032 1714 1085 πόλεις,

257 1108 331 1157 τῆς
352 1103 510 1156 Ἀσίας,
549 1101 722 1146 αἷστισιν
750 1105 966 1160 ἐχαρίσατο
1000 1105 1130 1149 πολλὰ
1164 1106 1219 1154 εἷς
1246 1103 1477 1147 ἀνανέωσιν.
1546 1103 1712 1158 ἐσείσθη

259 1172 304 1214 δὲ
332 1169 422 1213 τότε
452 1173 518 1213 καὶ
541 1169 567 1226 ἡ
598 1170 751 1227 μεγάλη
776 1171 996 1227 Ἀντιόχεια
1016 1171 1154 1225 πόλις,
1187 1174 1253 1215 καὶ
1275 1169 1461 1230 διεῤῥάγη
1482 1169 1503 1214 ὃ
1522 1170 1620 1221 ναὸς
1640 1174 1714 1226 τῆς

250 1238 486 1294 ,Ἀρτέμιδος
508 1241 574 1280 καὶ
600 1244 673 1281 τοῦ
696 1239 845 1296 Ἄρεως
874 1242 940 1282 καὶ
965 1245 1038 1283 τοῦ
1066 1238 1288 1296 Ἡρακλέος
1322 1241 1387 1282 καὶ
1419 1237 1519 1282 οἶκοι
1544 1241 1711 1296 φανεροὶ
1725 1246 1767 1282 15

259 1306 418 1350 ἴπεσαν.
488 1305 509 1349 ὅ
531 1307 575 1348 δὲ
595 1307 720 1357 αὐτὸς
740 1308 932 1361 βασιλεὺς
951 1306 1159 1357 Κλαύδιος
1181 1306 1390 1364 ἐκούφισεν
1410 1307 1492 1350 ἀπὸ
1514 1311 1596 1350 τῶν
1615 1323 1714 1350 συν-

259 1378 416 1430 εργιῶν,
442 1373 532 1428 ι’]’τοι
551 1372 837 1431 συστημάτων,
860 1380 934 1430 τῆς
951 1375 1181 1430 Ἀντιοχέων
1201 1375 1354 1425 πόλεως
1373 1379 1446 1430 τῆς
1466 1377 1620 1432 Συρίας
1639 1375 1714 1429 τὴν

116 1451 149 1486 Ο
172 1452 239 1488 318
263 1443 513 1499 λειτουργίαν
534 1441 585 1498 ’ἢν
599 1451 797 1500 παρεῖχον
812 1441 913 1500 ὖπέρ
933 1449 1112 1496 καπνοῦ,
1147 1443 1203 1493 εἷς
1222 1443 1441 1486 ἀνανέωσιν
1461 1447 1543 1486 τῶν
1559 1440 1716 1500 ὖπορό-

261 1527 351 1567 φων
370 1509 554 1564 ἐμβόλων
574 1512 700 1567 αὐτῆς
716 1516 797 1554 τῶν
814 1511 1059 1554 κτισθέντων
1075 1510 1156 1554 ὑπὸ
1176 1512 1366 1567 Τιβερίου
1385 1511 1610 1567 Καίσαρος.

208 1587 239 1620 C
361 1577 427 1620 Ἔν
446 1579 490 1620 δὲ
509 1586 598 1629 ταῖς
615 1580 759 1636 ἀρχαῖς
773 1584 847 1634 τῆς
863 1581 1072 1633 βασιλείας
1085 1583 1158 1622 τοῦ
1177 1578 1302 1621 αὐτοῦ
1319 1580 1531 1622 Κλαυδίου
1548 1579 1712 1621 Καίσα-
1723 1588 1770 1623 20

263 1663 334 1701 ρος
361 1645 465 1700 μετὰ
500 1646 547 1688 τὸ
582 1647 875 1704 ἀναληφθῆναι
912 1647 982 1690 τὸν
1017 1646 1154 1704 κύριον
1182 1645 1297 1702 ἡμῶν
1335 1648 1402 1689 καὶ
1430 1646 1531 1689 θεὸν
1558 1646 1717 1702 Ἰησοῦν

260 1714 446 1770 Χριστὸν
467 1715 571 1768 μετὰ
591 1714 658 1771 ἔτη
680 1716 776 1758 δέκα
810 1719 972 1772 πρῶτος
994 1715 1098 1769 μετὰ
1115 1714 1187 1757 τὸν
1208 1714 1319 1770 ἅγιον
1336 1714 1499 1771 Πέτρον
1518 1714 1590 1757 τὸν
1613 1712 1718 1757 ἀπό-

262 1786 410 1824 στολον
442 1782 517 1837 τὴν
545 1785 796 1841 χειροτονίαν
834 1787 908 1838 τῆς
942 1785 1158 1838 ἐπισκοπῆς
1183 1788 1257 1838 τῆς
1285 1782 1517 1838 Ἀντιοχέων
1541 1779 1718 1839 μεγάλης

353 1924 409 1958 15.
430 1920 627 1970 Ἡρακλέους
651 1925 718 1959 Ox.
811 1926 864 1960 18.
890 1924 1005 1960 Malim
1026 1921 1247 1970 ὑπωρόφιον.

261 2047 351 2081 (ibus
374 2046 457 2089 suis,
501 2047 633 2082 Senatu
655 2048 782 2083 factum
806 2049 1038 2095 approbante,
1082 2060 1157 2084 cum
1180 2059 1299 2084 annum
1322 2050 1442 2093 ageret
1463 2056 1587 2088 xxm,
1621 2046 1716 2082 ⁰⁰⁰1·

261 2103 318 2127 sus
334 2095 397 2127 est.

355 2137 440 2172 Caio
472 2137 631 2172 successit
663 2138 700 2172 in
733 2139 874 2184 imperio
899 2139 1060 2174 Claudius
1084 2141 1234 2181 Caesar,
1265 2137 1508 2180 Germanicus,
1540 2137 1657 2173 Cassio
1680 2140 1716 2172 et

262 2183 389 2218 Solone
413 2183 504 2217 Coss.
530 2187 567 2217 et
589 2183 748 2227 regnavit
771 2196 873 2220 annos
893 2196 965 2218 xiv.
990 2190 1026 2219 et
1047 2197 1172 2220 menses
1194 2196 1242 2221 nt.
1291 2184 1380 2218 Erat
1402 2183 1458 2217 hic
1479 2187 1611 2218 statura
1635 2195 1716 2218 cur-

261 2231 311 2270 ta,
335 2239 479 2274 corpore
499 2239 625 2270 crasso,
649 2229 753 2263 oculis
776 2231 904 2271 caesiis,
928 2232 1104 2274 subcanus,
1129 2231 1241 2265 colore
1264 2228 1419 2271 candido,
1443 2228 1533 2262 facie
1556 2229 1712 2274 oblonga,

261 2274 398 2317 ingenio
422 2273 602 2308 mitissimo.
649 2274 777 2308 Urbem
812 2276 868 2309 hic
892 2276 1060 2319 condidit,
1097 2287 1195 2320 quam
1219 2287 1240 2309 a
1261 2274 1394 2308 nomine
1424 2285 1483 2308 suo
1508 2274 1715 2319 Claudiopo-

262 2319 320 2353 lim
344 2319 492 2354 vocavit.
531 2319 741 2353 Brettaniam
765 2331 901 2364 quoque
923 2323 1038 2355 urbem
1062 2321 1234 2362 condidit,
1262 2331 1330 2354 non
1353 2319 1471 2365 procul
1494 2321 1537 2353 ab
1561 2319 1713 2353 Oceano·

354 2364 514 2399 Claudius
548 2369 660 2398 autem
694 2365 882 2409 Imperator
911 2367 1062 2401 Prasinis
1084 2365 1341 2401 dominationem
1370 2375 1460 2398 suam
1492 2364 1714 2398 confirmavit.

263 2410 374 2453 Hujus
396 2414 507 2444 autem
538 2411 600 2443 sub
622 2410 764 2455 imperio
788 2410 942 2454 Ephesus
975 2417 1011 2446 et
1034 2413 1196 2455 Smyrna,
1243 2422 1315 2445 cum
1339 2409 1485 2454 plurimis
1517 2409 1592 2444 aliis
1613 2409 1715 2444 Asiae

263 2456 421 2496 urbibus,
446 2455 532 2488 iram
556 2455 702 2490 divinam
726 2461 889 2499 expertae
912 2462 1005 2491 suntz
1042 2458 1160 2501 quibus
1181 2454 1405 2490 instaurandis
1427 2455 1616 2499 Imperator
1638 2455 1717 2501 plu-

264 2500 350 2533 rima
373 2501 618 2545 suppeditavit.
663 2501 792 2534 Eodem
816 2512 976 2535 concussa
998 2508 1050 2536 est
1072 2503 1172 2536 etiam
1198 2500 1376 2536 Antiochia
1399 2511 1540 2544 magna,
1570 2501 1716 2546 templa-

265 2557 332 2590 que
355 2545 506 2587 Dianae,
530 2546 673 2588 Martis,
702 2550 805 2590 atque
827 2546 982 2580 Herculis
1006 2559 1069 2591 per
1092 2547 1233 2581 medium
1257 2546 1396 2589 dirupta
1419 2550 1516 2587 sunt3
1548 2546 1716 2591 aedesque

265 2591 429 2635 piurimae
452 2597 663 2626 corruerunt.
707 2592 826 2636 Itaque
849 2591 1007 2626 Claudius
1031 2593 1218 2637 Imperator
1241 2590 1422 2624 Tributum
1445 2591 1657 2633 Fumarium,
1693 2602 1715 2625 a

264 2636 438 2670 Sodalitiis
460 2636 675 2671 Antiochenis
698 2636 759 2670 sibi
781 2636 884 2681 pendi
906 2636 1058 2678 solitum,
1089 2637 1124 2670 in
1147 2636 1344 2670 Porticuum
1368 2636 1659 2681 contignatarum,
1693 2647 1716 2671 ι

266 2679 409 2715 Tiberio
430 2682 576 2717 Caesare
599 2687 843 2724 extructurum,
869 2681 1148 2716 instaurationem
1170 2680 1306 2715 remisit.

357 2727 429 2759 Sub
446 2726 551 2762 initiis
570 2731 679 2762 autem
698 2727 898 2772 imperantis
913 2727 1045 2762 Claudii
1067 2726 1241 2768 Caesaris,
1265 2726 1379 2760 decem
1403 2729 1480 2771 post
1500 2725 1596 2760 annis
1617 2736 1715 2771 quam

265 2768 422 2805 Dominus
453 2772 545 2806 Deus
567 2774 614 2807 N.
638 2773 734 2807 Jesus
758 2773 912 2806 Christus
934 2773 969 2806 in
993 2773 1131 2806 Coelum
1155 2775 1338 2816 assumptus
1361 2772 1444 2813 fuit,
1489 2771 1616 2816 primus
1639 2774 1716 2816 post

266 2815 430 2850 Sanctum
452 2817 592 2852 Petrum
615 2818 809 2863 Apostolum
831 2817 1031 2854 Antiochiae
1054 2818 1220 2863 Magnae,
1245 2829 1333 2862 quae
1354 2817 1390 2851 in
1412 2817 1514 2863 Syria
1536 2822 1606 2859 est,
1628 2815 1714 2862 Epi-
