1838 3230
657 141 953 188 EPISTOLA.
1433 148 1530 196 695

77 259 201 312 paulo
229 265 288 299 ent
322 265 363 300 et
386 259 540 310 rarior,
568 265 858 312 proptereaque
880 259 1014 300 fraudi
1039 259 1117 300 fuit
1136 257 1330 299 librariis:
1360 266 1530 300 attamen

8 319 22 350 ἒ·
79 315 160 354 uon'
175 314 324 356 <desunt
341 317 531 370 exempla.
588 315 790 368 Aristoph.
809 317 940 359 Ranis.

267 402 270 406 “
295 399 380 442 Καὶ
401 398 452 443 σύ
469 401 509 442 τί
523 398 576 454 δή
594 392 745 455 δράσας
771 396 915 449 αὐτούς
942 395 1068 448 οὕτως
1095 392 1303 455 ἆνδρείους
1328 399 1531 451 ἐδίδαξας-ς

77 482 158 548 Sed
192 490 236 549 et
269 483 336 524 hic
363 485 482 525 loeus
513 484 556 524 in
588 484 687 524 vitio
718 490 801 532 est3
839 490 877 523 et
906 484 1115 536 legendum
1147 489 1285 524 autore
1314 483 1394 523 MS.
1423 485 1532 523 Oxo-

75 553 223 581 mensi:

295 623 379 666 Καὶ
401 622 452 666 σύ
469 624 510 666 τί
521 620 675 678 δράσας
695 621 820 674 οὕτως
840 620 988 673 αὐτοῦς
1006 624 1216 678 γενναίους
1233 623 1481 676 ἐξεδίδαξαςς

75 707 246 760 Vulgata
266 699 383 748 lectio
403 722 493 747 cum
516 716 682 762 propter
703 709 779 747 alia
807 708 935 747 minus
959 709 1112 760 placet,
1142 715 1226 748 tum
1253 708 1304 747 ob
1323 708 1400 748 hoc
1419 721 1534 761 prae-

74 764 209 816 cipue3
238 764 347 816 quod
365 762 410 806 τὸ
425 762 685 819 τετραπόδιον
712 766 795 804 sive
813 778 867 803 iv.
888 765 1066 816 priorum
1089 766 1235 817 pedum
1253 778 1432 804 mensura
1452 779 1533 803 non

75 820 193 860 debet
220 821 263 860 in
297 820 544 861 dimidiatum
571 823 737 861 verbum
765 821 955 861 desinere.
1021 821 1131 859 Idem
1159 821 1392 860 Plutarchus
1431 820 1533 874 Περὶ

0 899 1 902 =
72 879 148 917 τοῦ
165 874 222 930 μή
237 880 339 933 χρᾷν
356 877 526 932 ἔμμετρα
539 880 618 919 νῦν
638 876 714 930 τήν
734 878 914 918 Πυθίαν.
975 879 1009 917 Ο
1029 874 1071 918 δ’
1095 873 1344 937 Ερριπίδης,
1374 877 1448 926 ait,
1478 878 1532 917 εἰ-

71 931 173 983 nativ,
205 933 259 982 ῶς
279 931 457 975 διδάσκει
474 932 646 988 ποιητήν
667 934 788 986 ἔρως,
817 930 895 988 κᾷν
916 931 1092 984 ε’ἱμουσος
1118 936 1145 985 ’ἡ
1166 931 1208 974 τὸ
1227 933 1336 985 πρὶν,
1364 930 1531 984 ἐνόησεν

70 985 132 1084 {tlt
146 996 198 1084 leLt
210 1003 330 1087 Xquae
359 997 591 1043 sequuntur.
655 991 787 1030 Nicias
825 990 1001 1030 Medicus
1033 974 1142 1043 apud
1168 989 1300 1028 Schol.
1329 989 1531 1030 Theocriti

117 1059 145 1098 ,Υ
257 1075 267 1086 ·
1177 1057 1181 1060 ’

288 1133 356 1172 Ην
373 1127 445 1184 ἄρ’
466 1129 618 1183 ἀληθὲς
635 1133 751 1172 τοῦτο
764 1161 774 1180 ,
806 1127 1013 1184 Θεόκριτε,
1044 1129 1086 1170 οἳ
1098 1127 1172 1183 γάρ
1196 1128 1362 1179 ἐρῶντες

289 1184 472 1229 Πολλάκι
489 1185 657 1240 ποιητὰς
677 1187 863 1236 ἐδίδαξαν
881 1184 974 1235 τούς
996 1185 1094 1239 πρὶν
1119 1181 1332 1238 οἷμούσους.

71 1270 150 1310 Sed
175 1285 254 1322 quo
276 1285 338 1311 me
357 1284 513 1324 cunque
532 1271 708 1323 recipio,
739 1272 868 1310 omnia
900 1269 1103 1321 conspicio
1124 1269 1276 1307 mendis
1307 1275 1347 1307 et
1365 1269 1529 1307 maculis

70 1327 286 1379 inquinata.
354 1328 458 1367 Ecce
489 1328 594 1368 enim
621 1334 662 1367 et
685 1327 781 1367 huic
808 1327 964 1368 medico
991 1325 1183 1365 medicina
1209 1325 1433 1365 adhibenda
1458 1333 1527 1365 est.

70 1383 330 1424 Scribendum
347 1391 407 1424 est
417 1414 428 1435 ,
456 1384 618 1437 inquam
627 1413 639 1436 ,

290 1491 342 1499 —
373 1491 424 1499 —
457 1490 506 1499 —
537 1467 604 1509 καὶ
626 1466 700 1521 γάρ
719 1472 878 1521 Ερωτες
1549 1488 1581 1522 0
1605 1487 1649 1522 22

287 1521 469 1566 Πολλάκι
486 1522 653 1578 ποιητάς
672 1525 857 1574 ἐδίδαξαν
876 1522 971 1572 τούς
993 1522 1090 1578 πρὶν
1112 1519 1329 1576 άμούσους.

180 1609 272 1659 Pag·
306 1612 398 1651 106.
429 1608 532 1662 Περὶ
553 1607 596 1650 δὲ
613 1612 686 1660 τῆς
709 1605 927 1659 Πασιφάης
950 1606 1107 1656 ἐξέθετο
1140 1607 1273 1659 δρᾶμα
1299 1602 1529 1656 Εὐριπίδης

70 1663 96 1705 ὅ
113 1660 298 1716 ποιητής.
356 1665 515 1703 Inanem
532 1694 542 1713 ,
572 1665 670 1703 mihi
699 1665 840 1714 crede,
870 1677 1032 1716 operam
1053 1663 1283 1715 sumpserit,
1315 1662 1384 1713 qui
1411 1662 1527 1700 Euri-

69 1720 175 1773 pidis
209 1720 426 1772 Pasiphaen
461 1721 677 1759 instituerit
705 1734 907 1773 quaerere.
976 1720 1064 1758 Non
1102 1726 1250 1758 temere
1286 1718 1376 1756 dico
1408 1724 1527 1768 atque

69 1776 252 1828 equidem
275 1783 381 1815 certe
400 1776 480 1814 seio
504 1778 695 1815 neminem
715 1790 765 1815 ex
788 1775 1047 1827 scriptoribus
1065 1777 1230 1815 vetustis
1248 1774 1368 1812 hodie
1384 1787 1527 1826 super-

70 1846 175 1881 esse,
205 1832 274 1884 qui
291 1833 372 1872 tale
391 1832 609 1884 quidquam
631 1835 839 1871 memoriae
867 1832 1086 1871 tradiderit.
1141 1830 1362 1882 Hesychius
1379 1837 1526 1878 tamen,

69 1886 239 1940 Σαρδῶ,
269 1889 343 1938 ait,
377 1889 420 1930 ἐν
439 1884 635 1945 Πασιφάῃ
663 1886 709 1929 τό
732 1885 940 1940 σαρδόνιον
959 1887 988 1940 ἦ
1017 1887 1187 1941 σφραγὶς
1211 1887 1373 1940 εἴρηται.
1408 1899 1526 1938 quem

70 1947 104 1983 si
133 1945 183 1986 ad
207 1945 457 1998 Euripideam
481 1945 654 1983 fabulam
680 1945 897 1996 respexisse
923 1945 1118 1996 quispiam
1145 1943 1338 1982 existimet
1347 1958 1358 1993 3
1389 1948 1525 1980 caveat:

68 2015 233 2054 moneo,
267 2008 305 2040 et
326 2002 607 2040 existimationi
625 2014 716 2039 suae
733 2001 892 2039 insidias
913 2001 1047 2052 parari
1063 2000 1218 2050 cogitet.
1275 1999 1414 2038 Alcaei
1433 1998 1525 2050 qui-

68 2058 162 2097 dem
191 2058 394 2098 comoedia
423 2057 616 2111 Pasiphae
644 2058 834 2110 inscripta
865 2064 944 2108 est,
973 2063 1020 2095 ut
1045 2057 1190 2095 scimus
1219 2069 1269 2094 ex
1300 2055 1523 2094 Didascalia

68 2114 174 2154 Pluti
200 2111 494 2167 Aristophanis:
535 2111 748 2166 Εδιδάχθη
777 2113 841 2155 ἐπὶ
876 2111 1064 2166 ἄρχοντος
1091 2108 1368 2165 Αντιπάτρου,
1405 2107 1522 2151 ἄντα-

68 2170 335 2225 γωνιζομένου
376 2167 487 2225 αὐτῷ
515 2169 767 2224 Νικοχάρους
804 2167 876 2223 μὲν
907 2166 1117 2220 Λάκωσιν,
1156 2167 1450 2221 Αριστομένους
1479 2167 1523 2206 δὲ

68 2223 266 2281 Λδμήτῳ,
298 2230 563 2278 Νικοφῶντος
591 2225 634 2267 δὲ
666 2224 866 2276 Λδώνιδι,
895 2227 1070 2267 Αλκαίου
1103 2223 1147 2266 δὲ
1180 2220 1388 2277 Πασιφάῃ.
1444 2222 1522 2260 Sed

68 2283 270 2335 Euripidis
299 2283 516 2336 Pasiphaen
547 2296 743 2334 nusquam
767 2283 950 2335 cuiquam
977 2281 1131 2321 laudari
1162 2282 1345 2332 reperies.
1412 2278 1521 2326 Quid

67 2339 189 2390 igitur
207 2339 304 2379 fiet'?
334 2341 437 2378 Num
453 2354 542 2378 nam
564 2338 858 2389 Antiochensis,
890 2353 979 2377 cum
1006 2338 1106 2377 haec
1128 2337 1338 2386 scriberet,
1365 2349 1520 2374 memo-

69 2396 171 2434 riola
201 2396 404 2435 vacillavit
434 2399 691 2450 γεροντικῶς,
732 2410 780 2434 an
810 2395 1018 2435 mendacio
1057 2400 1220 2432 conatus
1257 2398 1318 2433 est
1349 2390 1519 2430 fallere?

66 2453 207 2490 Utrum
228 2452 323 2491 libet
342 2466 434 2491 sane
455 2452 615 2501 fecerit,
644 2452 751 2490 haud
783 2452 991 2491 arbitrario
1019 2450 1246 2502 vapulabit:
1276 2456 1394 2500 atque
1417 2446 1515 2485 adeo

67 2507 218 2547 dudum
251 2514 326 2557 est,
365 2509 473 2560 quod
509 2508 794 2547 homunculum
827 2508 943 2547 video
974 2503 1098 2557 σκύτη
1130 2505 1299 2558 βλέπειν.
1367 2504 1518 2542 Verum

66 2564 201 2603 hercle
223 2577 444 2616 quanquam
474 2565 684 2603 admodum
712 2578 860 2616 nupera
891 2570 949 2602 est
973 2564 1076 2601 inter
1093 2576 1165 2600 nos
1186 2561 1348 2608 notitia3
1377 2573 1437 2598 me
1456 2566 1518 2597 ta-

66 2634 155 2658 men
174 2626 211 2658 et
232 2627 479 2672 precatorem
501 2620 663 2660 habebit
691 2627 729 2659 et
747 2621 991 2660 defensorem
1012 2625 1214 2671 paratum:
1245 2631 1334 2655 cum
1357 2622 1395 2655 et
1423 2616 1518 2653 alias

69 2677 213 2715 soleam
237 2689 320 2714 esse
353 2677 392 2715 in
421 2678 604 2716 amicitiis
632 2677 768 2716 fidelis.
827 2678 921 2714 Dico
957 2675 1078 2726 igitur
1106 2674 1336 2725 Euripidem
1363 2678 1515 2722 tragoe-

70 2732 174 2771 diam
207 2732 367 2784 quidem
394 2733 442 2771 de
465 2734 654 2786 Pasiphae
680 2735 921 2786 publicasse,
959 2731 1116 2769 minime
1142 2737 1270 2769 tamen
1298 2728 1516 2780 Pasiphaen

70 2788 332 2842 inscripsisse,
374 2789 444 2828 sed
471 2789 672 2830 Cretenses.
739 2790 818 2829 Nec
846 2795 890 2827 tu
909 2787 1005 2826 mihi
1032 2788 1081 2827 de
1103 2784 1306 2839 Κρήσσαις
1327 2783 1403 2823 hoc
1426 2797 1516 2836 per-
