1838 3230
437 165 1078 213 CHRONOGRAPHIA.
1134 166 1182 213 L.
1213 167 1290 212 XI.
1503 174 1604 223 273

114 285 294 331 ἐκέλευσε
312 283 547 342 βάλλεσθαι
568 284 661 343 ι’ίχρι
689 284 854 343 ἡμερῶν
883 284 921 330 λ’
956 286 1055 331 καθ’
1078 284 1253 345 ἑκάστην
1271 285 1423 343 νύκτα,
1459 287 1596 334 κελεύ-
1620 297 1651 332 Β

114 372 194 406 σας
217 356 289 399 καὶ
317 359 466 408 τοῦτο,
506 354 610 398 ὥστε
632 354 719 397 κατ’
747 354 838 406 ἔτος
856 360 915 415 τῷ
943 355 1056 415 αὐτῷ
1072 355 1209 416 χρόνῳ
1229 358 1416 414 γίνεσθαι
1435 356 1600 415 μνήμης

109 422 234 482 χάριν
255 428 330 480 τῆς
349 428 432 468 τῶν
449 427 627 481 Περσῶν
652 423 867 474 ἀπωλείας.
940 425 1060 468 ἅτινα
1086 428 1296 481 Δομνΐνος
1323 425 1344 470 ὅ
1361 426 1592 486 χρονογρά-

113 509 195 550 φος
217 490 520 550 συνεγράψατο.

77 570 101 606 5
209 561 278 604 Ἐν
309 565 368 620 τῷ
399 561 445 604 δὲ
473 560 695 618 διατρίβειν
717 561 790 604 τὸν
809 560 935 604 αὐτὸν
957 563 1167 619 Τραϊανὸν
1187 563 1362 617 βασιλέα
1381 565 1423 607 ἓν
1434 563 1590 609 Ἀντιο-

107 629 199 690 χείᾳ
225 633 301 686 τῆς
329 630 484 686 Συρίας
510 627 807 684 βουλευόμενον
843 630 896 673 τὰ
929 633 1019 687 περὶ
1059 636 1135 675 τοῦ
1175 632 1355 687 πολέμου
1390 631 1588 690 ἐμήνυσεν

107 697 236 741 αὐτὸν
277 695 542 755 Τιβεριανός,
596 696 755 755 ἡγεμών
788 703 863 741 τοῦ
892 698 1058 756 πρώτου
1091 704 1386 745 Παλαιστινῶν
1418 701 1583 756 ἔθνους,

106 771 254 810 ταῦτα.
313 760 604 824 Αὐτοκράτορι
624 771 766 824 νικητῇ
787 768 969 825 Καίσαρι
986 767 1191 827 θειοτάτῳ
1213 774 1419 830 Τραιανῷ.
1482 770 1584 815 (ἔπε’-

106 852 240 890 καμον
266 833 574 893 τιμωρούμενος
597 837 663 878 καὶ
685 834 867 893 φονεύων
899 837 997 887 τούς
1019 838 1268 889 Γαλιλαίους
1289 839 1387 888 τούς
1406 843 1480 882 τοῦ
1508 838 1583 884 δό-

49 915 95 950 10
105 920 262 961 γματος
289 909 374 948 τῶν
400 904 626 961 λεγομένων
656 909 902 961 χριστιανῶν
934 905 1039 948 κατὰ
1068 906 1120 949 τὰ
1148 904 1324 963 ὑμέτερα
1343 909 1581 962 θεσπίσμα-

102 989 156 1016 τα
173 986 183 997 ·
213 974 280 1015 καὶ
300 972 349 1016 οὗ
367 972 569 1016 παύονται
591 971 764 1023 ἑαυτοὺς
776 971 1000 1028 μηνύοντες
1018 976 1075 1025 εἷς
1093 974 1141 1018 τὸ
1161 974 1433 1031 ἀναιρεῖσθαι.
1478 975 1581 1020 ὅθεν

103 1041 303 1085 ἐκοπίασα
331 1039 495 1091 τούτοις
528 1046 737 1098 παραινῶν
768 1043 836 1084 καὶ
867 1041 1042 1086 ἀπειλῶν
1061 1044 1118 1099 μὴ
1140 1047 1298 1098 τολμᾶν
1326 1044 1477 1094 αὐτοὺς
1494 1063 1578 1100 μη-

101 1107 209 1153 νύειν
236 1127 308 1165 μοι
337 1107 599 1167 ὑπάρχοντας
627 1111 671 1152 ἐκ
702 1114 776 1153 τοῦ
802 1111 1093 1168 προειρημένου
1118 1110 1346 1168 δόγματος’
1382 1114 1448 1155 καὶ
1469 1112 1574 1157 άπο-
1600 1126 1630 1160 c

102 1175 339 1233 διωκόμενοι
357 1178 405 1222 οὗ
424 1177 637 1222 παύονται.
708 1180 905 1221 θεσπίσαι
930 1197 1001 1234 μοι
1023 1175 1094 1223 οὖν
1118 1179 1397 1232 καταξιώσατε
1417 1181 1470 1224 τὰ
1491 1200 1573 1224 πα-

45 1255 90 1292 15
101 1245 324 1303 ριστάμενα
347 1251 404 1306 τῷ
427 1245 610 1306 ὑμετέρῳ
630 1245 764 1303 κράτει
786 1246 1058 1307 τροπαιούχῳ.
1129 1251 1196 1292 καὶ
1229 1250 1432 1293 ἐκέλευσεν
1460 1250 1574 1310 αὐτῷ

100 1314 123 1360 ὅ
152 1316 279 1367 αὗτός
322 1316 529 1372 Τραϊανὸς
567 1313 813 1359 παύσασθαι
851 1321 924 1359 τοῦ
960 1315 1142 1374 φονεύειν
1173 1318 1270 1368 τούς
1292 1317 1569 1375 χριστιανούς.

97 1382 250 1439 ὅμοίως
266 1385 312 1428 δὲ
330 1387 398 1428 καὶ
418 1392 506 1435 τοῖς
524 1389 734 1439 πανταχοῦ
753 1384 926 1441 ἄρχουσι
946 1390 1070 1429 τοῦτο
1093 1387 1284 1439 ἐκέλευσε,
1303 1387 1362 1442 μὴ
1387 1385 1570 1444 φονεύειν
1595 1396 1627 1430 O
1651 1398 1721 1434 357

96 1458 172 1497 τοῦ
201 1457 348 1497 λοιποῦ
385 1453 484 1503 τούς
515 1453 754 1510 λεγομένους
779 1452 1055 1511 χριστιανούς.
1126 1457 1193 1498 καὶ
1234 1455 1385 1511 ἐγένετο
1416 1455 1574 1507 ἔνδοσις

92 1522 220 1580 μικρὰ
241 1529 328 1572 τοῖς
345 1528 608 1579 χριστιανοΐς.
1382 1558 1385 1561 ,

39 1597 87 1633 20
198 1593 284 1634 Καὶ
304 1593 473 1646 ἐξῆλθεν
494 1591 575 1634 ἀπὸ
589 1591 834 1645 Ἀντιοχείας
849 1594 924 1646 τῆς
939 1589 1117 1647 μεγάλης
1134 1589 1312 1646 πόλεμον
1332 1591 1437 1635 κατὰ
1453 1595 1568 1649 Περ-

96 1662 183 1702 σῶν
200 1657 368 1715 κινήσας
387 1657 408 1702 ὃ
427 1659 552 1710 αὐτὸς
577 1657 802 1716 Τραϊανός·
839 1661 906 1701 καὶ
927 1661 1106 1715 ἐνίκησεν
1124 1659 1277 1710 αὐτοὺς
1292 1659 1397 1702 κατὰ
1416 1659 1569 1718 κράτος

94 1731 155 1785 τῷ
183 1725 326 1786 τρόπῳ
357 1725 504 1787 τούτῳ.
574 1727 727 1781 μαθὼν
758 1726 820 1770 ὅτι
850 1729 1137 1784 ὃιαφθονεΐται
1167 1745 1224 1787 τῳ
1254 1730 1562 1787 Σανατρουκίῳ,

93 1799 260 1851 βασιλεῖ’
272 1798 463 1854 Περσῶν,
489 1793 511 1839 ὅ
531 1795 634 1846 ἴδιος
657 1795 785 1838 αὐτοῦ
805 1794 1027 1854 ἐξάδελφος
1044 1795 1434 1855 Παρθεμασπάτης,
1460 1797 1564 1852 πὲμ-

187 1919 220 1954 1.
245 1914 442 1963 βάλευ-θαι]
466 1917 570 1960 ‚‚Scr.
594 1914 814 1964 βάλλεσθαιε
829 1917 948 1961 serirt',
970 1915 1042 1953 sive
1062 1917 1236 1963 pulsari.“
1258 1917 1325 1952 Ch.
1400 1917 1462 1954 15-
1479 1929 1564 1962 τρο·

183 1961 354 2011 παιούχῳ
376 1965 461 2008 Ch.,
485 1966 727 2012 τροπαιοῦχοι
748 1965 816 1999 Ox.

91 2077 184 2114 pana
206 2066 309 2102 etiam
342 2067 472 2114 pulsari
491 2067 614 2112 jussit,
651 2067 790 2114 singulis
819 2067 995 2110 noctibus,
1029 2078 1094 2114 per
1116 2077 1185 2100 xxx
1216 2065 1306 2103 dies:
1346 2066 1435 2102 idem
1459 2068 1561 2103 etiam

90 2124 204 2148 nense
235 2114 302 2149 hoc
359 2114 516 2149 uotannis
548 2113 626 2148 fieri
657 2115 838 2156 mandans,
883 2115 1060 2149 Persarum
1091 2112 1275 2148 occisorum
1298 2115 1334 2148 in
1356 2113 1560 2149 memoriam.

90 2159 189 2194 Haeo
211 2165 324 2195 autem
381 2160 530 2195 omninus
553 2160 844 2206 chronographus
873 2159 981 2194 literis
1003 2158 1170 2205 prodidit.

181 2204 321 2240 Interim
346 2218 440 2248 vero,
464 2206 541 2241 dum
564 2206 735 2251 'l'rajanus
759 2205 960 2241 Antiochiae
981 2205 1106 2251 Syriae
1128 2206 1411 2247 commorabatur,
1436 2206 1480 2240 de
1502 2216 1559 2239 re-

90 2250 154 2286 bus
168 2250 251 2286 belli
271 2251 442 2287 consilium
460 2252 605 2297 agitans,
625 2264 646 2286 a
666 2253 869 2294 Tiberiano,
893 2251 1107 2294 Palaestinae
1116 2251 1252 2286 Primae
1262 2252 1459 2293 Praefecto,
1478 2251 1558 2285 lite-

91 2307 149 2331 m
166 2297 310 2343 accepit,
334 2298 426 2333 hisce
448 2298 562 2333 verbis
584 2299 740 2345 scriptas.
789 2297 1024 2343 „Imperatori
1041 2297 1185 2339 invicto,
1210 2297 1363 2339 Caesari,
1388 2295 1559 2331 divinissi-

90 2351 146 2376 Ιιο
159 2341 327 2388 Trajauo.
374 2344 573 2379 Mandatum
590 2351 750 2386 vestrum,
775 2343 817 2378 de
836 2343 1009 2390 puniendis
1023 2343 1202 2385 Galilaeis,
1226 2342 1286 2388 qui
1303 2342 1399 2377 nobis
1416 2341 1559 2376 veniunt

91 2387 154 2422 ml)
173 2388 306 2424 nomine
330 2390 613 2432 Christianorum,
640 2396 801 2435 quantum
824 2389 860 2424 in
883 2402 935 2425 me
959 2393 1028 2431 est,
1053 2389 1212 2424 effectum
1235 2388 1328 2423 dedi.
1374 2389 1422 2422 At
1444 2388 1480 2422 hi
1503 2400 1559 2421 se-

91 2443 130 2467 se
152 2432 241 2468 ultro
264 2446 301 2470 su
329 2435 438 2481 pliciis
474 2441 510 2471 et
538 2435 638 2471 morti
661 2437 809 2471 deduntz
854 2441 890 2472 et
912 2436 1032 2470 multus
1054 2435 1135 2470 licet
1163 2434 1284 2469 fuerim
1308 2431 1558 2468 hortationibus

91 2482 129 2513 et
150 2477 266 2522 minis,
288 2446 374 2515 iliud
397 2493 523 2537 agens,
546 2487 584 2517 ut
607 2493 628 2516 a
650 2494 686 2517 se
708 2482 789 2517 mihi
813 2481 986 2528 prodendo
1006 2493 1064 2529 eos
1087 2481 1314 2533 deterrerem-3
1340 2480 1483 2533 ‘frustra-
1500 2482 1558 2512 ta-

89 2534 178 2578 men·
197 2524 358 2562 hactenus
387 2528 449 2563 fun.
495 2528 564 2563 Vos
595 2528 712 2574 itaque
730 2528 832 2573 juxta
855 2539 896 2563 ac
919 2526 1098 2572 Majestati
1120 2526 1160 2560 V.
1187 2525 1431 2562 Invictissimae
1450 2535 1558 2559 Vlsum

90 2570 214 2623 fuerit,
238 2569 282 2606 de
302 2571 352 2606 his
375 2574 475 2608 rebus
498 2574 729 2610 decernatis-‘⁶
774 2573 896 2608 Edixit
919 2579 1032 2608 autem
1055 2573 1225 2616 Trajanus
1249 2570 1451 2612 Tiberiano,
1475 2581 1558 2604 cae-

89 2620 243 2660 teraque
271 2616 481 2661 Praefectis3
526 2619 577 2654 uti
599 2620 634 2654 in
658 2622 829 2665 posterum
864 2631 885 2654 a
909 2619 1181 2654 Christianorum
1213 2615 1374 2650 caedibus
1407 2615 1558 2650 abstine-

89 2665 188 2740 Eesstie
209 2660 349 2715 ‘exinde
370 2665 490 2711 itaque
520 2665 727 2712 aliquantum
757 2665 919 2712 temporis
942 2677 963 2701 a
986 2662 1232 2700 calamitatibus
1254 2660 1322 2696 suis
1345 2661 1559 2708 respirarunt

175 2707 288 2741 suani.
500 2726 504 2733 =

180 2752 350 2797 Trajanus
366 2758 477 2790 autem
493 2756 673 2792 Antiochia
697 2757 893 2799 discedens,
918 2760 1040 2792 contra
1060 2755 1190 2789 Persas·
1207 2763 1300 2788 arma
1322 2751 1447 2793 movit;
1472 2762 1555 2797 quos

87 2797 151 2831 tali
172 2804 357 2834 commento
382 2801 512 2845 penitus
541 2803 750 2848 profligavit.
797 2805 933 2838 Graves
955 2800 1217 2836 intercedebant
1246 2798 1444 2833 inimicitiae
1466 2797 1557 2832 inter

86 2844 340 2888 Smatrucium,
363 2845 545 2883 Persarum
567 2859 698 2895 regem,
720 2853 757 2885 et
779 2849 967 2896 patruelem
992 2848 1064 2891 ejus
1087 2846 1411 2891 Parmemaspatem.
1460 2843 1556 2878 Tra-

143 2897 290 2934 locmnes
325 2898 492 2935 Malatas.
1228 2897 1247 2935 1
1255 2896 1281 2935 8
