1838 3230
414 173 1034 221 cHRONoGRAPmA.
1092 172 1140 218 L.
1166 171 1284 221 xm.
1483 144 1586 225 519

105 303 190 344 τῶν
210 297 446 354 Ἀντιοχέων
463 294 641 356 πριότοις
669 293 830 352 κόμητα
849 294 1052 351 ἀνατολῆς
1073 294 1136 338 ἰπὶ
1152 297 1227 349 τῆς
1242 291 1585 344 ὗπατειάςἺλλου

106 370 175 412 καὶ
201 368 415 423 Ἀλβίνου,
451 364 627 423 ποιήσας
657 365 770 424 αὐτῷ
798 362 1048 422 πραιτώριον
1067 363 1114 408 τὸ
1137 363 1246 421 ἱερὸν
1269 368 1352 407 τῶν
1377 366 1583 417 ΖΙίΙουσῶν,

105 425 355 496 πληροῦντα
377 437 451 481 τὸν
483 434 610 480 τόπον
641 435 683 478 ἓν
710 438 763 492 τῇ
795 433 976 491 ἀνατολῇ
995 437 1069 476 τοῦ
1090 430 1268 489 ἐπάρχου
1294 437 1379 476 τῶν
1399 449 1584 490 πραιτω-

108 507 229 563 ρίων,
275 503 449 562 ὄνόματι
493 503 741 561 Φηλικιανὸν
777 500 1040 559 χριστιανόν,
1086 500 1360 560 χαρισάμενος
1391 507 1444 560 τῇ
1476 501 1584 560 αὐτῇ

74 572 223 635 sudis}
246 579 330 620 τῶν
352 573 591 629 Ἀντιοχέων
619 572 687 616 διὰ
718 573 836 615 θειόυ
866 571 995 615 αὐτοῦ
1025 569 1157 615 τύπου
1187 569 1442 627 δικαιώματα
1465 571 1584 622 ἀξίας

105 643 298 702 δευτέρου
320 641 571 698 κομετάτου,
606 646 681 685 τοῦ
701 639 792 698 τπγ’
815 640 933 691 ἔτους
947 642 1271 698 χρηματίζοντος
1291 640 1396 683 κατὰ
1416 640 1490 695 τὴν
1505 657 1580 695 με·
1605 648 1638 684 C

103 711 232 770 γάλην
252 717 335 757 τῶν
348 711 585 768 Ἀντιοχέων
607 708 738 754 πόλιν.
813 710 888 753 οὐκ
908 706 959 766 ἦν
978 710 1057 767 γὰρ
1079 708 1221 769 πρῴην
1247 711 1288 752 ἓν
1308 714 1359 767 τῇ
1384 708 1490 767 αὐτῇ
1508 726 1583 764 με-

102 780 210 839 γάλῃ
233 781 454 842 Ἀντιοχείᾳ
480 779 610 837 κόμης
637 779 842 834 ἀνατολῆς
865 777 1112 836 ἐγκάθετος,
1149 778 1256 822 ἀλλὰ
1278 779 1381 822 κατὰ
1405 777 1583 833 πόλεμον

105 849 339 905 κινούμενον
356 848 602 907 δηληγάτωρ
622 847 804 904 ἐκάθητο
826 849 868 891 ἓν
882 848 1105 909 Ἀντιοχείᾳ
1123 853 1198 903 τῆς
1219 848 1389 904 Συρίας,
1427 850 1494 890 καὶ
1515 846 1583 891 ὅτε

49 928 95 963 10
105 917 272 975 ἐπαύθη
291 917 313 963 ὅ
334 918 526 974 πόλεμος,
548 920 780 975 ἒκουφίζετο
799 915 820 961 ὃ
842 915 1098 974 δηληγάτωρ.
1138 915 1160 960 ὃ
1182 918 1227 960 δὲ
1245 916 1440 972 βασιλεὺς
1457 919 1583 959 Κων-

103 995 319 1039 σταντῖνος
339 990 512 1045 ἐξῆλθεν
535 987 615 1031 ἀπὸ
629 987 887 1042 Ἀντιοχείας,
911 985 1038 1037 ε’άσας
1053 986 1268 1044 Ῥουφῖνον
1287 985 1359 1029 τὸν
1376 985 1553 1042 ἔπαρχον
1569 999 1580 1009 ·

103 1055 218 1108 ὅστις
243 1055 456 1114 Ῥουφῒνος
487 1054 730 1106 σπουδάσας
758 1054 1018 1115 ἀνεπλήρωσε
1044 1056 1121 1112 τὴν
1149 1052 1387 1112 βασιλικήν·
1425 1057 1492 1099 καὶ
1511 1053 1579 1098 διὰ

101 1130 226 1170 τοῦτο
247 1125 403 1182 ἐκλήθη
424 1125 450 1183 ἡ
467 1125 695 1183 Ῥουφίνου.

201 1192 251 1239 Ὁ
272 1196 317 1239 δὲ
339 1195 532 1250 βασιλεὺς
550 1198 864 1244 Κωνσταντΐνος
883 1192 1039 1248 ἔπεμψε
1060 1193 1135 1250 τὴν
1153 1191 1302 1236 ἑαυτοῦ
1325 1192 1485 1250 μητέρα
1505 1191 1580 1249 τὴν
1603 1201 1637 1236 O
1661 1201 1685 1238 5

47 1271 92 1307 15
103 1261 234 1320 κόραν
257 1262 421 1321 Ἑλένην
449 1266 507 1315 εἰς
531 1262 796 1320 Ἰεροσόλυμα
827 1265 884 1313 εἷς
910 1260 1156 1319 ἀναζήτησιν
1183 1266 1258 1305 τοῦ
1288 1263 1424 1317 τιμίου
1448 1279 1579 1305 σταυ-
1650 1252 1656 1258 ⁷

103 1337 202 1391 ροῦ·
236 1332 328 1388 ἥτις
356 1335 424 1377 καὶ
454 1331 631 1390 εὑροῦσα
660 1331 834 1388 ἀνήγαγε
861 1332 934 1375 τὸν
962 1332 1087 1375 αὐτὸν
1111 1333 1243 1387 τίμιον
1264 1331 1446 1388 σταυρὸν
1472 1331 1578 1387 μετὰ

101 1406 185 1446 τῶν
222 1402 336 1446 πέντε
375 1401 509 1459 ἥλων·
554 1403 622 1445 καὶ
659 1399 825 1458 ηὐξήθη
861 1402 904 1453 ἐξ
944 1401 1095 1445 ἐκείνου
1127 1401 1179 1444 τὰ
1215 1405 1300 1445 τῶν
1327 1405 1576 1459 χριστιανῶν
1599 1405 1633 1441 D

99 1468 250 1514 πάντα.

197 1537 246 1583 Ὁ
264 1539 310 1582 δὲ
330 1538 456 1590 αὐτὸς
472 1538 666 1594 βασιλεὺς
688 1540 756 1582 καὶ
777 1539 918 1596 τρίτην
937 1539 1223 1595 Παλαιστίνην
1244 1538 1430 1595 ἐποίησεν
1450 1539 1579 1596 ἔπαρ-

43 1608 207 1664 Ξοχίαν.
278 1610 346 1651 καὶ
380 1609 443 1651 ἐπὶ
465 1613 539 1664 τῆς
562 1608 692 1651 αὐτοῦ
713 1610 924 1662 βασιλείας
943 1609 1199 1663 ε’νεκαινίσθη
1222 1605 1270 1651 τό
1295 1625 1393 1651 ποτε
1416 1606 1580 1661 Βυζάν-

99 1694 186 1720 τιον
221 1676 285 1720 ἐπὶ
312 1680 387 1732 τῆς
414 1675 613 1727 ὑπατείας
642 1679 683 1719 Γ
680 1681 874 1721 αλλιανοῦ
900 1679 966 1720 καὶ
995 1675 1250 1732 Συμμάχου,
1287 1681 1362 1719 τοῦ
1383 1676 1512 1720 αὐτοῦ
1534 1677 1580 1719 δὲ

99 1746 302 1801 βασιλέως
319 1747 638 1789 Κωνσταντίνου
656 1744 904 1801 ποιήσαντος
922 1743 1147 1802 πρόκεσσον
1171 1747 1236 1788 ἐπὶ
1260 1746 1389 1788 πολὺν
1405 1744 1573 1802 χρόνον,

100 1814 182 1858 ἀπὸ
209 1812 369 1870 Ῥώμης
398 1813 596 1866 ἐλθόντος
627 1814 668 1858 ἔν
692 1819 750 1875 τῷ
771 1816 1010 1881 Βυζαντίῳ]
1047 1813 1159 1866 ὅστις
1177 1816 1244 1857 καὶ
1263 1814 1311 1858 τὸ
1332 1813 1474 1875 πρῴην
1492 1820 1575 1859 τεῒ-

114 1930 117 1932 ’
191 1937 225 1972 4.
253 1935 465 1974 Φιλικιανόν
489 1937 571 1979 Ox.‚
594 1936 715 1971 Pollux
739 1948 774 1982 p.
798 1935 878 1973 274.
973 1937 1028 1973 15.
1052 1933 1171 1982 πυράν
1195 1936 1263 1971 Ox.
1354 1938 1412 1973 20.
1435 1934 1574 1973 ἐνεκαι-

191 1984 307 2030 νίσθη
328 1984 418 2027 ch„
439 1982 684 2030 α’νεκαινίσθη
708 1983 776 2020 ΟΧ.
867 1985 925 2021 21.
950 1984 1182 2029 Γαλλιανοῠ]
1207 1984 1437 2020 Palmum-023
1460 1983 1526 2020 ch.

98 2087 280 2124 Praefecti
302 2087 487 2124 Praetorio
510 2088 621 2122 locum
643 2091 791 2130 teneret,
815 2087 991 2123 constituit
1012 2087 1253 2129 Christianum,
1276 2086 1410 2122 nomine
1426 2087 1575 2122 Felicia-

99 2146 197 2171 numt
235 2135 291 2170 cui
315 2134 438 2179 etiam,
467 2133 504 2168 in
527 2134 743 2169 Praetorium
768 2134 801 2169 ei
824 2139 863 2169 ut
885 2139 994 2177 esset,
1022 2135 1197 2169 Musarum
1220 2134 1350 2168 Fanum
1375 2133 1572 2179 assignavit.

99 2181 243 2217 Factum
274 2183 342 2217 hoc
371 2181 435 2216 Illo
467 2186 505 2215 et
537 2180 660 2216 Albino
694 2180 789 2216 Coss.
838 2181 1015 2216 Concessis
1047 2181 1150 2216 etiam
1180 2180 1482 2223 Antiochensibus,
1517 2180 1573 2214 di-

97 2226 178 2262 vino
200 2227 422 2274 Imperatoris
446 2239 488 2262 ex
511 2226 660 2269 Edicto,
697 2227 877 2272 Dignitate
901 2239 943 2262 ac
964 2228 1047 2263 Jure
1070 2226 1258 2262 Comitatus
1279 2227 1447 2269 Secundi,
1482 2237 1569 2261 anno

98 2274 208 2309 Aerae
231 2274 464 2309 Antiochenae
488 2285 716 2315 cccnxxx1113
742 2286 817 2309 cum
839 2279 921 2309 ante
943 2274 1026 2309 illud
1048 2278 1180 2320 tempus
1197 2273 1347 2307 Orientis
1364 2273 1485 2308 Comes
1504 2274 1573 2307 An-

98 2318 248 2355 fiochiae
271 2320 423 2366 Magnae
445 2320 558 2355 sedem
580 2332 674 2363 suam
698 2331 764 2355 non
787 2320 965 2356 babuerit:
994 2321 1053 2355 sed
1077 2326 1169 2355 moto
1194 2319 1307 2364 aliquo
1333 2319 1442 2361 bello,
1466 2319 1574 2353 Dele-

99 2369 200 2412 gatn⁸
220 2366 270 2401 ibi
293 2377 356 2413 pro
379 2373 536 2413 tempore
556 2366 720 2408 sedebat3
744 2378 814 2413 quo
837 2366 956 2410 finito,
981 2367 1083 2402 desiit
1106 2369 1142 2400 et
1165 2367 1236 2410 ejus
1259 2365 1450 2410 Delegatio.
1478 2365 1574 2398 Con-

99 2411 266 2448 stantiana
288 2418 400 2448 autem
422 2413 634 2458 Imperator,
657 2413 841 2448 Antiochia
862 2413 1059 2456 discedens,
1098 2412 1256 2447 Rufinum
1280 2411 1328 2445 ibi
1354 2412 1574 2446 Praefectum

99 2456 259 2502 reliquit=
297 2459 377 2504 qui,
413 2459 529 2494 sedulo
554 2471 692 2505 operam
725 2471 817 2494 suam
840 2459 1056 2505 impendens,
1092 2458 1272 2494 Basilicam
1305 2457 1464 2492 absolvit.
1512 2456 1572 2491 Ob

100 2503 189 2538 haue
207 2504 327 2550 itaque
349 2516 505 2547 causam,
529 2506 650 2550 Rufini
672 2507 830 2541 Basilica
850 2512 976 2541 vocata
999 2510 1060 2541 est.

190 2548 286 2585 Iden
307 2550 545 2586 Constantinus
569 2552 759 2597 Imperator
782 2556 921 2588 matrem
941 2564 1054 2594 suam,
1076 2550 1251 2586 Dominam
1274 2548 1458 2590 Helenam,
1481 2547 1569 2582 Hie-

100 2594 284 2639 rosolyma
313 2597 423 2640 misit,
460 2597 504 2632 ad
535 2598 777 2643 exquirendam
800 2599 947 2634 Crucem
972 2598 1231 2632 venerabilem:
1271 2606 1373 2640 quam
1404 2605 1472 2628 una
1493 2605 1569 2629 cum

126 2641 254 2686 uiaque
285 2641 390 2677 clavis
422 2647 617 2690 repertam,
657 2644 791 2680 Helena
811 2644 892 2681 inde
928 2643 1131 2691 reportavit.
1191 2643 1246 2677 Ex
1270 2653 1311 2676 eo
1334 2646 1490 2687 tempore
1511 2652 1569 2675 res

131 2685 368 2723 hristianorum
389 2690 505 2725 melius
527 2702 564 2725 se
585 2690 694 2726 indies
715 2691 877 2726 habuere.
1301 2715 1307 2719 -

190 2732 285 2767 Idem
325 2732 516 2779 Imperator
559 2737 696 2772 tertiam
746 2748 885 2792 quoque
926 2735 1155 2772 Palaestinam
1202 2731 1419 2768 Provinciam
1471 2732 1567 2767 fecit.

98 2778 210 2823 Hujus
232 2778 335 2814 etiam
364 2781 428 2814 sub
449 2781 596 2827 Imperio
618 2783 822 2828 Byzantlum
853 2783 1043 2818 instaurata
1065 2786 1135 2822 est,
1171 2779 1331 2814 Gallieno
1355 2784 1392 2814 et
1413 2779 1568 2825 Symma-

99 2825 165 2859 cho
197 2825 293 2859 Coss.
350 2824 436 2860 cum
467 2828 554 2862 enim
577 2827 786 2874 Imperator,
824 2840 986 2876 processu
1010 2828 1054 2862 ad
1084 2827 1219 2871 longum
1242 2829 1372 2871 tempus
1393 2830 1566 2871 suscepto,

98 2869 303 2916 Byzantium
324 2871 434 2907 Roma
454 2873 631 2920 profectus
653 2880 763 2919 esset3
798 2881 952 2911 veterem
974 2873 1066 2909 urbis
1089 2883 1237 2916 murum,
1273 2871 1361 2920 Byzi
1383 2882 1491 2919 opus,
1513 2871 1566 2906 in-
