1838 3230
453 135 1102 181 CHRONOGRAPHIA.
1158 137 1209 179 L.
1242 137 1293 180 V.
1521 142 1616 188 133

62 298 64 302 ,
133 253 432 315 ὅπερπόνημα
459 256 565 312 μετὰ
592 255 725 305 πολλὰ
760 253 830 311 ἴτη
856 253 1041 313 Ὁμήρου
1076 258 1144 300 καὶ
1180 257 1419 314 Βεργιλλίου
1454 255 1615 316 ηὖρέθη

136 326 203 369 ἐπὶ
219 327 435 379 Κλαυδίου
454 325 649 383 Νέρωνος
663 325 867 379 βασιλέως
886 325 929 368 ἓν
949 326 1140 384 κιβωτίῳ.

234 392 295 438 ‘H
318 396 364 441 δὲ
387 392 766 451 Κλυταιμνήστρα,
810 392 838 449 ἧ
868 394 968 450 γυνὴ
998 399 1074 438 τοῦ
1101 394 1425 452 Ἀγαμέμνονος,
1471 393 1626 455 πρῴην,

135 461 352 508 ἀκούσασα
370 463 440 507 διὰ
457 463 530 506 τὸν
547 461 698 518 ἑαυτῆς
729 462 864 520 ἄνδρα
898 461 961 506 ὅτι
991 463 1067 520 τὴν
1085 461 1342 522 Κασάνδραν
1368 467 1500 522 φιλεῖ,
1525 515 1526 518 ¹
1545 466 1622 507 καὶ·

101 531 332 591 5ἇφορμὴν
361 530 576 590 εὗρηκυῖα,
615 531 788 575 δέδωκεν
810 529 960 588 ἑαυτὴν
977 534 1033 583 εἷς
1049 533 1233 588 μοιχείαν
1251 537 1311 592 τῷ
1333 533 1529 592 Αῖγίσθῳ
1550 539 1610 592 τῷ
1633 543 1663 577 V
1687 544 1733 580 56

135 605 412 661 συγκλητικῷ,
449 601 527 660 υἱῷ
547 605 621 644 τοῦ
647 600 849 644 Θυέστου.
921 603 987 644 καὶ
1008 599 1225 645 ἀκούσασα
1243 602 1318 658 τὴν
1338 606 1412 646 τοῦ
1437 602 1611 660 Ἀγαμέ-

133 687 286 726 μνονος
313 670 545 725 μέλλουσαν
569 670 634 712 ε’πὶ
657 669 734 726 τὴν
755 671 1016 726 Μυκηναίων
1036 673 1292 728 παρουσίαν,
1333 669 1609 726 ἐβουλεύσατο

132 739 239 794 μετὰ
264 743 340 783 τοῦ
369 740 582 796 Αἰγίσθου
617 743 706 789 πῶς
734 738 884 796 ὀφείλει
915 736 1025 799 δόλῳ
1060 744 1317 797 φονευθῆναι
1343 738 1560 798 ἐρχόμενος
1588 741 1610 784 ὃ

127 807 390 864 Ἀγαμέμνων
417 806 496 851 ὑπὸ
517 812 592 851 τοῦ
613 807 841 865 Αἰγίσθου.
913 810 981 852 καὶ
1008 807 1363 866 καταφθάσαντος
1387 814 1461 852 τοῦ
1486 808 1610 866 Ἀγα-

78 889 124 925 10
132 877 334 933 μέμνονος
351 878 393 920 ἓν
412 881 463 935 τῇ
482 878 741 933 Μυκηναίων
762 875 875 920 πόλει
888 910 902 930 ,
941 879 1008 920 καὶ
1028 878 1246 932 δεχθέντος
1263 875 1343 920 ὑπὸ
1361 881 1436 933 τῆς
1454 875 1610 929 πόλεως

75 979 78 983 .
131 947 202 990 καὶ
223 950 298 1002 τῆς
316 943 545 1002 συγκλήτου
565 948 633 989 καὶ
654 950 728 989 τοῦ
751 947 963 1002 Αἰγίσθου
971 980 986 1000 ,
1023 946 1220 990 εἷσελθών
1239 949 1296 996 εἷς
1317 946 1364 988 τὸ
1393 946 1497 989 ἴδιον
1526 966 1608 990 πα-

132 1011 275 1059 λάτιον
315 1013 488 1072 ἐσφάγη.
561 1016 628 1058 καὶ
677 1016 862 1070 ἐποίησεν
907 1015 1064 1065 εὐθέως
1091 1013 1119 1071 ἦ
1148 1015 1249 1072 γυνὴ
1279 1014 1408 1058 αὐτοῦ
1435 1017 1609 1069 βασιλέα

131 1083 204 1127 τὸν
235 1084 469 1141 Αἴγισθον,
507 1085 574 1126 καὶ
611 1082 803 1140 ἐγαμήθη
835 1083 949 1143 αὐτῷ
979 1082 1108 1144 νόμῳ.
1177 1085 1246 1126 καὶ
1272 1083 1386 1138 ἴσχεν
1412 1085 1456 1135 ἐξ
1478 1085 1606 1127 αὐτοῦ

129 1153 369 1210 θυγατέρα,
406 1151 458 1208 ἢν
487 1150 673 1196 ἐκάλεσεν
699 1150 926 1208 Ἐνιγόνην·
962 1150 1053 1208 ἣτις
1080 1151 1186 1207 μετὰ
1216 1150 1406 1196 θάνατον
1429 1158 1504 1196 τοῦ
1524 1172 1607 1197 πα-

75 1229 122 1266 15
133 1221 230 1279 τρὸς
262 1223 331 1265 καὶ
365 1226 440 1277 τῆς
475 1221 633 1278 μητρὸς
666 1225 903 1279 φοβηθεῖσα
938 1221 1011 1265 τὸν
1040 1221 1239 1278 Ὀρέστην
1274 1220 1424 1277 ἑαυτὴν
1457 1221 1608 1281 ἀγχόνῃ

128 1289 301 1348 ἀναιρεῖ.
367 1288 394 1346 ἦ
433 1290 479 1333 δὲ
509 1287 734 1346 σύγκλητος
767 1292 835 1332 καὶ
863 1288 889 1346 ἦ
932 1287 1050 1341 πόλις
1083 1292 1151 1333 καὶ
1194 1289 1216 1334 ὅ
1258 1290 1437 1350 στρατὸς
1479 1293 1606 1346 ἐμίσει
1631 1299 1665 1335 Ο
1691 1302 1758 1338 169

127 1359 202 1403 τὸν
219 1359 451 1416 Αἴγισθον·
489 1357 669 1409 ἀκούσας
688 1360 733 1402 δὲ
755 1357 775 1402 ὃ
793 1359 1011 1416 Ὀρέστης,
1051 1357 1072 1402 ὅ
1090 1363 1164 1403 τοῦ
1179 1360 1477 1417 Ἀγαμέμνονος
1498 1360 1600 1415 υἱός,
1626 1369 1656 1404 Β

126 1427 204 1483 τὴν
229 1431 304 1471 τοῦ
329 1429 436 1470 ἰδίου
453 1428 610 1485 πατρὸς
635 1429 698 1470 ἐπὶ
716 1427 790 1483 τὴν
808 1430 1068 1485 Μυκηναίων
1090 1426 1207 1472 πόλιν
1234 1430 1465 1486 παρουσίαν
1477 1463 1490 1482 ,
1530 1426 1606 1485 ἦλ-

127 1501 207 1540 θεν
227 1496 308 1540 ἀπὸ
327 1501 402 1540 τοῦ
420 1498 643 1551 Σχοινέως,
680 1491 792 1556 ᾧτινι
812 1496 958 1540 ἴδωκεν
989 1497 1115 1540 αὐτὸν
1149 1498 1309 1552 με’λλων
1338 1499 1402 1539 ἐπὶ
1432 1498 1503 1540 τὸν
1527 1497 1602 1541 πό-

71 1569 253 1620 Ξολεμον
293 1566 430 1610 ἐλθεῖν
464 1563 485 1610 ὅ
518 1565 782 1622 Ἀγαμέμνων
817 1565 1105 1623 ἄνατραφῆναι
1145 1563 1210 1608 ὕπ’
1243 1567 1371 1609 αὐτοῦ
1407 1568 1474 1608 καὶ
1505 1585 1602 1609 παι-

127 1636 340 1690 δευθῆναι.
411 1636 479 1677 καὶ
512 1638 702 1689 λαβοῦσα
733 1634 860 1678 αὐτὸν
889 1633 1092 1692 ἡάδελφὴ
1128 1635 1256 1678 αὐτοῦ
1282 1633 1422 1691 κρύφα
1456 1635 1604 1685 ἐξεῖπεν

127 1703 243 1762 αὐτῷ
265 1701 327 1745 ὅτι
349 1700 587 1756 βουλεύεται
608 1701 629 1745 ὅ
649 1703 859 1758 Αἴγισθος
881 1703 1032 1746 ἀνελεῖν
1054 1701 1194 1747 αὐτόν.
1265 1704 1333 1745 καὶ
1353 1706 1604 1758 βουλευομέ-

126 1788 202 1815 νου
223 1775 298 1815 τοῦ
314 1770 512 1828 Ὀρέστου
534 1772 576 1814 τί
591 1773 655 1814 δεῖ
669 1771 794 1815 αὐτὸν
811 1774 987 1830 πρᾶξαι,
1023 1773 1066 1815 ἐν
1085 1776 1143 1831 τῷ
1164 1772 1317 1827 μεταξὺ
1338 1773 1604 1829 παραγίνεται

219 1866 276 1905 14.
312 1865 527 1914 Ἐνιγόνην]
551 1869 701 1914 „Lego,
719 1866 934 1915 Ἐριγόνηυε
958 1869 1009 1904 ita
1033 1869 1120 1904 enirn
1144 1880 1218 1904 eam
1242 1872 1345 1905 vocat
1367 1869 1487 1914 Dictys
1510 1870 1601 1904 Cre-

219 1914 336 1958 tensis,
359 1915 448 1950 unde
472 1915 537 1950 ista
559 1915 736 1962 desumpta
757 1928 880 1961 magna
897 1928 941 1951 ex
959 1919 1060 1961 parte
1079 1916 1280 1952 videntur.“
1303 1917 1369 1951 Ch.
1415 1916 1492 1951 Hoc
1514 1916 1599 1951 scri-

217 1961 364 1997 bendum
382 1959 589 2009 Ἰ-Ιριγόνην.
671 1964 727 2000 15.
758 1960 916 2011 ἀγχόνῃ]
941 1961 1079 2010 ἆγκόνῃ
1103 1963 1171 1998 Ox.
1254 1964 1310 1999 19.
1333 1961 1507 2008 Σχυνέως
1531 1963 1599 1997 Ox.

124 2040 230 2077 tensis
251 2041 434 2076 memoriae
457 2041 628 2089 prodidit:
664 2043 761 2088 cujus
782 2042 941 2089 Scripta,
972 2042 1077 2088 longe
1101 2043 1144 2077 ab
1165 2041 1307 2077 Homeri
1331 2046 1368 2077 et
1383 2042 1522 2087 Virgilii
1546 2055 1601 2078 se-

127 2088 233 2130 culis,
257 2087 394 2122 Claudii
418 2088 568 2123 Neronis
591 2090 655 2124 sub
676 2090 904 2135 temporibus,
927 2089 963 2123 in
986 2089 1105 2124 arcula
1127 2093 1266 2134 reperta
1288 2088 1485 2123 traduntur.

217 2133 493 2179 Clytaemnestra
522 2139 654 2177 autem,
691 2135 950 2180 Agamemnonis
972 2147 1075 2177 uxor,
1111 2135 1230 2170 audito
1252 2135 1417 2180 Conjugis
1441 2134 1491 2169 sui
1514 2146 1600 2179 erga

124 2179 353 2215 Cassandram
375 2192 512 2223 amore;
553 2181 732 2217 occasione
756 2182 892 2224 oblata,
929 2186 965 2216 et
987 2182 1063 2228 ipsa
1086 2182 1191 2216 etiam
1214 2193 1288 2215 cum
1312 2181 1496 2225 Aegistho,
1520 2180 1597 2215 viro

125 2225 254 2269 nobili,
278 2226 443 2271 Thyestis
464 2227 505 2261 F.
532 2227 807 2263 consuetudinem
831 2228 964 2263 habuit.
1010 2227 1152 2263 Certior
1175 2233 1287 2262 autem
1314 2228 1428 2270 facta,
1449 2227 1521 2270 jam
1543 2226 1598 2260 in-

123 2276 218 2307 stare
235 2272 495 2317 Agamemnonis
511 2273 546 2308 in
566 2274 732 2319 Mycenas
747 2274 881 2309 reducis
903 2274 1108 2317 adventum3
1143 2273 1314 2309 consilium
1334 2284 1406 2307 cum
1431 2272 1594 2317 Aegistho

120 2317 265 2360 habuit,
298 2330 442 2364 quonam
475 2324 578 2366 pacto
612 2320 796 2355 adveniens
831 2321 875 2354 ab
905 2321 1069 2365 Aegistho
1104 2331 1124 2354 e
1155 2320 1264 2354 medio
1288 2319 1366 2353 dolo
1399 2319 1594 2353 tolleretur.

121 2365 353 2409 Agamemnon
368 2364 488 2411 itaque
510 2366 553 2401 ad
575 2367 742 2411 Mycenas
754 2377 923 2410 reversus,
959 2378 979 2401 a
1003 2366 1132 2401 civibus
1150 2366 1231 2408 suis,
1256 2365 1476 2406 primoribus,
1499 2364 1593 2409 ipso-

149 2421 192 2444 ue
224 2410 391 2456 Aegistho
424 2418 587 2458 acceptus
609 2417 680 2446 est:
725 2412 884 2457 palatium
919 2424 1003 2447 vero
1026 2424 1118 2447 suum
1140 2413 1330 2456 ingressus,
1370 2410 1500 2445 occisus
1525 2413 1589 2445 est.

161 2465 227 2490 xor
247 2455 367 2502 itaque
389 2458 460 2501 ejus
482 2469 599 2503 regem
623 2458 739 2492 statim
763 2458 890 2494 salutat
912 2458 1134 2503 Aegisthum3
1159 2458 1214 2492 cui
1236 2458 1336 2502 juxta
1359 2457 1453 2501 leges
1472 2462 1592 2501 nupta,

122 2500 228 2536 filiam
259 2501 291 2537 ei
315 2503 471 2549 peperit,
508 2516 607 2550 quam
630 2504 817 2549 Erigonem
848 2505 1005 2541 vocavitz
1045 2516 1155 2550 quae,
1193 2503 1301 2549 patris
1333 2502 1383 2536 sui
1408 2507 1444 2535 et
1474 2502 1592 2536 matris

122 2551 206 2591 post
227 2552 389 2591 mortem,
414 2550 458 2583 ab
477 2550 603 2585 Oreste
626 2554 775 2585 metuens
792 2551 876 2594 sibi,
900 2551 1022 2596 laqueo
1046 2551 1110 2585 sibi
1133 2554 1274 2584 mortem
1299 2548 1478 2582 conscivit.
1525 2548 1592 2582 Se-

123 2596 224 2627 natus
258 2604 342 2629 vero
373 2595 547 2641 omnisque
577 2596 663 2631 adeo
695 2608 769 2631 cum
793 2597 945 2632 exercitu
970 2597 1114 2643 populus
1139 2595 1336 2640 Aegisthum
1359 2594 1438 2628 odio
1461 2594 1590 2628 habue-

122 2641 214 2672 runt.
262 2638 445 2676 Caeterum
466 2643 625 2685 Orestes,
652 2643 908 2687 Agamemnonis
922 2643 1031 2684 filius,
1056 2642 1114 2676 ubi
1134 2640 1318 2674 inaudisset
1339 2644 1473 2684 patrem
1494 2651 1589 2675 suum

122 2683 290 2729 Mycenas
312 2697 483 2722 reversum
505 2699 599 2730 esse3
640 2688 801 2735 Schyueo
823 2689 966 2732 relicto,
1010 2687 1092 2732 (cui
1115 2692 1236 2731 pater,
1266 2685 1301 2719 5¹¹
1325 2685 1446 2720 bellum
1469 2687 1589 2731 P1'0s0‘

123 2733 261 2771 cturus}
289 2731 522 2769 enutriendum
544 2746 619 2769 eum
642 2739 679 2770 et
700 2735 939 2770 instituendum
961 2733 1202 2776 tradiderat‚)
1238 2732 1402 2776 Mycenas
1434 2732 1585 2778 repetiit.

123 2775 278 2810 Reverso
301 2776 387 2811 clam
410 2778 443 2812 ei
461 2791 558 2815 soror
581 2781 652 2825 ejus
673 2781 860 2823 indicavit,
882 2785 1023 2827 paratas
1045 2778 1140 2813 vitae
1163 2779 1234 2823 ejus
1256 2779 1301 2812 ab
1319 2777 1479 2823 Aegistho
1503 2778 1586 2813 fuis-

122 2833 161 2857 se
183 2821 330 2858 insidias.
379 2823 496 2860 Oresti
518 2830 632 2862 autem
664 2827 817 2863 volventi
838 2838 949 2863 secum
972 2823 1138 2871 quomodo
1161 2825 1205 2860 ab
1239 2823 1366 2859 insidiis
1388 2823 1461 2859 istis
1485 2836 1586 2871 prae-
