1838 3230
261 188 327 235 64
655 182 944 227 IOANNIS
973 185 1310 230 MALALAE

259 306 426 360 τρεῦσαι
445 301 568 362 αὐτῷ.
639 303 704 346 καὶ
723 302 861 356 λαβὼν
881 305 1044 358 Μωσῆς
1063 303 1134 347 τὸν
1153 304 1257 348 ἴδιον
1276 303 1404 349 αὗτοῢ
1423 304 1598 362 ἀδελφὸν
1610 303 1708 348 Ἀα-

208 384 238 418 Β
263 372 345 429 ρών
364 374 527 427 εἷσῆλθε
546 370 648 429 πρὸς
670 368 941 414 Πετισσῶνιον
963 371 1134 429 Φαραώ,
1165 373 1337 427 βασιλέα
1357 371 1596 430 Αἰγύπτου·
1632 371 1709 428 εἶχε

195 472 202 518 ί
257 440 336 497 γὰρ
358 440 609 497 παρῥησίαν,
648 436 703 488 ὡς
722 438 802 482 ἀπὸ
822 444 896 482 τοῦ
916 439 1041 483 αὐτοῦ
1059 445 1259 498 πενθεροῦ
1282 440 1419 499 Ἰοθόρ
1431 475 1444 494 ,
1477 445 1551 485 τοῦ
1574 441 1710 498 ἱερέως

195 519 199 564 [
260 513 345 570 τῷν
363 506 586 571 Ἑλλήνων,
625 508 691 549 καὶ
716 505 770 557 ὡς
788 505 1006 564 ἡγούμενος
1027 514 1113 552 τῶν,
1124 510 1355 553 Ἰουδαίων·
1391 511 1458 553 καὶ
1488 507 1710 566 ἀνήγγειλεν
1741 550 1744 555 .

197 566 200 588 ¹
262 569 388 634 aare?
405 569 476 630 τὴν
505 579 578 618 τοῦ
608 579 710 617 θεοῦ
740 577 915 619 κέλευσιν
947 579 1012 619 καὶ
1036 576 1099 620 ὅτι
1121 578 1221 634 λέγει
1248 577 1268 622 ὃ
1291 579 1390 629 θεὸς
1410 576 1431 622 ὃ
1451 575 1623 633 ποιήσας
1639 576 1743 627 τόν5

263 644 437 701 οὐρανὸν
460 645 526 685 καὶ
545 643 618 698 τὴν
644 647 717 699 γῆν
736 647 801 686 καὶ
821 644 894 699 τὴν
912 643 1132 689 θάλασσαν
1163 649 1228 689 καὶ
1259 645 1393 690 πάντα
1424 646 1476 689 τὰ
1503 647 1546 690 ἓν
1574 645 1712 696 αὐτοῖς

260 714 329 755 ἰ’να
357 710 565 769 ἀπολύσῃς
595 711 665 754 τὸν
691 712 790 755 λαὸν
821 713 948 756 αὐτοῦ
981 718 1197 771 λατρεῦσαι
1231 715 1354 774 αὐτῷ.
1424 713 1446 758 ὃ
1479 716 1522 757 δὲ
1554 714 1714 771 Φαραὼ

263 778 443 830 ἀκούσας
472 780 571 836 λέγει
606 779 716 838 αὐτῷ
729 813 742 832 ,
777 783 829 823 Εἴ
863 781 1074 837 ἃληθεύεις
1103 781 1163 825 ὅτι
1188 781 1208 826 ὅ
1229 782 1327 834 θεός
1346 798 1427 827 σου·
1449 783 1631 826 ἐκέλευσέ
1647 799 1713 826 σοι

264 851 386 892 εἰπεῖν
404 866 475 904 μοι
494 852 646 900 ταῦτα,
685 849 773 892 ἰδοὺ
804 851 901 892 εῗσὶν
918 849 1135 906 Λῖγύπτιοι
1153 852 1235 905 μετ’
1259 853 1357 907 ἐμοῦ
1374 855 1581 901 ποιοῦντες
1600 848 1714 894 θαύ-

264 934 392 972 ματα.
463 916 533 959 ἐὰν
563 915 727 974 νικήσῃς
758 917 905 968 αὐτοὺς
938 917 1174 974 αἰτούμενος
1202 919 1272 962 τὸν
1298 919 1397 963 θεόν
1417 936 1515 972 σου,
1550 919 1715 975 παρέχω
1728 933 1771 967 10

265 1003 331 1029 σοι
355 985 456 1042 ἅπερ
479 985 660 1028 ἐκέλευσέ
679 1002 742 1028 σοι
764 984 818 1036 ὦς
836 987 969 1042 λέγεις.
1039 989 1105 1030 καὶ
1134 987 1298 1044 ἔστησεν
1329 988 1510 1032 ἐναντίον
1531 986 1716 1043 ἀλλήλων

268 1054 341 1097 τὸν
365 1053 518 1108 Ἰαννὴν
547 1055 614 1096 καὶ
644 1053 714 1096 τὸν
738 1053 931 1111 Ἰαμβρὴν
960 1057 1026 1098 καὶ
1054 1056 1124 1098 τὸν
1146 1057 1305 1099 Μωσέα
1328 1058 1394 1099 καὶ
1410 1054 1578 1113 Ἀαρών.
1627 1057 1716 1099 ‘nai

269 1121 450 1178 ἐκάθητο
480 1122 638 1177 Φαραώ
666 1124 732 1164 καὶ
762 1123 800 1166 οἳ
827 1128 1056 1178 μεγιστᾶνες
1090 1124 1238 1167 αὐτοῦ·
1274 1127 1339 1167 καὶ
1357 1126 1550 1180 ἐποίησαν
1571 1124 1610 1168 οἳ
1629 1124 1743 1180 περὶ·

149 1189 183 1223 0
206 1189 251 1224 78
271 1191 425 1246 Ἰαννὴν
454 1192 519 1233 καὶ
542 1190 736 1245 Ἰαμβρὴν
767 1191 834 1233 διὰ
861 1194 1045 1247 γοητείας
1065 1193 1136 1247 τὴν
1165 1191 1320 1250 ῥάβδον
1338 1193 1473 1236 αὐτῶν
1496 1192 1589 1250 ὅφιν
1601 1225 1615 1246 ,
1652 1193 1719 1234 καὶ

216 1235 247 1270 c
270 1258 462 1316 ἐπήρχετο
493 1262 551 1316 τῷ
579 1262 740 1302 Μωσεΐ.
811 1261 878 1301 καὶ
909 1259 1122 1315 εὐξάμενος
1156 1264 1318 1317 ΖΙἸωσῆς
1342 1261 1481 1319 ἴῤῥιψε
1503 1263 1568 1303 καὶ
1596 1259 1774 1311 mites-15

269 1327 319 1383 ἣν
351 1333 504 1382 κατεῖχε
533 1325 689 1384 ῥάβδον
714 1329 768 1376 εἷς
795 1327 867 1382 τὴν
890 1333 986 1383 γῆν·
1023 1333 1089 1371 καὶ
1109 1330 1256 1383 ἐγένετο
1278 1331 1344 1371 καὶ
1365 1327 1389 1385 ἦ
1411 1329 1536 1372 αὐτοῦ
1565 1327 1720 1386 ῥάβδος

271 1396 365 1453 ὄφις
382 1395 507 1451 μέγας
528 1393 658 1446 πάνυ,
694 1397 760 1437 καὶ
781 1396 940 1438 κατέπιε
961 1395 1031 1439 τὸν
1062 1397 1155 1454 ὅφιν
1185 1397 1230 1439 ὃν
1261 1398 1452 1453 ἐποίησαν
1472 1397 1626 1452 Ἰαννῆς
1652 1398 1720 1439 καὶ

265 1461 483 1520 Ἰαμβρής·
519 1465 586 1505 καὶ
617 1464 768 1518 ἐνίκησε
798 1466 960 1519 ,Μωσῆς
970 1497 982 1517 ,
1021 1467 1086 1508 καὶ
1118 1463 1354 1519 ἐθαύμασεν
1385 1464 1406 1508 ὅ
1437 1465 1628 1520 βασιλεὺς
1653 1466 1721 1507 καὶ

270 1531 429 1581 πάντες.
501 1529 651 1586 ὁμοίως
670 1532 713 1573 δὲ
732 1533 797 1573 καὶ
819 1533 1002 1586 ποταμὸν
1019 1532 1183 1576 ὑδάτων
1203 1531 1499 1590 διαυγεστάτων
1527 1534 1720 1588 ε’ποιήσαν

269 1599 291 1643 ὅ
316 1600 472 1655 Ἰαννὴς
502 1601 568 1642 καὶ
601 1599 795 1655 Ἰαμβρῆς
824 1601 1013 1656 γενέσθαι
1052 1600 1154 1656 αἷμα
1189 1603 1392 1661 παρουσίᾳ
1418 1606 1492 1645 τοῦ
1521 1600 1776 1655 βασιλέωςὲο

271 1671 338 1712 καὶ
355 1667 532 1712 πάντων.
603 1669 670 1710 καὶ
690 1668 842 1722 ηὔξατο
867 1672 1051 1725 Μωσῆς,
1091 1672 1157 1712 καὶ
1182 1669 1302 1713 πάλιν
1320 1671 1469 1726 ἐγένετο
1490 1668 1624 1712 ὕδατα
1647 1687 1728 1711 κα-.

271 1737 390 1794 θαροὶ
421 1737 473 1780 τὰ
505 1740 578 1779 τοῦ
608 1740 796 1790 ποταμοῦ
826 1736 1033 1793 ῥεύματα,
1072 1736 1127 1788 ὥς
1155 1734 1205 1793 ἦν
1237 1737 1389 1796 πρώην.
1458 1738 1650 1793 ἐποίησαν
1679 1738 1723 1779 δὲ

274 1808 340 1848 καὶ
362 1805 467 1848 ἄλλα
485 1804 574 1847 τινὰ
597 1804 805 1847 κατέναντι
825 1804 1009 1861 ἀλλήλων
1023 1820 1032 1830 ·
1073 1808 1139 1849 καὶ
1168 1808 1343 1863 ἐνίκησεν
1370 1806 1519 1856 αὖτοὺς
1544 1808 1720 1860 Μωσῆς.

366 1926 421 1962 19.
455 1925 642 1971 ποταμόν]
666 1926 841 1971 ποταμῶν
863 1927 932 1962 Ox.

276 2026 516 2069 lsraffliticum,
547 2031 589 2062 ut
612 2039 686 2062 eum
709 2029 819 2070 colat,
854 2028 1053 2065 dimitteret.
1099 2030 1209 2066 Moses
1232 2029 1359 2076 igitur,
1383 2040 1457 2064 cum
1478 2029 1591 2070 fratre
1613 2028 1724 2063 Aaro—

277 2086 342 2115 ne,
376 2073 420 2107 ad
443 2072 661 2107 Petissonium
684 2074 911 2117 Pharaonem,
937 2075 1089 2121 Aegypti
1112 2088 1247 2121 regem,
1279 2077 1467 2120 ingressus,
1491 2075 1611 2119 (istam
1638 2073 1725 2108 enim

278 2120 469 2154 libertatem
492 2123 528 2152 et
558 2122 596 2152 ut
617 2119 767 2153 Jothoris
791 2121 1002 2155 Graecorum
1030 2122 1205 2156 Pontificis
1228 2133 1352 2166 gener,
1389 2127 1424 2155 et
1445 2121 1648 2156 Judaeorum
1671 2124 1726 2153 et—

279 2165 346 2199 iam
370 2165 456 2206 dux,
487 2163 550 2198 sibi
572 2165 810 2210 vendicavitz)
844 2165 910 2200 Dei
932 2168 1122 2201 mandatum
1145 2167 1177 2201 ei
1199 2167 1250 2201 his
1273 2167 1386 2201 verbis
1410 2166 1575 2211 exposuit.
1621 2165 1724 2206 Deus,

279 2210 340 2256 qui
355 2211 501 2251 coelum,
525 2213 671 2251 terram,
695 2221 874 2256 mareque,
900 2215 935 2245 et
950 2224 1170 2257 quaecunque
1184 2213 1312 2247 suntin
1334 2212 1400 2246 illis
1422 2211 1583 2246 formavit
1601 2210 1722 2252 omnia,

276 2257 394 2302 jubet,
417 2255 470 2289 uti
491 2255 652 2300 populum
675 2267 786 2296 suum,
818 2261 855 2290 ut
877 2256 969 2290 illum
990 2258 1098 2299 colat,
1122 2259 1289 2293 demittas·
1335 2257 1523 2303 Respondit
1545 2256 1722 2292 Pharaoh:

279 2302 308 2336 si
330 2313 411 2335 vere
433 2301 524 2335 Deus
556 2305 632 2335 tuus
655 2300 720 2335 ista
743 2301 823 2335 mihi
846 2301 988 2336 dicenda
1021 2304 1213 2345 mandavit3
1257 2316 1337 2339 ecce
1359 2308 1437 2338 sunt
1459 2302 1539 2337 mihi
1561 2300 1723 2346 Aegyptii

280 2347 434 2388 mirifici,
470 2358 553 2391 quos
586 2350 626 2380 tu
657 2347 686 2380 si
708 2347 773 2381 Dei
804 2347 855 2380 tui
878 2359 943 2392 ope
966 2348 1109 2391 viceris,
1140 2349 1299 2384 mandata
1321 2350 1392 2394 ejus
1415 2351 1618 2383 executurus
1639 2357 1720 2380 sum.

279 2393 338 2428 Ex
361 2392 501 2427 adverso
524 2391 643 2437 itaque
667 2392 874 2434 constitutis,
899 2393 977 2427 hinc
999 2394 1107 2428 Janne
1129 2401 1165 2429 et
1186 2396 1342 2436 Jambre,
1365 2394 1455 2428 illinc
1477 2393 1574 2427 Mose
1597 2396 1633 2426 et
1655 2394 1724 2426 Aa-

280 2450 386 2480 rone,
420 2438 599 2478 Pharaoh‚
630 2438 795 2472 nobilibus
817 2438 883 2472 suis
905 2438 1066 2484 stipatus,
1108 2441 1268 2474 consedit.
1315 2440 1438 2474 Jannes
1468 2449 1552 2472 vero
1575 2440 1612 2471 et
1632 2437 1724 2471 Jam-

280 2485 379 2526 bres‚
413 2483 545 2527 virgam
567 2494 660 2517 suam
689 2483 725 2517 in
747 2484 965 2528 Serpentem,
1000 2485 1197 2529 Praestigiis
1219 2485 1307 2527 suis,
1345 2488 1606 2519 converterunt:
1651 2481 1725 2528 qui,

283 2541 358 2563 cum
382 2530 506 2563 Mosem
529 2528 702 2563 invasurus
723 2534 829 2572 esset,
863 2529 970 2564 Deum
993 2535 1169 2575 precatus,
1205 2534 1239 2564 et
1262 2531 1333 2576 ipse
1363 2529 1516 2564 baculum
1539 2540 1652 2569 suum,
1688 2528 1724 2562 in

283 2579 411 2609 terram
442 2575 651 2620 projectum,
687 2575 723 2608 in
759 2580 947 2620 serpentem
977 2576 1243 2619 praegrandem,
1278 2575 1335 2620 qui
1369 2574 1483 2609 Jannis
1512 2574 1724 2619 Jambrisque

282 2620 374 2653 illum
397 2621 538 2654 alterum
561 2620 727 2665 absorpsit
749 2621 901 2665 penitus,
926 2620 1158 2655 commutavit:
1195 2620 1427 2665 victoriaque,
1449 2625 1604 2665 stupente
1627 2619 1723 2663 Rege

283 2665 509 2710 satellitioque
541 2666 651 2708 omni,
684 2677 784 2711 penes
813 2666 942 2701 Mosem
972 2670 1056 2700 erat.
1102 2665 1223 2700 Jannes
1254 2666 1377 2699 deinde
1410 2670 1446 2700 et
1475 2666 1627 2699 Jambres
1656 2664 1723 2698 flu-

284 2710 405 2744 minum
427 2711 727 2755 limpidissimorum
751 2724 873 2757 aquas,
905 2723 1017 2746 coram
1048 2711 1145 2755 Rege
1182 2711 1423 2756 omnibusque,
1463 2710 1499 2745 in
1531 2709 1726 2755 sanguinem

285 2760 480 2790 verterunt:
519 2756 630 2791 Moses
652 2769 755 2799 vero,
792 2757 874 2791 fusis
895 2756 931 2790 in
953 2756 1059 2791 Deum
1083 2756 1259 2802 precibus,
1296 2757 1474 2802 pristinum
1495 2757 1638 2790 nitorem
1661 2755 1726 2788 eis-

287 2799 363 2834 dem
386 2801 545 2835 restituit.
591 2802 661 2836 Sed
691 2807 725 2836 et
748 2802 814 2837 alia
846 2802 1009 2847 quaedam
1035 2803 1080 2836 ad
1108 2802 1250 2836 invicem
1273 2803 1407 2848 operati
1436 2806 1514 2837 sunt
1545 2800 1724 2840 miraculn;

288 2845 407 2890 quibus
428 2850 540 2881 tamen
562 2847 673 2882 Moses
707 2847 789 2883 vicit
821 2847 979 2892 omnibus.
1026 2848 1237 2883 Pharaonem
1271 2847 1388 2894 itaque
1409 2847 1570 2883 accedens
1593 2846 1724 2886 Moses3
