1838 3230
607 189 1071 237 ΑΝΝοΤΑΤΙοΝΕς.
1444 199 1543 248 579

103 304 280 357 missum,
307 304 622 358 ibiquebestiis
633 306 819 359 praedam
846 307 1070 360 projectum
1097 308 1215 349 fuisse
1237 317 1416 349 constans
1444 313 1541 351 scri-

101 369 262 415 ptorum
292 367 352 400 est
379 362 554 403 traditio.
623 363 877 402 Doctissimus
918 370 1048 403 tamen
1081 365 1270 418 Josephus
1298 367 1474 418 Scaliger
1500 369 1541 407 in

101 418 263 457 Eusebii
293 416 440 458 chron.
468 419 638 458 certiora
667 418 786 472 hujus
825 419 884 459 rei
920 421 1165 471 testimonia,
1203 436 1319 474 quam
1349 436 1447 475 quae
1476 424 1544 462 ad-

101 472 184 512 huc
219 473 440 526 habentur,
478 475 696 514 desiderat:
734 482 852 526 atque
888 478 1068 529 equidem
1105 477 1174 516 hic
1201 479 1383 519 Auctoris
1417 481 1542 519 nostri

101 530 214 569 locus
243 531 482 570 contrarium
512 538 685 570 astruere
713 532 884 571 videtur.
949 534 1027 573 Sed
1054 548 1126 572 nec
1155 534 1205 572 de
1232 536 1372 586 Ignatii
1397 537 1543 588 Marty-

101 585 154 625 rii
191 591 367 639 tempore
405 587 589 626 convenit
625 587 730 626 inter
764 589 951 628 Nostrum
989 596 1028 629 et
1068 590 1294 629 Eusebiumz
1334 591 1400 630 hic
1439 593 1542 632 enim

101 642 217 694 ponit
251 643 301 682 ad
337 657 481 682 annum
511 643 669 696 Trajani
712 644 809 696 Imp.
848 659 887 687 x.
927 653 1072 698 septem
1113 660 1252 698 nempe
1281 648 1414 698 annis,
1454 656 1543 688 ante

101 698 251 738 dictum
278 705 554 739 terraemotum
583 700 907 750 Antiochensem3
945 715 1024 754 quo
1059 709 1237 754 tempore
1263 711 1398 744 noster
1423 705 1541 756 Igna-

98 753 198 793 tium
223 755 416 807 Martyrio
445 763 675 795 coronatum
704 757 854 795 asserit.

213 813 310 871 Peg.
339 815 434 855 276.
465 817 532 856 21.
563 809 744 866 ἐξήρχετο
772 814 1008 869 βασταγμῷ]
1040 814 1239 867 Tanquam
1273 829 1373 854 onus
1403 830 1424 854 a
1448 830 1539 869 por·

97 866 313 916 tatoribus,
343 869 521 907 sublatus
552 869 658 910 exiit.

97 978 159 1028 ξιξ
212 925 306 978 Pag.
334 928 429 968 277.
458 930 498 970 3.
528 924 715 975 ὖπέξιζον
742 928 824 974 τοῖς
841 926 1013 979 Ελλησι]
1045 926 1161 966 Forte
1180 927 1401 979 legendum,
1431 924 1540 969 ὑπώ-

155 993 212 1020 ον.
598 993 601 996 ’

210 1038 306 1088 Peg.
337 1040 434 1079 277.
465 1036 528 1079 15.
575 1033 632 1078 ὧν
669 1036 859 1078 ἐνιαυτοῖν
899 1035 990 1089 ξς’.]
1029 1038 1165 1077 Annos
1200 1037 1265 1077 hic
1300 1039 1392 1091 plus
1430 1039 1539 1091 justo

96 1096 176 1130 tres
193 1090 363 1132 addidit:
400 1106 480 1131 non
509 1099 615 1132 totos
646 1093 746 1132 enim
786 1107 904 1132 Lxm.
940 1094 1042 1133 vixit
1075 1094 1285 1146 Trajanus3
1325 1101 1423 1133 teste
1461 1095 1539 1133 Eu-

95 1147 242 1199 tropio,
271 1147 339 1189 lib.
369 1152 410 1192 8.
473 1147 580 1188 Obiit
606 1159 730 1188 autem
762 1151 902 1188 aetatis
927 1165 1030 1188 anno
1053 1164 1153 1190 Lxu.
1173 1149 1310 1189 ZiIense
1333 1164 1390 1190 ix.
1423 1159 1458 1188 et
1479 1149 1542 1188 die

96 1212 259 1256 quar-103
307 1204 382 1243 nisi
429 1205 532 1244 forte
572 1219 684 1244 error
723 1206 773 1244 sit
810 1206 851 1243 in
888 1219 1062 1245 numero.
1127 1206 1389 1257 Hieronymus
1423 1206 1538 1256 enim,

97 1258 204 1310 apud
224 1260 458 1311 Eusebium,
488 1262 556 1312 qui
584 1262 658 1300 ista
688 1275 738 1300 ex
764 1262 955 1314 Eutropio
988 1262 1240 1314 descripsisse
1266 1263 1436 1309 videtur,
1467 1262 1539 1300 ha-

94 1314 183 1365 bet3
213 1329 316 1355 anno
342 1330 463 1358 Lxm.
492 1331 624 1356 mense
652 1331 708 1356 ix.
741 1318 804 1356 die
835 1331 892 1358 ιν.
948 1318 1107 1357 Eusebii
1134 1325 1265 1357 tamen
1295 1319 1439 1357 Graeca
1467 1318 1540 1356 ha-

94 1370 212 1420 bent,
237 1372 338 1414 ἐταῖν
365 1369 427 1422 ξέ,
465 1373 525 1411 uti
555 1380 594 1412 et
623 1373 768 1414 Chron.
799 1373 911 1413 Alex.
970 1375 1172 1414 Caeterum
1209 1376 1258 1413 de
1292 1373 1410 1426 hujus
1437 1375 1535 1426 Imp.

95 1432 222 1466 aetate
260 1429 373 1467 nullo
400 1429 519 1467 modo
555 1430 658 1469 inter
688 1431 882 1469 Auctor-es
921 1432 1122 1469 convenit:
1172 1432 1279 1469 Sext.
1309 1431 1439 1469 Aurel.
1466 1431 1538 1469 Vi-

97 1489 196 1523 ctor.
227 1485 328 1524 enim
358 1485 565 1538 Trajanum
590 1499 699 1525 wa.
729 1500 851 1524 annos
872 1487 1019 1525 vixisse
1048 1487 1237 1539 affirmat3
1266 1487 1379 1525 Dion.
1409 1493 1536 1525 tamen

94 1550 176 1579 Lxr.
205 1553 268 1580 an.
298 1555 415 1579 mens.
444 1555 500 1590 w,
531 1542 613 1580 dies
640 1556 706 1580 xv.
735 1548 889 1580 tantum
921 1543 956 1580 ei
978 1543 1168 1582 attribuit.

204 1598 306 1650 Pag-
335 1601 430 1639 277·
466 1601 529 1639 17.
559 1597 623 1638 ἐπὶ
652 1601 725 1649 τῆς
754 1597 943 1645 ὑπατείας
971 1599 1252 1651 Απρονιανοῦ]
1283 1599 1363 1638 Scr.
1394 1601 1535 1650 Απρω·

93 1654 257 1700 νιανοῦ,
286 1653 346 1690 uti
371 1651 516 1690 habent
543 1653 755 1702 Eusebius,
787 1660 837 1693 et.
869 1653 959 1691 Chr.
984 1655 1095 1694 Alex.

175 1706 177 1709 ’
206 1706 311 1748 lbid.
368 1707 592 1760 ἐβασίλευσε
620 1707 662 1747 δὲ
684 1709 748 1760 ἔτη
771 1705 848 1760 κβ’.
878 1709 945 1748 καὶ
974 1712 1103 1760 μῆνας
1131 1705 1184 1759 ε’.]
1216 1707 1429 1760 Eutropius
1448 1721 1535 1746 eum

94 1775 274 1813 regnasse
301 1763 432 1814 inquit
459 1777 580 1801 annos
608 1777 695 1803 xxr.
736 1778 885 1802 menses
927 1778 970 1804 x.
1010 1764 1092 1803 dies
1120 1778 1233 1804 xxix.
1284 1764 1473 1803 Eusebius
1499 1770 1536 1803 et

97 1818 188 1858 Chr.
206 1819 318 1859 Alex.
349 1833 410 1859 an.
438 1833 524 1858 xxx.
552 1821 722 1858 Zonaras
749 1819 842 1857 huic
870 1834 1029 1859 numero
1062 1834 1231 1859 mensem
1261 1820 1406 1859 adimit.

205 1875 305 1928 Pag.
334 1879 431 1919 278.
460 1878 500 1919 3.
537 1872 708 1929 ποιήσας
735 1877 871 1927 πίλας]
912 1877 1024 1926 πίλα,
1059 1877 1296 1916 vocabulum
1331 1877 1531 1925 Latinum5

113 2011 115 2013 ·
204 1985 302 2040 Pag·
331 1990 426 2030 278.
456 1991 523 2030 21.
555 1987 607 2035 ὥς
654 1985 829 2041 γαμβρὸς
858 1985 1002 2039 αὐτοῦ]
1034 1989 1228 2028 Generum
1253 1988 1412 2042 Trajani
1445 2001 1533 2025 eum

94 2049 233 2092 vocat,
265 2043 372 2094 quod.
399 2044 562 2096 Neptem
594 2044 676 2096 ejus
706 2058 869 2083 uxorem
897 2044 1049 2088 imbuit,

204 2097 300 2151 Pag-
328 2102 423 2142 279.
453 2103 491 2142 8.
533 2100 602 2141 ἕνα
633 2098 726 2141 ὄντα
753 2104 832 2140 τῶν
868 2097 1108 2152 θαυμάτων]
1149 2099 1265 2139 Orbis
1301 2101 1531 2153 Spectacula

94 2155 215 2206 vulgo
254 2161 399 2207 septem
435 2163 709 2204 numerantur,·
750 2170 888 2195 verum
929 2171 976 2195 ex
1004 2156 1145 2194 horum
1181 2170 1340 2194 numero
1370 2170 1447 2194 non
1476 2162 1532 2192 est

97 2211 328 2262 Cyzicenum
360 2211 439 2250 hoc
468 2213 629 2250 Adriani
658 2214 859 2264 templum.
924 2213 979 2251 De
1006 2212 1205 2251 Miraculis
1241 2212 1346 2250 hisce
1376 2211 1532 2260 scripsit

95 2266 208 2306 Philo
227 2268 456 2319 Byzantius:
483 2270 589 2318 apud
609 2283 721 2320 quem
742 2270 817 2307 ista
834 2276 943 2308 sunt:
965 2268 1089 2308 Horti
1105 2267 1281 2321 pensiles,
1305 2265 1532 2315 Pyramides

96 2321 327 2376 Aegyptiae,
358 2323 465 2363 Jovis
487 2323 657 2377 Olympii
688 2323 972 2370 simulachrum,
1006 2323 1185 2364 Colossus
1214 2321 1405 2368 Rhodius,
1436 2321 1531 2359 Mu-

97 2378 133 2415 ri
160 2377 418 2432 Babylonici.
448 2380 604 2419 Dianae
636 2380 820 2433 Ephesiae
855 2380 1058 2433 templum,
1101 2390 1136 2417 et
1174 2375 1354 2417 Mausoli
1388 2375 1530 2428 Sepul-

97 2431 242 2471 chrum.
298 2434 373 2474 Alii
400 2436 475 2474 alia
502 2435 562 2474 his
601 2442 869 2486 annumerant3
908 2437 956 2475 de
998 2435 1140 2487 quibus
1177 2434 1266 2472 vide
1293 2433 1434 2471 Leonis
1462 2432 1530 2469 Al-

94 2488 181 2526 latii
209 2489 298 2528 Not.
330 2491 371 2528 in
404 2491 555 2531 Philon.
588 2493 749 2544 Byzant.

207 2546 313 2598 Ραὸ..
332 2550 426 2589 279.
458 2548 522 2590 15.
550 2546 580 2600 ἦ
606 2543 722 2596 πόλις
755 2543 879 2596 Ρόδος
905 2550 1028 2599 νῆσος
1055 2546 1200 2596 ἔπαθε]
1233 2545 1291 2583 lta
1320 2543 1432 2606 etiam
1462 2555 1529 2580 su-

95 2613 169 2652 pra
205 2602 340 2640 scribit
378 2606 544 2644 Auctor:
583 2617 722 2644 verum
757 2600 887 2655 πόλις,
926 2611 995 2643 aut
1022 2606 1167 2655 νῆσος,
1204 2601 1263 2639 uti
1290 2611 1541 2648 monuimus„

95 2657 318 2696 redundare
346 2659 512 2699 videtur.
1481 2683 1484 2688 ·
1513 2662 1515 2664 μ

157 2747 160 2750 .
207 2712 244 2752 P
244 2728 305 2765 ag.
331 2718 427 2756 279·
460 2719 525 2758 16.
554 2717 735 2769 κείμενον
761 2714 882 2768 χαμαὶ
910 2714 974 2766 ἔτη
1002 2711 1104 2766 τιβ’.]
1139 2712 1320 2751 colossus
1348 2709 1527 2749 Rhodius

96 2769 198 2818 ruit,
227 2769 406 2808 Antiochi
435 2772 532 2823 Mag.
562 2774 647 2825 Syr.
676 2773 792 2823 Regis
822 2785 923 2810 anno
953 2785 980 2809 1.
1016 2783 1157 2822 nempe
1197 2768 1247 2807 ad
1276 2781 1418 2807 annum
1450 2767 1529 2806 Eu-

98 2825 293 2865 sebianum
304 2839 518 2867 mccxciv.
537 2828 692 2881 Olymp.
719 2841 929 2867 cccxxx-122.
951 2831 1144 2866 asserente
1156 2825 1341 2865 Eusebio.
1397 2824 1439 2863 Si
1456 2823 1527 2862 ita-
