1838 3230
279 171 381 222 252
623 205 627 208 ⁴
683 169 966 214 lOANNIS
994 171 1332 217 MALALAE

280 288 360 339 κὼς
378 286 400 331 ὃ
421 287 533 345 ἅγιος
550 291 721 337 Παῦλος
740 288 787 330 τὸ
809 289 967 346 θερμὸν
989 295 1062 346 τῆς
1078 292 1250 342 πίστεως
1268 292 1488 336 τοῦαῦτοῦ
1507 295 1729 339 Διονυσίου

279 358 463 412 ἐποίησεν
496 356 620 399 αὐτὸν
639 357 855 400 ἐπίσκοπον
879 359 921 401 ἐν
941 362 991 415 τῇ
1007 356 1126 418 χώρᾳ
1153 361 1278 418 ἐκείνῃ
1293 374 1303 384 ·
1339 359 1449 411 ὅστις
1466 359 1685 413 Διονύσιος
1700 360 1733 412 ὅ

280 425 361 468 ἀπὸ
384 423 619 480 φιλοσόφων
646 426 712 466 καὶ
733 426 903 478 βίβλους
923 426 1017 469 καθ’
1042 425 1241 483 Ἑλλήνων
1267 429 1442 479 ἐξέθετο.
1514 427 1535 472 ὃ
1555 431 1600 473 δὲ
1619 428 1732 486 ἅγιος

278 497 451 543 Παῦλος
471 491 720 549 ὑπέστρεψεν
741 495 796 543 εἷς
811 491 1085 550 Ἱεροσόλυμα.
1699 544 1701 546 ,

377 562 465 603 Ἐπὶ
495 562 539 603 δὲ
562 565 633 615 τῆς
653 563 860 614 βασιλείας
879 567 952 605 τοῦ
981 563 1108 606 αὐτοῦ
1126 564 1318 620 Νέρωνος
1337 564 1514 620 ἀνῆλθεν
1537 567 1580 608 ἐν
1596 564 1763 623 Ῥώμῃό

279 630 419 683 Σίμων
439 646 499 678 τις
516 626 684 683 ὀνόματι
703 627 927 684 Αἰγύπτιος
944 629 1095 687 μάγος,
1138 637 1264 676 ποιῶν
1284 632 1350 675 διὰ
1369 635 1553 689 γοητείας
1571 651 1732 690 φαντα-

279 699 371 747 σίας
392 697 503 746 τινάς
525 698 590 740 καὶ
610 698 732 752 λέγων
755 696 900 741 ἑαυτὸν
917 698 1114 755 Χριστόν.
1186 699 1364 750 ἀκούσας
1390 703 1435 744 δὲ
1462 701 1483 745 ὃ
1515 701 1625 758 ἅγιος
1643 702 1731 745 Πέ-

279 782 376 821 τρος
409 763 430 808 ὃ
459 763 685 815 ἀπόστολος
713 767 802 820 περὶ
831 766 956 809 αὐτοῦ
984 766 1178 823 ἀνήρχετο
1207 770 1249 811 ἐν
1267 774 1317 826 τῇ
1332 767 1480 827 Ῥώμῃ.
1549 771 1591 813 ἓν
1609 774 1667 829 τῷ
1686 771 1732 813 δὲ

225 826 431 877 Ε’ἀνιέναι
451 833 575 876 αὐτὸν
595 834 637 875 ἒν
657 837 707 890 τῇ
730 832 864 891 Ῥώμῃ
885 837 1139 890 διερχομένου
1161 837 1287 879 αὐτοῦ
1314 837 1373 880 δι’
1396 838 1639 893 Ἀντιοχείας
1658 843 1732 892 τῆς

277 900 453 958 μεγάλης
486 902 634 956 συνέβη
664 906 897 957 τελευτῆσαι
924 903 1082 947 Εὔοδον
1105 904 1176 947 τὸν
1206 906 1421 949 ἐπίσκοπον
1442 907 1508 948 καὶ
1528 905 1728 962 πατριάρ-
1742 917 1786 950 10

274 987 352 1024 χην
377 970 638 1024 Ἀντιοχείας·
674 972 740 1012 καὶ
770 970 888 1024 ἔλαβε
917 972 964 1014 τὸ
992 977 1130 1027 σχῆμα
1158 977 1230 1028 τῆς
1256 974 1475 1028 ἐπισκοπῆς
1490 974 1731 1029 Ἀντιοχείας

277 1043 351 1091 τῆς
368 1036 544 1094 μεγάλης
562 1036 764 1093 Ἰγνάτιος,
787 1044 859 1081 τοῦ
881 1038 995 1095 ἁγίου
1013 1042 1177 1097 Πέτρου
1199 1046 1273 1084 τοῦ
1296 1040 1528 1085 ἀποστόλου
1546 1059 1730 1098 χειροτο-

277 1104 485 1160 νήσαντος.
523 1107 671 1160 συνέβη
694 1108 737 1148 δὲ
759 1109 800 1149 ἓν
823 1115 907 1157 τοῖς
931 1108 1069 1158 αὐτοῖς
1087 1107 1246 1165 χρόνοις
1264 1114 1497 1165 τελευτῆσαι
1516 1112 1582 1152 καὶ
1599 1108 1729 1166 Μάρε-

277 1191 346 1216 κον
380 1174 451 1217 τὸν
483 1172 710 1217 ἀπόστολον
738 1176 779 1218 ἐν
802 1175 1080 1236 Ἀλεξανδρείᾳ
1104 1182 1155 1235 τῇ
1174 1176 1351 1235 μεγάλῃ,
1388 1180 1603 1221 ἐπίσκοπον
1631 1178 1730 1222 ὅντα

278 1242 359 1284 ἐκεῖ·
384 1244 450 1284 καὶ
483 1240 747 1298 πατριάρχην.
819 1246 884 1285 καὶ
913 1245 1116 1299 παρέλαβε
1141 1246 1213 1300 τὴν
1237 1246 1456 1302 ἐπισκοπὴν
1478 1247 1572 1302 παρ’
1600 1246 1727 1289 αὐτοῦ
1743 1256 1784 1290 15

135 1314 168 1346 V
194 1314 258 1349 107
274 1307 476 1362 Ἀνιανός,
510 1311 706 1365 μαθητὴς
742 1311 891 1365 αὐτοῦ,
928 1313 1070 1363 καθὼς
1098 1312 1119 1356 ὃ
1148 1314 1277 1371 σοφὸς
1308 1312 1509 1371 Θεόφιλος
1536 1312 1557 1357 ὃ
1580 1332 1730 1372 χρονο-

275 1377 431 1435 γράφος
448 1377 742 1434 συνεγράψατο.

127 1453 160 1487 O
185 1454 254 1490 326
373 1445 741 1503 Καταφθάσαντος
771 1448 814 1490 δὲ
845 1452 919 1490 τοῦ
952 1446 1066 1504 ἁγίου
1097 1449 1260 1506 Πέτρου
1293 1453 1368 1492 τοῦ
1397 1447 1627 1492 ἀποστόλου
1655 1450 1730 1504 τὴν

270 1511 427 1570 Ῥώμην
458 1517 525 1557 καὶ
554 1513 766 1568 μαθόντος
799 1520 879 1558 ποῦ
909 1517 1016 1570 μένει
1046 1518 1186 1570 Σίμων
1210 1515 1230 1559 ὅ
1253 1515 1406 1573 μάγος,
1443 1517 1607 1572 ἀπῆλθε
1627 1518 1731 1574 πρὸς

273 1582 397 1625 αὐτὸν
428 1582 532 1626 ἔνθα
565 1583 766 1637 κατέμεινε
781 1597 790 1607 ·
827 1585 892 1626 καὶ
911 1579 1033 1640 ηὗρεν
1052 1586 1135 1627 ἐκεῖ
1150 1583 1251 1627 κύνα
1270 1587 1394 1640 μέγαν
1417 1586 1459 1628 ἓν
1479 1590 1538 1643 τῷ
1558 1589 1786 1629 πυλεῶνιΞΟ

272 1649 523 1704 ποιμενικόν,
560 1649 660 1694 ὅπου
694 1652 896 1705 κατέμεινε
921 1655 1060 1707 Σᾲιων
1087 1651 1108 1696 ὅ
1129 1651 1283 1709 μάγος,
1321 1651 1486 1696 ἁλύσεσι
1505 1653 1729 1708 δεδεμένον,

273 1717 410 1761 ὅντινα
442 1717 463 1761 ὅ
497 1720 634 1773 >Idam
658 1720 725 1762 διὰ
749 1719 818 1762 τὸν
839 1720 1000 1777 Πέτρον
1024 1723 1091 1764 καὶ
1121 1722 1218 1770 τοὺς
1237 1722 1438 1771 θέλοντας
1459 1721 1608 1763 ἀνιέναι
1627 1721 1731 1779 πρὸς

272 1786 398 1828 αὐτὸν
427 1788 643 1842 ἕδέσμησεν
678 1790 732 1837 εἷς
759 1788 804 1831 τὸ
832 1789 988 1843 μηδένα
1020 1788 1076 1839 ὥς
1107 1789 1242 1844 ἔτυχεν
1264 1791 1357 1843 δίχα
1378 1793 1450 1832 τοῦ
1470 1789 1541 1831 τὸν
1561 1791 1730 1844 Σίμωνα

274 1852 442 1897 κελεύειν
465 1860 522 1914 τῷ
546 1858 630 1898 κυνὶ
651 1859 717 1899 καὶ
744 1864 962 1912 συγχωρεῖν
989 1858 1060 1900 τὸν
1080 1856 1180 1900 κύνα
1199 1852 1406 1913 παριέναι,
1444 1856 1513 1906 οὓς
1529 1855 1727 1912 ἠβούλετο

275 1920 296 1965 ὅ
326 1924 488 1976 Σιζιιων·
524 1926 590 1965 καὶ
614 1929 735 1967 τοῦτο
765 1920 815 1979 ἦν
846 1923 987 1984 πρῴην
1005 1930 1152 1980 θαῦμα
1172 1930 1230 1984 τῷ
1249 1926 1435 1980 μέλλοντι
1457 1925 1607 1967 ἀνιέναι
1625 1924 1783 1981 agnis-25

366 2021 420 2055 10.
445 2017 618 2065 Εὔοδον]
642 2019 806 2058 Εύόδιον
828 2021 893 2056 Ch.
983 2020 1042 2058 24.
1062 2022 1161 2056 Fort.
1187 2021 1282 2068 πλὴν
1306 2020 1374 2062 οὓς
1395 2021 1450 2056 vel
1473 2016 1539 2061 οὓς
1561 2018 1625 2066 μή.

274 2095 382 2141 gionis
405 2097 475 2141 ejus
499 2098 672 2133 constituit
693 2099 898 2146 Dionysium.
958 2102 1007 2136 Et
1029 2101 1084 2135 hic
1107 2101 1239 2146 quidem
1262 2100 1461 2146 Dionysius,
1495 2099 1557 2144 qui
1580 2111 1622 2134 ex
1643 2100 1729 2137 Phi-.-

274 2142 489 2187 losophorum
512 2155 648 2178 numero
671 2145 804 2188 suerat,
827 2146 986 2181 adversus
1009 2147 1162 2181 Graecos
1184 2146 1287 2181 libros
1309 2146 1451 2192 scripsit.
1498 2145 1623 2180 Paulus
1645 2157 1727 2189 vero

274 2188 520 2232 Hierosolymas
543 2200 696 2224 reversus
719 2196 780 2225 est.

368 2233 593 2278 Temporibus
625 2236 728 2269 etiam
757 2237 904 2271 Neronis
934 2237 1075 2272 Romam
1098 2236 1194 2271 venit
1215 2237 1339 2281 Magus
1371 2236 1506 2282 quidam
1531 2237 1728 2282 Aegyptius,

275 2279 407 2313 nomine
429 2279 565 2320 Simon3
593 2280 651 2324 qui
675 2281 873 2325 Praestigiis
897 2283 1095 2326 quibusdam
1118 2282 1262 2327 Magicis
1285 2294 1381 2324 usus,
1407 2282 1575 2317 Christum
1598 2295 1634 2316 se
1658 2294 1729 2316 esse

275 2324 476 2359 venditavit.
522 2325 564 2360 D.
581 2325 714 2366 Petrus,
738 2327 803 2359 hoc
824 2328 951 2367 audito,
975 2329 1115 2362 Romam
1138 2328 1331 2362 contendit:
1356 2329 1502 2371 dumque
1525 2339 1588 2373 per
1610 2327 1729 2361 Antio-

276 2370 385 2404 chiam
408 2381 561 2414 magnam
590 2370 658 2404 iter
680 2372 830 2413 faceret,
870 2373 1015 2418 contigit
1038 2374 1205 2409 Evodium
1233 2373 1337 2413 mori,
1373 2372 1576 2417 Episcopum
1601 2376 1636 2406 et
1659 2372 1729 2406 Pa-

274 2415 457 2449 triarcham
486 2415 763 2450 Antiochensem:
805 2418 898 2461 cujus
930 2418 964 2452 in
997 2420 1104 2453 locum
1136 2419 1179 2452 D.
1204 2419 1327 2452 Petrus
1349 2418 1530 2462 Apostolus
1562 2418 1728 2463 Ignatium

271 2462 476 2505 surrogavit.
524 2462 654 2496 Eodem
686 2467 839 2507 tempore
870 2463 955 2497 mori
987 2465 1090 2498 etiam
1125 2464 1270 2507 contigit
1291 2463 1446 2496 Marcum
1469 2464 1667 2508 Apostolum
1691 2468 1728 2497 et

271 2505 505 2540 Patriarcham
537 2507 760 2542 Alexandriae
793 2507 951 2551 Magnae.
1011 2509 1196 2543 Moriturus
1231 2512 1363 2550 autem,
1406 2508 1603 2553 discipulum
1634 2519 1727 2542 suum

272 2551 435 2630 Arlrianum
459 2552 595 2587 suffecit
615 2552 698 2587 sibi:
739 2553 828 2588 sicut
849 2553 980 2598 sapiens
1013 2555 1223 2599 Theophilus
1255 2553 1542 2600 chronographus
1565 2553 1727 2599 scriptum

270 2597 334 2631 rei
358 2597 419 2631 uit.

335 2609 484 2678 qutrus
507 2646 623 2678 autem
644 2644 820 2690 Apostolus
843 2644 981 2678 Romam
1006 2643 1143 2678 veniens
1167 2644 1394 2688 edoctusque,
1427 2643 1486 2678 ubi
1510 2644 1627 2678 Simon
1648 2642 1727 2678 Ma—

272 2698 336 2765 {us
360 2690 649 2731 commorabatur,
687 2690 731 2724 ad
755 2701 828 2725 eum
851 2690 1024 2734 profectus
1048 2694 1109 2723 est.
1156 2689 1273 2724 Simon
1296 2694 1426 2732 autem,
1463 2701 1506 2723 ne
1528 2690 1654 2733 injussu
1676 2688 1727 2723 sui

305 2737 379 2766 etro
403 2734 457 2767 vel
481 2734 585 2768 cuivis
608 2734 666 2769 alii
685 2735 728 2769 ad
754 2747 791 2769 se
813 2739 949 2780 pateret
971 2734 1102 2776 aditus3
1126 2744 1190 2779 pro
1215 2734 1345 2769 foribus
1366 2737 1494 2770 Canem
1517 2733 1726 2768 Pastoralem

273 2779 540 2822 praegrandem,
565 2786 686 2814 catena
708 2780 854 2814 vinctum
875 2780 1014 2815 habuit:
1037 2780 1093 2825 qui
1117 2780 1181 2814 nisi
1204 2780 1297 2824 signo
1321 2793 1342 2815 a
1360 2781 1495 2814 Simone
1517 2779 1610 2825 prius
1633 2779 1726 2820 dato,

274 2823 532 2860 advenientibus
563 2826 816 2873 quibuscunque
845 2826 1027 2872 ingressum
1058 2825 1270 2872 prohibebat.
1325 2827 1437 2872 Atque
1468 2826 1532 2861 hoc
1562 2824 1726 2866 omuibus,
