1838 3230
277 163 346 210 44
681 159 966 206 IOANNIS
995 161 1334 207 MALALAE

273 282 469 334 χευθεῖσα
496 278 539 321 ἐκ
566 283 721 336 βροτοῦ
741 296 850 329 τινος
874 280 929 330 εἷς
953 284 1071 336 Ζῆνα
1095 281 1279 339 φέρουσα
1296 282 1369 339 τὴν
1393 281 1599 340 ἁμαρτίαν
1617 281 1730 341 λέγει.

154 358 188 392 V
211 361 255 396 18
278 347 558 404 φιλιωθέντων
579 348 624 390 δὲ
642 347 778 390 αὐτῶν
799 347 977 391 ἐκέλευσε
995 353 1053 408 τῷ
1071 351 1161 409 ἰδίῳ
1181 355 1346 410 στρατῷ
1366 349 1387 395 ὅ
1405 349 1610 401 Διόνυσος
1628 368 1732 409 προ-

275 419 415 470 λαβεῖν
443 416 548 458 κατὰ
580 416 654 470 τὴν
686 413 781 458 ὁδὸν
812 417 853 458 ἓν
883 421 1009 475 στενῷ
1042 415 1153 476 τόπῳ
1182 421 1247 461 καὶ
1275 427 1434 474 συσχεῖν
1455 419 1525 462 τὸν
1544 420 1727 464 Πενθέα.

275 485 318 528 ἐν
350 485 394 527 δὲ
423 488 481 542 τῷ
513 483 670 538 μέλλειν
702 484 852 535 αὐτοὺς
875 485 1016 536 ἐξιέναι
1046 487 1150 541 μετὰ
1181 487 1324 543 ὀλίγων
1355 487 1517 544 ἀνδρῶν
1549 483 1684 543 ἦλθεν
1706 486 1728 531 ὅ

272 551 477 602 Διόνυσος
507 552 609 607 πρὸς
637 550 781 595 αὐτόν·
816 555 883 596 καὶ
903 553 1044 597 λοιπὸν
1065 552 1086 598 ὃ
1107 552 1318 609 Πενθεύς,
1357 555 1512 613 ἀγνοῶν
1535 555 1583 598 τὸ
1605 556 1762 610 ungu-35

272 639 332 676 μα
342 654 354 673 ,
385 622 451 662 καὶ
470 619 595 670 αὐτὸς
615 620 774 677 ὀλίγους
790 621 884 676 μεθ’
908 620 1056 665 ἑαυτοῦ
1076 622 1219 679 ἔλαβεν
1240 623 1394 681 ἄνδρας
1407 639 1416 649 ·
1453 625 1520 668 καὶ
1538 621 1728 681 ἧἈγαῦη

271 685 323 744 ἦν
340 688 426 743 μετ’
450 688 598 733 αὐτῶν,
645 690 687 732 ἓν
707 691 751 732 δὲ
769 694 828 749 τῷ
847 689 997 741 αὐτοὺς
1015 690 1171 734 ἀπιέναι
1192 692 1406 750 ἕπε’ῤῥιψεν
1424 692 1536 751 αὐτῷ
1558 690 1580 736 ὅ
1598 708 1729 750 στρα-

269 757 341 807 τὸς
371 760 446 800 τοῦ
476 755 709 811 Διονύσου,
745 761 812 801 καὶ
839 759 1033 814 συνέσχον
1053 760 1124 802 τὸν
1147 761 1339 804 Πενθέα·
1376 763 1443 804 καὶ
1465 761 1619 812 εὐθέως
1642 761 1727 804 ἐκέ-

269 829 408 868 λευσεν
435 823 456 868 ὃ
476 823 680 876 Διόνυσος
710 826 1000 883 ἀποτμηθῆναι
1025 827 1173 881 αὐτόν,
1211 831 1277 872 καὶ
1295 830 1371 885 τὴν
1389 829 1567 887 κεφαλὴν
1589 832 1726 886 δοθῆ-

267 912 335 936 ναι
366 898 416 951 τῇ
447 897 571 951 μητρὶ
602 895 753 948 αὐτοῦ,
793 893 848 945 ὥς
872 894 1093 953 ὗβριζούσῃ
1124 897 1195 939 τὸν
1225 897 1348 941 αὐτὸν
1370 896 1586 942 Διόνυσον.
1656 899 1723 941 καὶ
1734 909 1780 944 10

264 960 519 1020 ὑπέστρεψεν
557 961 579 1005 ὃ
611 961 815 1014 Διόνυσος
852 966 907 1014 εἷς
945 964 1019 1020 τὴν
1048 967 1261 1020 Καδμείαν
1297 968 1353 1016 εἷς
1383 966 1431 1010 τὸ
1468 969 1722 1021 βασιλεῦσαι.

267 1031 336 1073 διὰ
356 1035 479 1075 τοῦτο
503 1031 547 1074 δὲ
567 1031 726 1087 λέγουσι
745 1033 819 1087 τὴν
843 1031 1018 1089 Ἀγαύην
1037 1033 1399 1091 ἀποκεφαλίσασαν
1420 1034 1490 1078 τὸν
1519 1035 1622 1077 ἴδιον
1645 1034 1723 1077 αὗ-

210 1106 242 1141 Β
265 1103 340 1155 τῆς
370 1097 483 1152 υἱόν,
522 1098 626 1143 διότι
654 1100 781 1144 ἔπεισε
811 1101 882 1143 τὸν
903 1102 1071 1144 Πενθέα
1091 1107 1341 1158 φιλιωθῆναι
1361 1107 1419 1161 τῷ
1442 1100 1632 1161 Διονύσῳ
1655 1105 1723 1145 καὶ

135 1175 169 1209 Ο
194 1175 241 1211 52
264 1169 375 1210 αἷτιά
399 1168 530 1224 γέγονε
549 1173 622 1211 τοῦ
643 1167 830 1212 θανάτου
853 1174 925 1212 τοῦ
948 1172 1052 1212 ἷδιόυ
1076 1170 1204 1226 αὐτῆς
1223 1172 1329 1215 υἱοῦ.
1399 1172 1439 1214 οἱ
1459 1166 1530 1214 οὖν
1545 1175 1721 1227 συγκλη-

261 1238 363 1280 τικοὶ
390 1238 458 1279 καὶ
487 1240 648 1279 πολῖται
678 1242 752 1293 τῆς
773 1239 985 1291 Καδμείας
1006 1236 1160 1289 πόλεως
1183 1239 1256 1282 οὐκ
1278 1240 1464 1289 ἐδέξαντο
1494 1238 1565 1283 τὸν
1592 1239 1717 1282 αὐτὸν
1731 1248 1774 1284 15

259 1303 466 1349 Διόνυσον
496 1307 695 1360 διοικῆσαι
724 1305 798 1360 τὴν
815 1308 1026 1359 βασιλείαν
1048 1307 1183 1350 αὐτῶν
1193 1341 1206 1360 ,
1244 1308 1423 1364 λέγοντες
1442 1306 1504 1350 ὅτι
1522 1307 1594 1350 τὸν
1614 1308 1718 1350 ἴδιον

257 1372 480 1430 ἔξάδελφον
500 1371 690 1431 ἐφόνευσε
708 1373 765 1429 μὴ
788 1373 843 1417 ὢν
859 1373 1070 1428 βασιλεύς·
1111 1376 1181 1418 ἐὰν
1197 1374 1444 1433 βασιλεύσῃ,
1482 1375 1628 1419 ἀπολεῖ
1641 1375 1716 1431 τὴν

256 1443 475 1485 Βοιωτίαν.
547 1444 614 1484 καὶ
644 1443 948 1499 προετρέψαντο
978 1445 1334 1499 παρακαλέσαντες
1363 1445 1435 1487 τὸν
1453 1446 1714 1500 Λυκοῦργον,

258 1509 391 1567 ἄνδρα
419 1507 572 1567 σοφόν,
612 1509 789 1560 εἶπόντες
812 1511 922 1569 αὐτῷ
942 1511 994 1553 τὰ
1014 1511 1242 1567 συμβάντα.
1306 1515 1372 1555 καὶ
1395 1511 1603 1556 ὧπλίσατο
1625 1513 1711 1555 κατ’

257 1578 402 1633 αὐτοῦ,
425 1580 492 1622 καὶ
509 1577 691 1633 ἐκβάλλει
710 1579 834 1622 αὐτὸν
857 1580 900 1622 ἐκ
923 1584 996 1635 τῆς
1007 1583 1220 1635 Καδμείας
1238 1579 1391 1632 πόλεως
1407 1582 1475 1623 καὶ
1491 1585 1565 1637 τῆς
1575 1584 1767 1624 Bono-20

256 1649 359 1698 τίας.
430 1649 497 1690 καὶ
526 1647 646 1703 γνοὺς
671 1652 792 1690 τοῦτο
819 1645 1088 1702 ὃΔιόνυσος,
1128 1648 1188 1692 ὅτι
1218 1648 1422 1693 ὥπλίσατο
1454 1648 1549 1716 ua?x
1567 1648 1709 1702 αὐτοῦ,

349 1746 382 1780 1.
407 1741 518 1789 λέγει]
544 1744 653 1786 „Scr.
678 1742 820 1789 λέχους,
844 1755 887 1778 ex
910 1744 1078 1791 Euripide
1100 1744 1136 1780 in
1159 1746 1298 1792 Prolog.
1322 1746 1450 1781 Bacch.
1472 1757 1508 1780 v.
1530 1746 1621 1781 295⁶
1645 1745 1710 1780 Ch.

349 1790 405 1825 11.
429 1792 601 1834 Καδμίαν
626 1791 695 1824 Ox.
719 1795 755 1825 et
776 1801 853 1825 mox
876 1790 927 1824 bis
952 1793 1128 1835 Καδμίας.
1222 1794 1278 1828 17.
1304 1789 1435 1827 ἀπολεῖ
1457 1792 1542 1832 Ch.‚
1573 1787 1714 1827 ἀπωλεῖ

345 1854 393 1861 ·-
427 1839 628 1872 Βοιωτείαν
660 1836 727 1870 ΟΧ.
761 1842 796 1870 et
826 1848 904 1871 mox
938 1839 1145 1878 Βοιωτείας.
1262 1840 1315 1874 19.
1356 1835 1557 1881 ninnium]
1598 1837 1709 1879 ‚‚Scr.

345 1878 539 1924 ὡπλίζετο,
561 1882 634 1916 sive
657 1879 860 1923 ὡπλίσατο,
883 1881 935 1916 uti
956 1883 1047 1918 infra
1070 1884 1259 1918 habetur.“
1283 1884 1348 1918 Ch.
1437 1886 1493 1919 21.
1517 1879 1574 1919 ὅτι
1596 1880 1709 1918 ὁπλί-

346 1938 435 1964 σατο
458 1925 543 1963 κατ’
570 1927 723 1972 αὕτοῦ.]
754 1929 903 1971 „Verba
924 1928 991 1963 ista
1013 1929 1241 1974 transposita,
1264 1930 1407 1984 locoque
1428 1941 1495 1984 non
1517 1940 1576 1964 suo
1599 1939 1708 1984 appa-

343 1978 433 2008 rent.
480 1975 600 2019 Itaque
622 1974 798 2018 legendum
821 1985 961 2009 censent
997 1975 1068 2010 Καὶ
1093 1974 1205 2020 γνούς
1227 1977 1339 2011 τοῦτο
1365 1988 1385 2010 ο
1410 1979 1614 2015 Διονυσος,
1649 1987 1708 2009 οτι

345 2015 528 2055 &utalaam
552 2017 633 2055 κατ’
660 2016 790 2062 αὐτοῦ,
815 2018 926 2065 ἔφυγε
948 2024 1042 2055 etc.“
1066 2022 1131 2057 ch.
1167 2022 1390 2056 Ponebantur
1411 2025 1489 2067 post
1514 2021 1705 2062 Βοιωτίας.

247 2106 371 2150 pressa
402 2099 445 2132 ab
476 2099 590 2143 aliquo
613 2099 770 2140 mortali,
804 2099 841 2133 ἰη
862 2101 980 2135 Jovem
1008 2102 1127 2136 retulit
1149 2102 1284 2145 culpam
1314 2099 1436 2145 stupri.
1482 2099 1577 2134 Pace
1598 2098 1706 2144 igitur

247 2146 340 2176 mter
362 2154 419 2177 eos
442 2145 646 2189 composita,
678 2144 845 2187 Dionysus
868 2146 1041 2181 mandavit
1062 2145 1223 2180 militibus
1243 2145 1330 2187 suis,
1369 2145 1421 2179 uti
1444 2144 1704 2190 praeoccupatis

247 2187 328 2222 viae
347 2189 532 2233 angustiis,
559 2189 671 2234 parati
695 2194 804 2223 essent
820 2190 1006 2226 Pentheum
1029 2191 1165 2226 adoriri.
1212 2191 1264 2225 Ad
1287 2190 1355 2225 iter
1376 2190 1495 2236 itaque
1518 2190 1564 2224 eis
1588 2203 1623 2225 se
1645 2201 1705 2224 ac·-

247 2232 481 2277 cingenfibus,
507 2235 673 2279 Dionysus
697 2235 812 2280 paucis
835 2235 979 2280 stipatus
1003 2238 1047 2271 ad
1069 2238 1258 2272 Pentheum
1279 2237 1395 2279 venit3
1428 2236 1507 2281 qui,
1543 2236 1628 2270 nihil
1649 2235 1703 2269 in-

245 2278 409 2313 sidiarum
435 2280 643 2326 suspicatus,
673 2286 709 2314 et
731 2280 805 2325 ipse
827 2281 955 2315 modico
979 2283 1163 2317 instructus
1187 2281 1365 2324 satellitio,
1403 2293 1478 2316 cum
1502 2282 1620 2325 Agave
1643 2292 1703 2316 co·-

245 2324 329 2359 mite
351 2325 479 2360 exibat.
522 2326 610 2360 Dum
633 2338 716 2360 vero
740 2326 807 2359 iter
828 2326 981 2371 faciunt,
1003 2328 1157 2363 incidunt
1178 2327 1214 2362 in
1236 2327 1378 2372 Dionysi
1401 2326 1606 2368 exercitum3
1643 2326 1703 2370 qui

245 2369 437 2405 Pentheum
469 2370 602 2415 adorti,
637 2372 941 2416 comprehendunt:
982 2378 1155 2420 caputque
1187 2373 1239 2415 ei,
1276 2385 1318 2407 ex
1353 2372 1494 2417 Dionysi
1529 2371 1702 2413 mandato,

244 2416 360 2450 statim
383 2416 608 2460 detruncant,
630 2417 798 2462 matrique
821 2418 893 2461 ejus
916 2418 1095 2461 deferunt3
1121 2421 1165 2453 ob
1182 2418 1414 2453 contumeliam
1436 2416 1567 2451 scilicet
1591 2417 1635 2450 ab
1658 2428 1701 2450 ea

244 2460 399 2506 Dionyso
444 2462 582 2497 illatam.
652 2463 732 2504 Quo
762 2463 855 2496 facto
889 2463 924 2497 in
957 2466 1073 2498 urbem
1104 2464 1278 2499 Cadmiam
1311 2463 1496 2498 revertitur
1530 2461 1699 2506 Dionysus

243 2517 385 2551 regnum
408 2509 644 2554 capessiturus.
688 2508 779 2542 Hinc
811 2509 942 2542 Poetae
973 2510 1192 2550 fabulantur,
1227 2510 1378 2553 Agavem
1400 2507 1471 2541 filio
1501 2518 1559 2541 suo
1594 2512 1699 2552 caput

244 2558 458 2597 amputasse,
496 2566 536 2588 eo
570 2554 661 2600 quod
685 2554 871 2588 Pentheum
906 2554 1056 2598 Dionyso
1082 2554 1286 2594 concilians,
1320 2552 1385 2587 filii
1408 2553 1459 2586 sui
1481 2552 1572 2586 necis
1596 2563 1699 2586 causa

243 2598 377 2633 fuisset.
425 2599 528 2634 Cives
552 2605 663 2635 autem
686 2600 922 2644 Primoresque
950 2600 1044 2634 urbis
1072 2599 1235 2633 Cadmiae
1259 2598 1443 2642 Dionysum
1465 2609 1580 2642 regem
1603 2608 1698 2632 suum

243 2642 373 2677 habere
394 2645 595 2687 noluerunt3
623 2645 773 2680 dicentes
797 2656 893 2687 eum,
916 2645 994 2690 qui,
1016 2645 1171 2690 privatus
1194 2644 1271 2678 dum
1294 2647 1400 2684 esset,
1425 2643 1614 2688 patruelem
1635 2653 1698 2676 ne—

242 2686 278 2720 ci
300 2688 467 2732 dedisset,
500 2691 529 2725 si
552 2691 597 2726 ad
618 2690 717 2735 regni
738 2690 878 2734 fastigia
898 2690 1004 2725 fuerit
1026 2694 1229 2736 provectus,
1252 2689 1359 2734 ipsam
1382 2689 1559 2723 Boeotiam
1580 2687 1697 2722 fundi-

242 2736 298 2766 tus
331 2745 539 2772 eversurum.
592 2737 786 2782 Lycurgum
815 2735 953 2780 itaque,
995 2747 1115 2770 verum
1145 2734 1347 2780 sapientem,
1390 2735 1446 2768 cui
1485 2746 1556 2769 rem
1590 2739 1696 2768 totam

239 2778 422 2822 aperiunt,
456 2782 492 2815 in
514 2781 672 2817 auxilium
693 2793 787 2816 suum
809 2784 954 2816 vocantz
992 2782 1052 2826 qui
1087 2784 1207 2815 contra
1230 2779 1415 2824 Dionysum
1439 2791 1534 2814 arma
1554 2790 1695 2831 sumens,

240 2835 283 2857 ex
307 2825 392 2860 urbe
413 2825 527 2870 illum,
561 2831 664 2874 atque
687 2828 790 2864 etiam
813 2839 856 2863 ex
878 2827 1084 2864 Boeotorum
1106 2825 1228 2862 finibus
1252 2826 1462 2861 exterminat.
1511 2824 1616 2868 Quod
1637 2824 1695 2859 ubl
