1838 3230
659 182 1124 230 PROLEGOMENA.
1582 210 1630 238 LI

138 304 220 338 'non
236 297 358 339 alium
379 298 500 341 fuisse
521 315 544 341 a
570 299 762 343 Clemente
783 299 1074 343 Alexandrino
1088 336 1100 354 ‚
1132 304 1202 356 qui
1222 303 1265 343 in
1287 303 1419 343 Libris
1446 300 1629 346 Struma·-

139 375 235 407 1emn
261 366 303 405 in
335 368 458 408 rebus
486 367 705 410 Historicis
732 376 849 422 atque
877 369 1178 425 Chronologicis
1208 373 1360 412 multus
1389 380 1469 424 est3
1510 381 1629 428 atque

138 435 192 474 ita
219 434 475 491 Theophilum
500 435 872 492 Chronographum‚
913 453 1029 492 quem
1062 439 1167 479 idem
1196 440 1297 479 solet
1320 446 1459 483 testem
1483 445 1627 497 appel-

137 498 245 556 lare,
274 518 356 544 non
384 504 504 546 alium
535 506 659 546 fuisse
691 520 809 559 quam
841 506 1100 561 Theophilum
1131 509 1375 563 Episcopum
1399 510 1627 552 Antioche-

138 587 253 624 num,
284 571 497 613 Librorum
526 575 650 615 trium
687 574 743 614 ad
776 574 1022 627 Autolycum
1057 577 1326 631 Scriptorem:
1370 579 1413 618 in
1455 593 1626 632 quorum

137 637 353 682 Librorum
373 638 430 681 atl
445 641 693 699 Autolycum
723 645 843 684 tertio
863 645 912 684 de
931 645 1051 685 rebus
1073 643 1372 700 Chronologicis
1392 662 1475 687 non
1496 662 1627 701 pauca

66 742 71 748 .
137 706 264 750 literis
289 709 543 764 produntur,
575 718 614 750 et
642 713 764 753 series
793 727 990 753 annorum
1021 713 1070 752 ab
1093 714 1139 752 Ο.
1165 715 1206 752 C.
1237 714 1288 752 ad
1312 715 1475 755 Antoris
1498 730 1626 769 usque

139 786 308 819 aetatem
337 786 535 832 perpetuo
563 780 630 822 filo
661 781 897 834 deducitur3
939 783 1033 834 quin
1063 788 1102 821 et
1128 782 1247 822 Liber
1277 783 1345 822 ille
1364 799 1387 822 a
1407 783 1625 825 Lactantio

137 840 344 887 Fir-miano
378 848 453 887 sub
489 850 625 888 Titulo
656 850 776 890 Libri
807 849 855 889 cle
884 849 1120 905 temporibus
1160 847 1215 905 (i.
1247 865 1282 892 e.
1321 850 1624 908 Chr-omologici)

136 916 338 957 laudatur.
396 918 591 970 Equidem
612 919 667 958 ita
689 919 980 959 eruditissimus
1006 917 1246 958 oxoniensis
1265 919 1405 959 Editor
1425 919 1625 960 dictorum

137 980 354 1026 Librorum
372 984 429 1025 ad
449 985 706 1041 Autolycum,
738 987 762 1030 ὁ
783 992 860 1030 νῦν
879 988 924 1030 ἐν
944 987 1086 1042 ἁγίοις,
1116 986 1158 1025 in
1180 985 1449 1043 Praff'atione,
1475 989 1624 1042 absque

135 1054 222 1094 ullo
251 1055 310 1094 rei
344 1054 542 1107 examine,
573 1070 650 1109 pro
681 1071 871 1096 concesso
907 1042 1049 1106 babet,
1091 1070 1112 1094 a
1143 1052 1450 1110 Chronographo
1485 1065 1624 1098 nostro

138 1122 338 1175 designari
357 1123 493 1175 illum,
525 1125 844 1179 quotiescunque
868 1140 916 1164 ex
940 1121 1158 1178 Theophilo
1186 1121 1491 1178 Chronographo
1515 1127 1624 1165 testi-

136 1191 269 1231 monia
287 1190 574 1245 proferuntur,
605 1194 698 1246 quia
726 1209 780 1234 sc.
809 1194 910 1233 nihil
936 1192 1164 1232 inaudierat
1183 1190 1234 1230 de
1260 1191 1478 1246 Theophilo
1500 1193 1624 1235 Chro-

136 1255 341 1314 nogr'apho
370 1260 460 1302 alio.
522 1261 573 1301 Ut
596 1275 695 1301 vero
717 1263 894 1302 diluatur
917 1260 1044 1301 omnis
1067 1258 1298 1313 hujusmodi
1319 1262 1514 1315 suspicio,
1544 1262 1624 1303 hoc

135 1341 264 1385 ununq
295 1328 665 1381 impraesentiarum
695 1331 965 1378 monebimus,
1003 1343 1070 1369 res
1100 1329 1196 1366 istas
1227 1341 1327 1381 quas
1356 1330 1548 1382 producit
1574 1345 1624 1371 ex

139 1392 331 1437 Clemente
358 1404 398 1437 et
428 1396 645 1453 Theophilo
678 1397 995 1454 Chronographis
1021 1397 1250 1437 Historieus
1279 1405 1437 1450 noster,
1469 1400 1511 1438 in
1539 1398 1621 1440 Gle-

134 1465 275 1504 mentis
300 1463 433 1507 Alex.
469 1473 508 1506 et
541 1463 747 1522 Theophili
773 1468 1019 1508 Antiocheni
1040 1464 1240 1519 Operibus
1265 1478 1346 1503 non
1370 1469 1529 1507 omnino
1557 1483 1622 1508 re-

133 1533 272 1588 periri.
334 1534 418 1573 Hos
440 1534 599 1574 eosdem
622 1537 871 1590 Scriptores,
905 1534 1134 1576 Clementem
1157 1540 1195 1572 et
1225 1533 1476 1589 Theophilum
1501 1534 1624 1576 Chro-

135 1602 381 1658 nogmphos,
421 1605 469 1643 ab
501 1603 702 1657 Hesychio
733 1605 909 1657 quodam
942 1604 983 1642 in
1011 1601 1198 1642 Homilia
1235 1602 1318 1641 sive
1347 1602 1533 1643 Sermone
1562 1605 1624 1643 De

135 1671 356 1711 Nativitate
381 1670 547 1723 Christi,
580 1673 622 1719 in
642 1673 879 1725 Fragmento
913 1672 1023 1725 quod
1053 1677 1163 1709 extat
1189 1671 1296 1723 apud
1317 1670 1533 1710 Anastasii
1549 1672 1623 1712 Ni.

136 1739 368 1792 caeni(seu
396 1740 531 1792 potius
561 1739 765 1794 Sinaitae)
800 1740 1053 1792 Quaestiones
1085 1736 1344 1792 Theologicas
1364 1753 1413 1777 ex
1438 1738 1624 1780 Gentiani

135 1806 302 1847 Her-veti
324 1809 460 1847 Latina
491 1809 824 1861 Interpretatione
851 1809 891 1846 in
913 1806 1165 1846 Bibliotheca
1187 1809 1357 1846 Parrum
1388 1807 1533 1859 editas,
1563 1809 1622 1847 ci—

134 1882 241 1915 tatos
260 1876 506 1917 invenimus:
539 1885 579 1916 at
598 1891 680 1915 non
701 1885 760 1916 est
784 1891 856 1915 cur
879 1876 922 1914 id
939 1882 1076 1914 contra
1094 1876 1184 1926 illa,
1223 1890 1324 1928 quae
1346 1890 1469 1929 supra
1488 1878 1621 1930 posui-

133 1958 246 1996 mus,
281 1944 331 1984 de
351 1945 515 1985 illorum
549 1943 945 1999 Chronographorum
974 1950 1102 1983 aetate
1119 1946 1159 1983 in
1182 1951 1456 1996 argumentum
1479 1960 1499 1983 a
1521 1959 1622 1998 quo-

135 2025 255 2066 quam
283 2013 479 2054 trabatur.
545 2015 662 2053 Nulla
698 2014 801 2053 enim
829 2012 1044 2052 necessitas
1085 2013 1286 2065 postulat,
1329 2019 1374 2051 ut
1401 2012 1622 2067 Hesychius

135 2081 367 2135 praedictus
384 2097 459 2136 pro
493 2083 632 2123 eodem
660 2081 861 2122 habeatur
878 2096 968 2120 cum
997 2078 1196 2132 Hesychio
1217 2081 1446 2120 Patriarcha
1472 2082 1621 2122 Hiero-

136 2151 396 2204 solymitano,
446 2153 514 2205 qui
543 2152 679 2192 seculo
709 2161 824 2190 sexto
854 2157 1023 2190 exeunte
1057 2149 1139 2188 sive
1164 2150 1326 2203 septimo
1355 2153 1517 2190 ineunte
1542 2151 1620 2190 flo-

135 2219 262 2259 ruisse
282 2227 468 2273 putatur5
501 2235 590 2261 cum
622 2227 682 2259 tot
712 2220 752 2258 in
783 2217 962 2259 Ecclesia
996 2216 1233 2258 Graecorum
1262 2219 1388 2258 multo
1419 2220 1619 2258 recentio-

135 2302 200 2328 res
230 2288 424 2344 Hesychii
449 2290 682 2329 claruerint.
750 2288 834 2326 Imo
875 2287 945 2327 vix
982 2286 1078 2325 mihi
1111 2286 1300 2337 dubium,
1342 2288 1438 2338 quin
1468 2285 1620 2326 Joarme

135 2364 274 2397 nostro
292 2356 451 2397 Malela
472 2358 669 2398 recentior
688 2357 738 2396 sit
755 2357 831 2395 iste
850 2354 1096 2410 Hesychius,
1128 2361 1167 2394 et
1199 2368 1248 2392 ex
1273 2355 1343 2393 illo
1368 2355 1454 2406 ipso
1475 2355 1619 2393 exscri-

135 2427 263 2479 pserit
290 2439 335 2465 ea
367 2440 469 2478 quae
501 2428 666 2465 citatum
686 2426 966 2476 Fragmentum
1001 2422 1177 2463 exhibet.
1235 2422 1322 2461 Hoc
1348 2429 1393 2460 ut
1419 2436 1542 2474 penes
1566 2423 1618 2461 sit

133 2494 331 2547 judicium
353 2495 555 2545 Lectoris,
595 2502 634 2534 et
653 2496 743 2547 quia
773 2493 963 2532 conducit
985 2492 1033 2530 ad
1053 2504 1238 2529 numeros
1259 2491 1386 2529 nostri
1404 2491 1617 2543 Exempla-

136 2562 191 2601 ris
223 2562 470 2602 Malelianos
512 2563 803 2615 aliquantulum
840 2560 1132 2607 emendandos,
1173 2573 1234 2597 me
1271 2572 1346 2596 non
1379 2558 1528 2610 pigebit
1565 2560 1615 2597 ob

137 2630 278 2669 oculos
305 2630 372 2670 hic
406 2631 630 2680 adducere3
673 2629 834 2670 Graecis
871 2631 1035 2682 insuper
1077 2627 1238 2667 attextis
1266 2640 1316 2664 cx
1344 2624 1617 2666 Bibliothecae

136 2696 381 2738 Bodleianae
397 2700 478 2740 MS.
497 2698 542 2755 ¹)
571 2700 737 2750 Codice,
767 2713 869 2752 quae
888 2699 1067 2738 nondum
1084 2697 1128 2750 2)
1160 2698 1288 2735 lucem
1311 2709 1519 2747 aspexere.

183 2843 228 2888 ¹)
254 2843 516 2878 membranaceo
540 2843 574 2878 in
599 2844 682 2880 sollo
706 2845 797 2879 inter
822 2843 930 2878 codd.
956 2843 1078 2878 Baroc.
1106 2855 1191 2878 num.
1217 2844 1296 2880 206.
1321 2855 1356 2889 p.
1380 2839 1465 2886 (ηδ’.
