1838 3230
447 160 1072 205 CHRONOGRAPHIA.
1131 160 1176 203 L.
1209 160 1301 204 XV.
1504 167 1603 214 389

145 265 272 323 αῧτόν
301 280 369 323 καὶ
395 279 454 335 μὴ
479 280 780 334 ἐναντιωθῆναί
803 297 916 332 τινα,
951 277 1149 336 γράψασα
1182 281 1226 322 δὲ
1253 277 1409 335 σάκραν
1429 278 1602 335 ἔχουσαν

143 347 277 391 πολλὰ
298 347 403 391 κακὰ
426 349 516 405 περὶ
534 346 739 403 Ζήνωνος.
810 349 876 390 καὶ
897 348 1152 402 ἐβασίλευσεν
1174 348 1214 391 ἓν
1229 347 1445 408 Ἀντιοχείᾳ
1465 347 1603 405 ὀλίγας

141 413 310 473 ἡμέρας.

245 507 332 549 Καὶ
358 506 479 562 ymni-9
507 503 652 560 Ζήνων
680 504 702 548 ὃ
728 506 921 560 βασιλεὺς
952 504 1106 560 ἔπεμψε
1132 503 1333 561 βοήθειαν
1361 506 1515 562 πολλὴν
1533 508 1602 549 καὶ

109 571 430 630 δστρατηλᾶτην
455 573 643 629 Ἰωάννην
671 575 742 617 τὸν
771 572 956 629 Σκύθην.
1027 576 1092 617 καὶ
1116 572 1295 624 ἀκούσας
1311 572 1514 625 Λεόντιος
1530 576 1597 618 καὶ
1620 581 1653 616 Ε

138 641 288 692 Ἰλλοῦς
305 643 370 685 καὶ
391 642 430 684 οἱ
445 642 530 696 μετ’
554 642 680 684 αὐτοῦ
700 644 766 685 καὶ
789 643 979 698 ἀνῆλθαν
995 642 1099 696 μετὰ
1117 643 1295 699 Βηρίνης
1310 644 1365 692 εἷς
1383 643 1429 685 τὸ
1447 647 1599 685 Παπῦ-
1623 651 1656 684 O
1682 650 1747 684 102

141 728 204 766 ριν
225 710 458 754 καστέλλιον
471 724 480 733 ·
517 712 582 753 καὶ
603 714 762 766 Βηρῖνα
781 712 855 764 μὲν
876 713 964 768 ἲδίῳ
984 708 1154 768 θανάτῳ
1173 715 1350 770 τελευτᾷ.
1396 712 1600 765 Παμπρέ-

140 796 233 828 πιος
260 779 308 820 δέ
336 795 397 828 τις
425 777 478 827 ὥς
510 778 713 833 προδότης
737 779 820 831 μετ’
849 779 984 821 αὐτῶν
1006 777 1060 820 ὢν
1082 777 1238 834 ἐσφάγη
1261 778 1345 820 ἄνω
1366 782 1432 820 καὶ
1454 779 1598 836 ἔρῥίφη

138 847 187 890 τὸ
207 848 402 899 λείψανον
425 847 551 889 αὐτοῦ
572 849 627 896 εἷς
647 847 698 888 τὰ
718 847 806 902 ὅρη.
874 847 1029 895 Ἰλλοῦς
1051 847 1095 888 δὲ
1116 848 1182 888 καὶ
1201 844 1402 896 Λεόντιος
1421 864 1599 903 φοσσευ-

85 922 130 956 10
141 915 282 964 θέντες
305 913 655 970 παρελήφθησαν·
693 918 759 957 καὶ
780 913 956 971 πρόοδον
981 912 1200 963 δεδωκότες
1221 914 1333 969 παρὰ
1353 919 1410 972 τῷ
1432 915 1599 972 ἄρχοντι

138 985 372 1033 Σελευκείας
391 987 466 1037 τῆς
479 983 680 1037 Ἰσαυριάς
700 983 777 1026 ἀπὸ
795 986 1007 1032 διαλαλιᾶς
1025 982 1410 1037 ἀπεκεφαλίσθησαν
1422 997 1432 1006 ·
1469 985 1536 1025 καὶ
1556 983 1600 1025 αἱ

138 1054 310 1108 κεφαλαὶ
340 1051 475 1094 αὐτῶν
506 1051 799 1106 εἰσηνέχθησαν
830 1050 991 1105 Ζήνωνι
1024 1051 1065 1092 ἕν
1090 1048 1521 1093 Κωνσταντινουπόλει
1545 1053 1601 1100 εἶς

138 1119 282 1162 κοντὸν
307 1119 552 1174 πεπηγμέναι
565 1133 575 1143 ·
612 1122 678 1161 καὶ
699 1122 825 1169 πολὺς
843 1119 960 1174 ὄχλος
980 1116 1096 1174 ἀπῄει
1114 1122 1285 1174 θεωρῶν
1305 1117 1434 1168 αὐτάς
1447 1133 1456 1142 ·
1491 1114 1599 1174 ἦσαν

136 1187 214 1244 γὰρ
234 1187 515 1242 ἄπενεχθεῖσαι
535 1187 661 1243 πέραν
681 1189 721 1230 ἓν
740 1186 891 1237 Σύκαις
911 1188 975 1229 ἐπὶ
994 1186 1064 1229 τὸν
1083 1184 1195 1242 ἅγιον
1214 1184 1402 1230 Κόνωνα.
1622 1203 1652 1238 v
1674 1204 1720 1239 37

84 1285 127 1321 15
235 1277 324 1320 Ἐπὶ
352 1279 396 1320 δέ
426 1282 498 1333 τῆς
531 1277 657 1320 αὐτοῦ
688 1278 897 1331 βασιλείας
926 1277 1160 1331 ἐβασίλευσε
1187 1280 1363 1333 Περσῶν
1387 1274 1595 1333 Περόζης·

136 1345 292 1396 πολλὰς
322 1346 367 1407 δὲ
395 1346 671 1401 ταραχὰς-καὶ
699 1343 851 1402 φόνους
876 1346 917 1388 ἔν
946 1349 1005 1403 τῷ
1038 1344 1150 1402 αὐτῷ
1180 1349 1308 1402 καιρῷ
1336 1346 1529 1399 ἐποίησαν
1561 1346 1600 1388 οἶ

135 1412 341 1470 Πράσινοι
374 1414 416 1456 ἓν
435 1414 676 1474 Ἀντιοχείᾳ·
713 1412 934 1470 ἐφόνευσαν
963 1411 1065 1468 γάρ,
1098 1415 1244 1469 φησίν,
1279 1413 1501 1462 Ἰουδαίους
1515 1429 1598 1467 μη-

136 1482 251 1532 δενὸς
270 1479 510 1539 φειδόμενοι.
570 1485 636 1525 καὶ
656 1482 846 1537 διεδ-ἔχθη
869 1480 889 1524 ὅ
914 1479 1006 1526 τότε
1026 1479 1154 1536 κόμης
1172 1485 1246 1536 τῆς
1267 1481 1466 1535 ἀνατολῆς
1491 1479 1597 1524 Θεό-

138 1552 271 1607 δωρος
300 1548 615 1607 ἀγανακτηθείς·
653 1552 718 1593 καὶ
750 1548 981 1607 εἰρήνευσαν
1007 1549 1059 1592 τὰ
1089 1547 1300 1604 δημοτικά.
1371 1550 1437 1590 καὶ
1455 1548 1598 1604 ἀνηνέ-
1620 1559 1654 1595 0
1679 1561 1744 1596 103

82 1623 223 1674 2οχθη
254 1622 312 1676 τῷ
342 1618 454 1677 αὐτῷ
484 1623 647 1674 βασιλεῖ
676 1616 836 1672 Ζήνωνι
858 1617 904 1661 τὸ
930 1615 1141 1672 γενόμενον
1168 1614 1248 1659 ὗπό
1276 1619 1356 1659 τῶν
1373 1617 1597 1671 Πρασίνων

137 1687 240 1744 πρὸς
270 1685 366 1736 τοὺς
386 1685 611 1737 Ἰουδαίους
638 1686 826 1740 ἀσέβημα
840 1699 850 1708 ·
887 1687 952 1728 καὶ
973 1682 1224 1740 ἠγανάκτησε
1246 1683 1350 1727 κατὰ
1370 1687 1452 1727 τῶν
1471 1687 1596 1742 Πρα-

227 1830 261 1864 6.
286 1826 459 1873 Παπύρις
476 1828 545 1863 Ox.
592 1829 647 1864 13.
671 1824 879 1863 κόντονΟΧ.
926 1826 1009 1861 ibid.
1035 1822 1135 1861 ἀπίει
1150 1825 1218 1860 Ox.
1266 1826 1321 1862 15.
1343 1824 1510 1871 Περοζής
1527 1826 1594 1861 Ox.

136 1953 339 1994 obnitentes,
363 1952 539 1988 Leontium
563 1952 804 1998 Imperatorem
827 1961 918 1985 suurn
942 1953 1175 1994 agnoscerent.
1220 1948 1291 1983 Sed
1314 1952 1351 1983 et
1373 1951 1518 1986 Sacram
1541 1955 1597 1985 et-

136 1999 202 2033 iam
227 1999 406 2044 quandam,
431 1998 623 2044 opprobriis
646 1998 680 2030 in
697 1998 866 2031 Zenonem
888 1996 1064 2039 refertam,
1087 1995 1286 2042 divulgavit.
1332 1995 1454 2030 Paucis
1477 1995 1596 2042 itaque

137 2045 255 2080 diebus
277 2044 476 2079 Antiochiae
507 2043 688 2089 imperavit
710 2043 882 2078 Leontius.

228 2113 418 2158 Imperator
440 2123 522 2146 vero
545 2112 661 2153 Zeno,
700 2111 751 2145 his
774 2110 918 2152 auditis,
953 2109 1123 2154 ingentem
1147 2109 1307 2143 adversus
1329 2121 1386 2144 eos
1409 2108 1594 2144 exercitum

139 2157 268 2200 emisit,
295 2158 355 2192 sub
381 2157 484 2192 ductu
507 2157 644 2191 Joannis
668 2157 832 2201 Scythae.
881 2155 982 2196 Quod
1006 2154 1064 2189 ubi
1086 2154 1252 2195 Leontio,
1277 2155 1360 2196 Illo,
1385 2154 1596 2197 caeterisque

138 2215 254 2240 eorum
278 2203 437 2244 consciis,
462 2209 575 2237 notum
599 2202 685 2243 fuit3
709 2203 743 2236 in
771 2201 954 2248 Papyrium
978 2200 1158 2235 Castellum
1181 2211 1314 2242 omnes,
1339 2212 1404 2234 una
1428 2211 1500 2234 cum
1524 2199 1596 2231 Ve-

138 2250 234 2290 lina,
258 2261 294 2284 se
317 2255 538 2294 receperunt:
584 2248 655 2283 Ubi
678 2248 825 2289 Verina,
863 2253 1006 2280 naturae
1036 2247 1246 2287 concedens,
1269 2246 1356 2279 diem
1381 2257 1472 2279 suum
1496 2243 1593 2278 obiit.

138 2295 360 2340 Pamprepius
382 2306 465 2328 vero
490 2293 637 2339 quidam,
662 2295 705 2328 ob
731 2292 914 2338 [Castelli]
939 2291 1163 2337 proditionem
1186 2291 1391 2330 medicatam,
1412 2290 1447 2323 in
1469 2299 1593 2323 summa

140 2341 212 2384 ejus
242 2346 340 2385 parte
363 2339 489 2375 occisus
520 2345 589 2382 est,
628 2339 795 2374 cadavere
818 2339 889 2382 ejus
913 2339 946 2372 in
970 2343 1098 2373 montes
1121 2338 1286 2382 projecto.
1345 2336 1426 2369 lllus
1449 2345 1532 2368 vero
1555 2338 1592 2368 et

140 2385 314 2427 Leontius,
338 2385 511 2419 obsidione
535 2386 650 2429 cincti,
675 2385 769 2430 capti
793 2388 879 2419 sunt.
928 2383 1081 2428 Dumque
1103 2382 1138 2416 in
1161 2382 1284 2416 itinere
1307 2386 1382 2414 sunt
1403 2380 1446 2413 ad
1470 2379 1591 2412 Seleu-

141 2430 214 2465 ciae
245 2430 394 2466 Isauriae
427 2431 662 2472 Praefectum,
706 2432 749 2464 ob
783 2429 1047 2464 maledicentiam
1079 2439 1170 2462 suam
1203 2426 1314 2472 capite
1348 2425 1482 2459 multati
1503 2428 1590 2458 sunt.

142 2475 266 2521 Capita
287 2487 370 2510 vero
393 2487 521 2518 eorum,
551 2475 876 2521 Constantinopolim
899 2475 1024 2516 delata,
1048 2474 1090 2509 ad
1114 2474 1156 2508 D.
1183 2473 1354 2505 Cononem
1376 2470 1411 2505 in
1435 2469 1590 2515 opposito

140 2521 241 2555 litore
263 2521 416 2567 Syceno,
456 2522 564 2556 turbis
587 2522 723 2556 interim
757 2520 936 2556 innumeris
960 2519 1004 2554 ad
1027 2518 1252 2566 spectaculum
1276 2515 1590 2556 concursitantibus‚

141 2578 163 2600 a
185 2566 323 2602 Zenone
346 2568 453 2602 contis
481 2568 588 2602 affixa.
610 2573 699 2602 sunt.

231 2633 387 2687 Ejusdem
418 2635 478 2668 sub
501 2635 647 2681 Imperio
681 2635 826 2670 Perozes
849 2633 962 2669 Persis
993 2630 1173 2677 regnavit,
1214 2641 1280 2675 quo
1303 2635 1459 2675 tempore
1488 2627 1590 2662 etiam

140 2679 274 2714 Prasim
295 2680 452 2714 tumultus
474 2680 674 2715 Antioohiae
696 2682 855 2715 maximos
877 2680 1090 2719 excitarunt,
1123 2676 1261 2710 Judaeis
1294 2676 1337 2710 ad
1361 2685 1459 2710 unum
1483 2672 1589 2709 omni-

140 2726 200 2758 bus
229 2725 451 2759 internecioni
482 2726 583 2761 datis.
631 2727 735 2767 Quod
766 2726 803 2762 in
827 2725 1008 2760 Theodoro
1032 2723 1184 2757 Orientis
1218 2721 1352 2756 Comite
1382 2731 1448 2755 non
1477 2719 1590 2753 ferens

139 2770 349 2813 Imperator,
375 2781 449 2803 eum
472 2771 639 2815 dignitate
660 2772 774 2814 exuit;
811 2771 1058 2814 Tumultusque
1080 2767 1160 2802 inde
1182 2766 1215 2802 in
1240 2766 1365 2812 populo
1385 2763 1588 2810 consopitus.

139 2815 329 2861 Imperator
361 2821 471 2850 autem
495 2817 587 2852 Zeno
613 2818 737 2853 certior
769 2818 879 2852 sactus
910 2816 953 2850 de
977 2827 1018 2850 eo
1043 2813 1135 2859 quod
1167 2824 1187 2847 a
1211 2812 1359 2849 Prasinis
1387 2810 1423 2846 in
1445 2810 1592 2845 Judaeos
