1838 3230
8 120 10 122 ⁴
0 31 18 69 vsa
11 0 23 14 χ

436 198 1053 246 CHRONOGRAPHIA.
1108 199 1156 242 L.
1187 198 1295 246 VIII.
1504 209 1605 255 203

91 320 359 381 *ῥίζῃ-ζωὴ
379 318 512 375 ὄνομα
530 323 606 375 τῆς
624 318 751 362 αὐτοῦ
770 317 1001 376 θυγατρός,
1038 317 1181 379 πρῴην
1199 315 1329 365 οὖσαν
1350 319 1491 378 κώμην
1511 320 1606 367 ὄνό-

129 405 232 443 ματι
254 386 511 444 Μαζαβδάν,
539 386 715 444 ποιήσας
736 387 842 430 κατὰ
863 388 911 431 τὸ
935 387 1036 439 ἔθος
1058 390 1215 433 θυσίαν
1239 393 1298 450 τῷ
1317 391 1414 444 Διί,
1451 393 1518 434 καὶ
1538 395 1605 435 αι’-

129 455 359 514 τησᾶμενος
385 461 466 500 ποῦ
490 458 614 501 κτίσει
637 457 711 500 τᾶν
733 454 873 510 πόλιν,
908 453 1039 513 ἦλθεν
1061 458 1178 510 ἀετὸς
1195 457 1317 503 πάλιν
1333 462 1400 504 καὶ
1418 459 1604 518 ἥρπασεν

131 525 213 569 ἀπὸ
230 530 309 582 τῆς
327 527 505 576 θυσίας·
541 527 608 570 καὶ
626 527 668 569 ἓν
686 530 745 584 τῷ
764 524 1029 570 καταδιώκειν
1049 527 1175 571 αὐτὸν
1193 528 1266 572 τὸν
1284 528 1403 573 ἀετὸν
1420 527 1604 587 ὗπήντη-
1628 543 1661 578 0
1685 543 1755 580 259

97 605 119 639 5
133 611 203 638 σεν
218 595 333 654 αὐτῷ
352 593 530 652 σύαγρος
549 596 689 652 μέγας,
714 595 893 646 ἐξελθών
912 595 992 639 ἀπὸ
1013 601 1270 652 καλαμῶνος,
1294 597 1432 641 ὅντινα
1454 599 1605 644 ἀνεῖλεν

131 657 244 722 ᾧτινι
270 671 426 719 κατεῖχε
459 661 625 721 δόρατι·
662 665 728 707 καὶ
758 663 964 722 φονεύσας
992 666 1065 709 τὸν
1091 664 1271 723 σύαγρον
1301 669 1368 710 καὶ
1403 666 1533 726 σύρας
1556 670 1603 713 τὸ

129 734 325 788 λείψανον
343 733 494 786 αὐτοῦ,
533 734 577 775 ἐκ
599 738 673 776 τοῦ
695 735 869 788 αἵματος
887 734 1015 777 αἰτοῦ
1038 733 1248 792 διεχάραξε
1273 736 1324 779 τὰ
1345 738 1455 793 τείχη
1478 736 1603 789 ἐάσας
1627 751 1659 786 V
1682 752 1728 788 86

127 801 203 845 τὸν
227 799 370 846 ἀετόν·
407 803 474 845 καὶ
503 801 635 852 οὕτως
659 802 734 857 τὴν
762 802 891 858 αὐτὴν
916 801 1034 846 πόλιν
1050 804 1204 848 ἔκτισεν
1224 803 1358 849 ἐπάνω
1380 811 1456 850 τοῦ
1479 809 1606 862 αἵμα-

129 887 200 922 τος
218 876 293 914 τοῦ
315 868 518 927 συάγρου,
548 870 759 921 θυσιάσας
782 869 908 928 κόρην
928 872 1038 928 ἇὸαῆ
1062 871 1232 927 ὀνόματι
1243 873 1420 931 Ἀγαύην
1431 908 1444 927 ,
1484 876 1604 932 ποιή-
1655 926 1658 931 ¹

73 949 119 982 10
129 956 208 991 σας
229 940 334 998 αὐτῇ
355 939 510 996 στήλην
522 945 682 996 χαλκῆν
707 943 762 991 εἷς
781 938 907 996 τύχην
926 947 1001 997 τῆς
1020 942 1148 998 αὐτῆς
1169 941 1337 994 πόλεως.
1410 943 1538 988 ἔκτισε
1558 947 1603 989 δὲ

127 1006 149 1052 ὃ
171 1008 298 1061 αὐτὸς
319 1009 516 1059 Σέλευκος
538 1008 559 1052 ὅ
580 1007 776 1067 Νικάτωρ
806 1012 874 1052 καὶ
894 1010 1023 1066 ἄλλην
1043 1010 1160 1055 πόλιν
1182 1012 1237 1062 εἷς
1259 1012 1333 1069 τὴν
1351 1014 1509 1070 Συρίαν
1525 1032 1601 1070 με-

125 1076 257 1134 γάλην
284 1081 345 1131 ,εἲς
371 1077 503 1133 ὄνομα
529 1083 604 1134 τῆς
630 1079 758 1122 αὐτοῦ
786 1080 999 1137 θυγατρὸς
1013 1078 1223 1136 Ἀπάμας,
1261 1079 1442 1139 εὖρηκώς
1458 1081 1601 1139 κώμην

126 1145 271 1205 πρῴην
291 1147 509 1204 λεγομένην
532 1145 756 1205 Φαρνάκην
770 1161 779 1172 ·
816 1150 884 1191 καὶ
910 1150 1085 1204 τειχίσας
1112 1149 1242 1206 αὐτὴν
1264 1148 1285 1193 ὃ
1306 1150 1432 1202 αὐτὸς
1450 1153 1601 1196 Σέλευ-

126 1233 199 1266 κος
218 1214 456 1271 ἐπωνόμασε
475 1215 605 1270 πόλιν,
627 1217 802 1267 καλέσας
823 1217 951 1273 αὐτὴν
970 1217 1204 1274 Ἀπάμειαν,
1227 1221 1383 1263 θυσίαν
1403 1219 1579 1278 ποιήσας
1592 1236 1602 1246 ”

74 1284 179 1340 15ἣν
211 1285 337 1334 αὐτὸς
371 1284 635 1340 μετεκάλεσεν
667 1284 835 1340 ὀνόματι
866 1287 1034 1331 Πέλλαν
1065 1288 1134 1331 διὰ
1162 1288 1208 1331 τὸ
1240 1288 1340 1344 ἔχειν
1371 1290 1444 1346 τὴν
1475 1289 1603 1347 τύχην

126 1358 203 1409 τῆς
227 1353 358 1410 αὐτῆς
378 1354 600 1410 Ἀπαμείας
628 1353 784 1405 πόλεως
810 1355 857 1398 τὸ
890 1355 1021 1411 ὄνομα
1052 1362 1197 1400 τοῦτο·
1233 1353 1283 1414 ἦν
1314 1359 1391 1415 γὰρ
1422 1357 1443 1402 ὃ
1475 1360 1601 1410 αὐτὸς

125 1423 325 1474 Σέλευκος
349 1422 430 1467 ἀπὸ
456 1424 622 1479 Πέλλης
643 1428 716 1480 τῆς
736 1422 891 1475 πόλεως
913 1428 1192 1477 Μακεδονίας.
1264 1428 1426 1484 ἐποίησε
1450 1431 1494 1471 δὲ
1518 1435 1602 1472 θυ-

125 1493 220 1536 σίαν
240 1497 394 1550 ταῦρον
413 1494 480 1536 καὶ
502 1491 653 1550 τράγον
667 1507 677 1517 ’
714 1495 780 1536 καὶ
811 1493 947 1538 ἐλθών
971 1493 1093 1538 πάλιν
1118 1493 1139 1539 ὃ
1161 1495 1278 1547 ἀετὸς
1298 1498 1420 1555 ἐπῆρε
1443 1498 1518 1548 τὰς
1538 1517 1603 1542 κε-
1628 1516 1658 1550 Β

125 1561 264 1619 φαλιὶς
292 1566 367 1606 τοῦ
388 1561 543 1619 ταύρου
576 1564 643 1605 καὶ
662 1566 737 1605 τοῦ
761 1560 935 1620 τράγου·
972 1566 1040 1607 καὶ
1061 1563 1347 1623 περιεχάραξεν
1373 1568 1417 1609 ἐκ
1440 1572 1513 1610 τοῦ
1536 1569 1602 1610 αἵ-

70 1637 259 1685 Ξῦματος
289 1631 342 1674 τὰ
370 1632 494 1687 τείχη.
566 1631 695 1674 ἔκτισε
727 1632 771 1674 δὲ
799 1634 866 1674 καὶ
891 1631 1020 1682 ἄλλας
1042 1632 1271 1691 διαφόρους
1292 1633 1428 1685 πόλεις
1447 1638 1503 1686 εἷς
1526 1636 1601 1679 ἄλ-

126 1703 202 1749 λας
229 1700 426 1756 ἐπαρχίας
446 1701 512 1742 καὶ
543 1700 598 1751 εἷς
617 1700 669 1743 τι).
688 1701 875 1756 Περσικὰ
897 1702 1001 1758 με’ρη
1024 1700 1045 1744 ὃ
1068 1702 1192 1752 αὐτὸς
1210 1704 1408 1754 Σέλευκος
1428 1704 1598 1760 πολλάς,

127 1762 184 1811 ὧν
204 1767 386 1825 ἀριθμός
408 1770 518 1811 ἔστιν
539 1767 608 1822 σε’,
647 1769 792 1819 καθὼς
815 1768 835 1812 ὃ
857 1770 987 1827 σοφὸς
1004 1774 1252 1822 Παυσανίας
1274 1771 1294 1815 ὃ
1313 1773 1602 1832 χρονογράᾳος
1625 1786 1657 1822 O
1683 1788 1752 1824 260

125 1835 415 1895 συνεγράψατο
428 1870 442 1891 ,
489 1831 666 1882 ὧντινων
711 1836 868 1883 πόλεων
907 1840 975 1882 καὶ
1015 1839 1069 1883 τὰ
1098 1839 1282 1895 ὀνόματα
1310 1843 1497 1898 ἐξέθετο,
1545 1847 1600 1895 εἰς

214 1982 250 2018 9.
270 1975 425 2027 Ἀγαυήν
449 1981 516 2016 Ox.
609 1982 666 2019 22.
687 1979 960 2029 Κρονογράφος
983 1983 1052 2018 Ox.

123 2105 328 2142 nominavit:
362 2106 494 2152 (Vicus
518 2107 573 2142 hic
596 2111 699 2142 antea
720 2108 788 2143 fuit
820 2109 996 2145 Mazabda
1016 2111 1205 2156 vocatus=)
1242 2111 1346 2147 sacris
1370 2116 1482 2148 autem
1504 2113 1594 2157 Jovi,

122 2163 188 2199 pro
210 2164 304 2188 more
325 2154 496 2199 peractis,
525 2154 743 2200 Numineque
765 2162 889 2200 rogato
913 2156 973 2191 ubi
996 2157 1076 2191 urbs
1100 2157 1277 2192 condenda
1301 2166 1410 2201 esset,
1435 2160 1596 2194 advolans

122 2198 259 2244 Aquila,
284 2204 324 2234 ut
347 2205 460 2243 antea,
485 2201 624 2235 offulam
649 2213 691 2234 ex
715 2213 777 2236 ara
799 2202 956 2249 surripit:
983 2214 1080 2249 quarn
1105 2203 1183 2238 dum
1207 2215 1269 2238 rex
1290 2204 1489 2250 insequitur,
1515 2218 1595 2240 ecce

123 2244 157 2278 ei
180 2245 216 2279 in
239 2257 436 2289 occursum,
460 2258 502 2280 ex
526 2246 742 2289 arundineto,
766 2259 852 2293 aper
874 2249 1012 2293 ingens:
1050 2250 1142 2284 hunc
1166 2250 1329 2284 Seleucus
1353 2252 1472 2294 hasta,
1498 2263 1598 2296 quam

121 2290 281 2334 ferebat,
304 2291 502 2327 interfecit:
539 2298 575 2327 et
598 2293 700 2327 occisi
724 2294 800 2339 apri
825 2294 1088 2331 circumtrahens
1112 2296 1282 2338 cadaver,
1308 2297 1474 2342 missoque
1499 2299 1598 2342 aqui-

80 2351 84 2357 ¹
121 2335 179 2371 lae
199 2337 366 2383 augurio,
403 2338 566 2384 sanguine
600 2340 672 2384 ejus
695 2339 880 2384 designatis
911 2342 1083 2377 moenibus
1106 2343 1325 2377 fundamenta
1355 2344 1448 2378 urbis
1480 2343 1516 2377 in
1538 2344 1597 2379 illo

123 2383 255 2427 posuit:
280 2387 405 2430 parata
427 2385 463 2418 in
486 2385 657 2420 victimam
682 2385 818 2431 virgine
838 2387 982 2431 intacta,
1004 2388 1139 2423 nomine
1163 2390 1303 2433 Agave;
1329 2389 1384 2423 cui
1409 2389 1510 2423 etiam
1527 2395 1599 2423 sta-

122 2432 215 2463 tuam
238 2441 373 2464 aeream
406 2431 541 2474 erexit,
584 2432 621 2466 in
644 2431 831 2467 Fortunam
855 2434 958 2468 urbis.
1014 2434 1109 2469 Idem
1141 2435 1307 2469 Seleucus
1341 2434 1488 2470 Nicator
1510 2435 1597 2469 inci-

123 2472 206 2508 dens
228 2474 264 2510 in
286 2475 398 2510 vicum
421 2478 588 2522 quendam
612 2478 756 2523 Syriae,
779 2480 983 2515 Pharnacen
1007 2481 1154 2523 dictum,
1177 2481 1350 2515 moenibus
1373 2492 1449 2515 eum
1475 2480 1595 2526 cingit,

123 2520 311 2566 urbemque
332 2522 616 2568 fecit'magnam3
653 2537 674 2559 a
696 2525 790 2559 filiae
813 2537 894 2560 suae
918 2530 1070 2572 Apamae
1093 2526 1237 2569 nomine,
1262 2526 1437 2572 Apamiam
1461 2539 1598 2562 vocans.

125 2565 236 2606 Quam
259 2569 361 2602 etiam
387 2569 549 2605 Seleucus
573 2570 712 2612 deinde,
740 2575 869 2606 mutato
893 2573 1038 2616 nomine,
1062 2573 1204 2614 Pellam,
1230 2573 1273 2606 ab
1299 2572 1395 2606 urbis
1419 2573 1596 2609 Fortunae

123 2610 278 2655 nomine,
316 2614 392 2659 (sic
417 2615 551 2658 dictae,
591 2628 632 2651 eo
657 2616 748 2661 quod
773 2628 794 2652 a
816 2617 915 2652 Pella
937 2619 1166 2654 Macedoniae
1191 2619 1297 2659 urbe,
1336 2617 1409 2663 ipse
1433 2619 1595 2654 oriundus

124 2657 248 2702 erat,)
281 2660 482 2705 appellavit.
526 2662 566 2696 In
589 2663 793 2697 sacrificium
817 2675 922 2708 porro
947 2665 1070 2700 habuit
1093 2665 1272 2706 Taurum,
1306 2667 1342 2698 et
1364 2663 1525 2700 Hircum=
1559 2672 1596 2701 et

123 2702 250 2747 Aquila
271 2715 386 2740 rursus
409 2707 593 2751 advolans,
618 2709 728 2743 Tauri
752 2709 918 2755 Hircique
940 2710 1056 2756 capita
1074 2709 1253 2754 abripuit:
1286 2721 1426 2755 quorum
1451 2723 1492 2746 ex
1516 2723 1595 2746 san-

123 2748 247 2793 guine,
280 2751 411 2786 moenia
431 2753 523 2788 urbis
546 2753 748 2799 designavit.
796 2756 867 2790 Sed
894 2760 928 2790 et
952 2757 1033 2790 alias
1057 2755 1324 2800 quamplurimas
1347 2756 1510 2792 Seleucus
1534 2770 1593 2792 ur·-

122 2795 183 2829 bes
206 2795 375 2838 condidit,
415 2797 450 2831 in
473 2799 546 2834 aliis
567 2800 762 2844 regionibus
786 2806 823 2836 et
846 2802 881 2835 in
906 2801 1048 2835 Perside
1071 2800 1193 2840 etiam,
1231 2813 1368 2837 numero
1392 2814 1502 2845 nxxv,
1541 2804 1592 2838 uti

122 2841 256 2886 sapiens
281 2842 476 2884 Pausanias,
499 2844 535 2878 in
558 2846 738 2881 Chronicis
761 2847 841 2888 suis,
866 2847 1047 2881 memoriae
1070 2846 1242 2892 prodidit:
1278 2859 1362 2893 quas
1386 2861 1511 2892 omnes,
1535 2851 1591 2884 vel

122 2887 256 2922 nomine
277 2899 350 2931 suo,
375 2888 429 2924 vel
451 2888 597 2926 filiorum
618 2904 769 2936 suorum,
793 2904 858 2939 pro
880 2892 999 2936 libitu,
1023 2892 1186 2928 Seleucus
1208 2893 1396 2940 insignivit.
1445 2895 1591 2943 Sapiens
