1838 3230
388 166 1027 215 CHRONOGRAPHIA.
1082 169 1134 214 L.
1163 168 1322 216 XVIII.
1478 174 1578 226 465

109 285 333 344 μαχόμενοι
354 288 458 344 μετὰ
491 292 567 333 τοῦ·
595 288 701 332 ἲδίου
730 292 933 344 στρατοῦ·
969 290 1038 332 καὶ
1067 290 1363 346 ε’πιλαβομὲνης
1387 288 1574 348 ἑσπέρας,

109 362 193 400 τῶν
214 360 393 415 Περσῶν
413 357 673 413 διωχθέντων
692 358 756 400 ἐπὶ
777 358 893 411 μίλια
913 355 1003 411 δύο,
1027 358 1066 400 οἱ
1083 357 1243 415 ἴξαρχοι
1265 356 1476 414 Ῥωμαίων
1500 361 1577 403 σὺν

108 429 168 484 τῷ
191 422 357 485 στρατῷ
378 427 574 481 εἰσῆλθον
596 427 653 475 εἰς
674 427 922 476 Καλλίνικον
945 424 1077 470 πόλιν.
1149 429 1217 470 καὶ
1240 431 1292 484 τῇ
1319 426 1412 483 ἑξῆς
1442 426 1575 488 ἡμέρα

106 491 227 549 ἧλίου
258 493 545 545 ἀνατείλαντος
578 495 755 549 ἐξῆλθον
782 494 865 537 ἀπὸ
892 496 1141 538 Καλλινίκου
1170 493 1340 549 πόλεως,
1368 494 1578 551 περάσαν-

74 569 176 612 5τες
207 562 281 606 τὸν
304 561 529 620 Εὐφράτην
558 562 663 617 μετὰ
692 566 767 606 τοῦ
798 563 904 605 ἰδίου
937 567 1119 620 στρατοῦ
1164 564 1232 606 καὶ
1258 567 1341 607 τῶν
1375 568 1575 608 πολιτῶν·

106 632 174 674 καὶ
193 628 439 674 ἐσκύλευσαν
460 630 513 674 τὰ
534 631 711 686 λείψανα
729 635 814 674 τῶν
840 635 1032 689 Περσῶν.
1102 633 1171 674 καὶ
1193 631 1349 688 μαθὼν
1368 630 1503 676 πάντα
1522 634 1576 676 τὰ

104 697 299 755 γενόμενα
318 700 360 742 ἓν
378 702 438 758 τῷ
468 699 633 759 πολέμῳ
662 698 684 743 ὅ
713 697 962 757 μάγιστρος,
998 698 1178 757 ἐδήλωσε
1206 705 1266 760 τῷ
1290 705 1458 755 βασιλεῖ’
1475 699 1576 746 Ῥω-

102 768 251 822 μαίων.
331 769 399 811 καὶ
426 768 603 823 ἐντυχών
629 775 716 819 τοῖς
750 766 987 825 γράμμασιν
1008 766 1029 812 ὃ
1052 769 1247 823 βασιλεὺς
1270 768 1570 824 Ἰουστινιανός,
1595 773 1630 808 Ε

103 833 296 887 κελεύσας
333 836 402 880 διὰ
431 834 684 894 γραμμάτων
716 839 870 897 Τζίττᾳ
913 841 973 897 τῷ
1012 835 1276 895 στρατηλάτῃ
1312 839 1572 895 πραισέντου,

49 912 93 947 10
104 905 148 948 ἐν
165 903 356 965 Ἀρμενίᾳ
377 903 573 962 διάγοντι,
599 909 846 960 καταλαβεῖν
873 905 948 962 τὴν
973 905 1178 962 ἀνατολὴν
1198 906 1303 960 πρὸς
1322 908 1574 962 συμμαχίαν·

103 971 217 1024 ὅστις
235 975 411 1026 Τζίττας
429 976 496 1016 καὶ
517 974 727 1032 Περσικὰς
743 972 885 1031 χώρας
911 974 1131 1031 παρέλαβε.
1185 974 1407 1031 παρελθών
1437 977 1482 1018 δὲ
1505 976 1574 1019 διὰ

101 1046 185 1084 τῶν
196 1042 416 1099 Ἀρμενίων
457 1042 584 1099 ὀρέων
619 1045 811 1098 εἰσῆλθεν
831 1044 888 1093 εἲς
908 1041 1162 1097 Σαμόσατα·
1199 1040 1418 1099 ἐκελεύσθη
1444 1044 1574 1086 δὲκαὶ

100 1112 444 1161 Κωνσταντίολος
463 1115 710 1166 καταλαβεῖν
726 1111 800 1166 τὴν
821 1109 1025 1166 ἀνατολήν
1034 1144 1048 1165 ,
1086 1115 1234 1168 γνῶναι
1265 1110 1342 1167 τὴν
1373 1109 1575 1167 ἀλήθειαν

100 1183 176 1221 τοῦ
207 1180 402 1234 πολέμου.
473 1181 541 1222 καὶ
568 1178 875 1234 καταλαβόντος
902 1179 1031 1223 αὐτοῦ
1057 1178 1323 1235 Ἀντιόχειαν,
1361 1178 1570 1236 ἔξώρμησε
1600 1180 1632 1215 V
1654 1181 1696 1217 71

47 1255 90 1291 15
102 1248 207 1305 πρὸς
243 1248 341 1299 τούς
379 1245 574 1304 ἐξάρχους
609 1247 843 1305 Ῥωμαίων,
889 1248 1063 1307 ὀφείλων
1096 1248 1173 1305 τὴν
1194 1252 1340 1292 ,πᾶσαν
1370 1246 1571 1304 ἀλήθειαν
1602 1252 1634 1286 0
1654 1251 1725 1286 205

96 1321 263 1372 μαθεῖν.

194 1385 263 1428 Ἐν
283 1383 396 1444 αὐτῷ
418 1385 464 1428 δὲ
484 1389 543 1444 τῷ
559 1390 689 1444 καιρῷ
719 1385 910 1442 διεὸἕχθη
926 1382 1163 1443 Ἰουλιανός,
1185 1383 1363 1443 ἔπαρχος
1386 1403 1570 1445 πραιτω-

98 1453 222 1511 ρίων,
259 1456 326 1497 καὶ
345 1454 495 1509 ἐγένετο
519 1454 607 1497 ἀντ’
632 1454 760 1498 αὐτοῦ
778 1454 970 1511 Ἰωάννης
991 1453 1012 1498 ὃ
1034 1451 1282 1506 Καππάδοξ.

193 1521 410 1578 Ἐγνώσθη
429 1523 475 1565 δὲ
491 1521 707 1577 Ῥωμαίοις
735 1522 796 1566 ὅτι
823 1523 985 1580 ἔξαρχοι
1007 1527 1186 1580 Περσῶν
1228 1522 1334 1577 μετὰ
1361 1526 1571 1580 Περσικῆς

39 1597 88 1632 20
95 1592 298 1646 βοηθείας
320 1593 387 1633 καὶ
407 1595 661 1648 Σαρακηνῶν
685 1587 825 1647 ἦλθαν
844 1593 910 1635 ἐπὶ
927 1592 1002 1647 τὴν
1018 1589 1285 1648 Ὀσὸροηνήν,
1309 1590 1569 1648 φοσσεύσαν-

97 1675 166 1709 τες
185 1659 233 1702 τό
265 1657 444 1715 κάστρον
472 1659 519 1702 τὸ
549 1658 761 1715 λεγόμενον
785 1660 1060 1716 Ἀβγερσᾶτον
1070 1692 1085 1713 ,
1122 1660 1170 1702 τὸ
1188 1660 1356 1702 κτισθὲν
1373 1657 1452 1703 ὖπό
1470 1659 1569 1715 Ἀβ-

95 1725 242 1784 γάρου,
273 1725 481 1784 τοπάρχου
501 1731 576 1783 τῆς
593 1727 856 1785 Ὀσδροηνῶν
885 1726 1064 1778 π’λεως’
1101 1725 1178 1783 εἶχε
1204 1728 1250 1770 δὲ
1277 1727 1453 1770 παλαιὸν
1485 1734 1567 1771 τεῒ-

93 1813 171 1852 χος
190 1796 418 1839 πλίνθινον.
489 1796 529 1838 οἶ
559 1796 604 1839 δὲ
635 1795 806 1840 ἔνδοθεν
836 1794 1015 1855 φύλακες
1040 1796 1175 1851 βέλεσι
1196 1794 1566 1847 κατατοξεύσαντες

186 1917 246 1952 20.
268 1913 489 1963 Ὀσδροϊνήν
511 1916 580 1952 Ox.
606 1918 643 1952 et
664 1927 741 1951 mox
760 1912 999 1962 Ὀσδροϊνιίἴν.

93 2019 238 2054 Romani
261 2031 335 2054 cum
359 2018 513 2054 exercitu
536 2030 596 2054 suo
628 2019 826 2054 dimicantes
855 2019 1099 2065 perstiterunt;
1132 2018 1314 2055 Persarum
1334 2017 1487 2063 vestigiis
1509 2017 1564 2053 in-

93 2066 250 2101 sistentes
273 2066 317 2101 ad
342 2065 503 2100 'Milliaria
527 2065 615 2100 duo:
654 2077 769 2099 verum
798 2066 981 2110 ingruente
1003 2066 1134 2099 demum
1156 2075 1318 2109 vespera,
1360 2065 1561 2099 Callinicum

93 2113 211 2146 urbem
235 2115 483 2147 conoesserunt.
522 2112 616 2146 Luce
640 2116 752 2146 autem
776 2111 942 2157 proxima,
965 2111 1042 2148 solis
1065 2111 1125 2145 sub
1148 2116 1269 2152 ortum,
1294 2122 1369 2145 cum
1405 2111 1562 2145 exercitu

93 2157 306 2203 civibusque,
331 2169 374 2192 ex
397 2158 484 2192 urbe
507 2157 635 2202 egressi
654 2162 752 2199 sunt3
776 2157 1021 2203 Euphrateque
1041 2157 1203 2201 trajecto,
1226 2157 1451 2192 cadaveribus
1473 2157 1561 2190 Per-

92 2214 203 2238 sarum
226 2202 365 2238 exuvias
387 2203 622 2238 detraxerunt.
669 2205 717 2238 At
740 2214 823 2238 vero
846 2203 1032 2248 Magister,
1064 2202 1144 2236 belli
1168 2207 1294 2236 eventu
1318 2202 1458 2243 audito,
1491 2202 1561 2235 Im-

137 2252 284 2284 ratorem
307 2249 350 2284 (le
374 2261 415 2285 eo
440 2260 502 2294 per
524 2249 642 2283 literas
660 2249 841 2284 certiorem
863 2251 960 2284 fecit.
1005 2248 1216 2283 Justinianus
1228 2253 1339 2282 autem
1356 2248 1560 2293 Imperator,

105 2293 201 2330 ‘teris
236 2295 388 2340 acceptis
411 2295 652 2341 perlectisque,
677 2294 829 2337 Tzittae,
853 2295 1040 2341 praesentis
1063 2294 1210 2328 Militiae
1232 2294 1413 2337 Magistro,
1436 2293 1472 2326 in
1491 2294 1558 2337 Ar-

90 2340 203 2375 menia
225 2341 375 2386 degenti,
400 2352 463 2387 per
485 2341 604 2375 literas
627 2341 785 2386 imperat,
808 2341 843 2375 in
861 2341 1038 2377 Orientem
1061 2340 1246 2384 profectus,
1271 2338 1351 2372 belli
1373 2350 1410 2372 se
1432 2338 1560 2372 socium

91 2390 132 2420 ut
153 2385 376 2432 adjungeret:
399 2386 456 2432 qui
480 2391 515 2421 et
538 2386 695 2431 regiones
719 2387 873 2422 Persicas
895 2385 1099 2431 occupavit3
1121 2384 1368 2429 Armeniaeque
1389 2384 1559 2417 montibus

91 2433 271 2476 superatis,
295 2432 339 2467 ad
363 2433 541 2467 Samosata
566 2432 733 2478 pervenit.
782 2433 977 2474 Quinetiam
993 2433 1182 2477 Imperator
1206 2429 1474 2464 constantiolam
1498 2440 1559 2462 ex-

91 2475 225 2556 pledivit
239 2477 482 2519 inrientem3
511 2478 568 2524 qui
580 2490 692 2512 rerum
715 2479 751 2513 in
762 2478 849 2512 bello
859 2482 1030 2524 gestarum
1054 2477 1173 2511 seriem
1197 2475 1324 2510 certius
1348 2474 1557 2519 exploraret.

127 2521 160 2556 ic
181 2522 299 2569 itaque
321 2523 532 2559 Antiochiam
556 2524 714 2566 veniens,
756 2524 984 2560 Romanorum
1008 2523 1187 2557 Exarchos
1218 2531 1334 2555 versus
1357 2519 1437 2553 inde
1459 2519 1558 2554 ducit

91 2567 183 2610 iter3
207 2579 278 2602 rem
302 2581 442 2612 omnem,
467 2571 519 2604 uti
542 2574 640 2614 gesta
662 2569 781 2612 fuerit,
805 2582 868 2615 pro
891 2570 1041 2605 veritate
1065 2570 1135 2612 ejus
1158 2566 1434 2610 investigaturus.

182 2613 313 2648 Eodem
334 2620 488 2662 tempore
510 2616 683 2657 Julianus,
715 2615 893 2650 Praetorio
917 2616 1137 2655 Praefectus,
1161 2611 1330 2656 dignitate
1352 2623 1412 2646 sua
1436 2614 1558 2645 exutus

92 2662 162 2694 est:
200 2664 238 2693 et
259 2659 404 2696 Joannes
427 2662 617 2707 Cappadox
640 2661 676 2695 in
698 2662 808 2696 locum
832 2662 904 2705 ejus
926 2661 1096 2696 suffectus.

183 2703 364 2740 Caeterum
387 2707 566 2742 Persarum
587 2707 723 2750 Duces,
765 2707 882 2753 Copiis
905 2705 1048 2741 Persicis
1081 2706 1116 2738 et
1139 2700 1354 2737 Saracenicis
1381 2700 1553 2743 instructi,

94 2750 304 2784 Osdroenam
327 2751 545 2794 invaserunt3
588 2753 804 2799 castelloque
826 2752 875 2786 ibi
899 2752 1091 2795 Abgersato
1114 2747 1232 2793 (quod
1255 2751 1453 2782 extruxerat
1474 2747 1554 2781 olim

91 2797 269 2842 Abgams,
293 2796 544 2832 osdroenorum
567 2798 660 2834 urbis
684 2799 890 2845 Toparcha,
913 2806 1074 2841 muroque
1095 2794 1250 2828 cinxerat
1271 2792 1478 2837 latericio,)
1500 2792 1555 2826 in-

93 2843 254 2877 cubantes
272 2842 430 2877 fossatum
453 2842 631 2879 duxerunt.
678 2844 748 2886 Qui
771 2848 883 2880 autem
906 2843 998 2877 intra
1019 2840 1193 2877 castellum
1209 2839 1372 2883 agebant,
1393 2838 1471 2874 telis
1493 2838 1556 2873 de-

147 2895 294 2929 loannes
329 2895 496 2931 Malalas.
1225 2889 1280 2929 30
