1838 3230
272 184 375 232 266
670 179 962 225 IOANNIS
989 181 1330 225 MALALAE

267 295 537 349 Ἀπολλώνιος
569 296 764 349 στενάξας
798 296 1015 352 ἀνεβάλετο,
1045 304 1120 344 τοῦ
1143 304 1309 357 ποιῆσαι
1324 299 1423 344 ι’ίλλο
1446 299 1620 356 τέλεσμα
1638 303 1729 360 περὶ

273 371 461 422 σεισμῶν.
531 369 598 410 καὶ
619 364 840 423 ἑωρακότες
861 367 985 411 αὐτὸν
1006 366 1276 423 στενάξαντα,
1314 369 1522 424 ἐπέμειναν
1539 386 1728 425 παρακα-

273 440 438 485 λοῦντες
462 433 585 478 αὐτόν
599 449 608 458 ·
646 436 711 477 καὶ
730 434 869 489 λαβὼν
887 437 1079 491 δίπτυχον
1099 436 1250 494 ἔγραψε
1271 442 1416 481 ταῦτα.
1462 439 1548 481 Καὶ
1567 435 1632 491 σύ,
1651 435 1730 481 τά·

274 508 394 546 λαινα
419 501 661 558 Ἀντιόχεια,
696 505 758 553 δὶς
784 502 960 555 πάθοις·
997 505 1102 548 ἀλλὰ
1122 507 1188 548 καὶ
1211 503 1332 548 πάλιν
1352 503 1554 548 ἐλεύσεται
1572 503 1726 563 καιρός,

275 571 342 614 ὅτε
374 572 423 626 δὴ
455 573 518 613 ἐπὶ
548 568 705 626 πήμασι
734 578 836 615 κεῖσε
863 580 1066 628 σεισμοῖς·
1110 575 1172 624 δὶς
1200 574 1236 616 δ’
1273 570 1370 617 αὖθ’
1402 575 1498 630 πυρὶ
1527 571 1677 616 καῦσαι
1706 571 1761 621 ὅό

222 649 253 684 Β
276 639 370 697 παρ’
402 642 597 695 αἰγιαλοῖς
619 639 847 696 Ἀρὲντησι·
893 643 926 684 εἲ
951 641 1010 697 μὴ
1040 639 1160 685 πάλιν
1187 640 1354 693 πάθοις.
1424 643 1490 685 καὶ
1518 642 1731 686 ἐπιδέδωκε

184 708 186 710 ’
271 708 319 751 τὸ
350 709 541 762 δίπτυχον
571 714 657 757 τοῖς
685 708 826 759 αὐτοῖς
851 708 1094 764 Ἀντιοχεῦσι
1123 709 1327 768 κτήτορσι.
1410 711 1476 754 καὶ
1504 707 1732 767 ἐξορμήσας

274 775 355 819 ἀπὸ
375 780 448 831 τῆς
478 780 551 819 τοῦ
574 774 780 831 Ἀντιόχου
801 774 956 828 πόλεως
981 770 1530 833 κατῆλθεῗῖῗξ-’Σελεύκειαν
1550 783 1624 833 τῆς
1645 782 1731 822 Συ-

274 845 385 899 ρίας·
421 846 488 887 καὶ
507 843 752 888 ἀπέπλευσεν
771 846 834 887 ε’πὶ
853 845 926 901 τὴν
946 846 1173 902 Αἴγυπτον.
1210 846 1320 902 ἔζησε
1340 848 1384 890 δὲ
1401 845 1422 891 ὅ
1445 846 1569 896 αὐτὸς
1580 846 1730 890 Ἀπολ-

273 910 418 962 λώνιος
447 911 514 968 ἔτη
535 911 753 970 τριάκοντα
775 915 841 956 καὶ
867 914 1046 971 τέσσαρα
1064 916 1129 957 καὶ
1147 918 1282 970 μῆνας
1301 914 1407 959 ὀκτώ
1415 948 1428 968 ,
1465 915 1609 965 καθώς
1638 915 1728 958 Ao·
1741 923 1785 958 10

271 987 411 1035 μνΐνος
433 979 454 1023 ὃ
477 979 718 1038 σοφώτατος
742 981 1029 1039 χρονογράφος
1051 981 1336 1040 συνεγράψατο
1356 988 1501 1027 ταῦτα.

374 1046 422 1092 Ὁ
449 1050 493 1091 δὲ
515 1049 638 1099 αὐτὸς
658 1048 873 1100 θειότατος
891 1051 1144 1106 Δομετιανὸς
1166 1052 1357 1107 βασιλεῦς
1388 1052 1537 1095 ἔκτισεν
1572 1052 1628 1101 εἷς
1657 1050 1732 1107 τὴν

129 1126 162 1161 Ο
186 1124 254 1162 346
272 1117 479 1173 ’Ῑσαυρίαν
508 1115 647 1171 πόλιν,
681 1118 822 1173 ἥντινα
841 1117 1000 1162 ἐκάλεσε
1019 1119 1407 1174 Δομετιανοόπολιν.
1475 1116 1663 1176 ἐφόνευσε
1688 1119 1733 1162 δὲ

275 1183 560 1241 ἀγανακτήσας
589 1184 609 1228 ὃ
639 1186 763 1237 αὐτὸς
792 1187 1046 1241 Δομετιανὸς
1072 1188 1142 1231 τὸν
1171 1187 1413 1246 περιβόητον
1448 1186 1729 1243 Ἀσκληπίονα,

276 1252 439 1297 εἰπόντα
471 1254 582 1311 αὐτῷ
619 1253 681 1297 ὅτι
713 1254 975 1311 Σφαζόμενος
995 1261 1204 1315 τελευτᾷς·
1240 1259 1306 1300 καὶ
1323 1256 1409 1311 μετ’
1435 1255 1568 1312 ὀλίγον
1589 1254 1729 1311 καιρὸν
1743 1266 1786 1301 15

222 1333 253 1368 C
276 1324 622 1372 κατασκευασθεὶς
642 1321 720 1365 ὑπὸ
743 1328 816 1378 τῆς
840 1322 1062 1380 συγκλήτου
1085 1323 1105 1367 ὃ
1126 1325 1250 1375 αὐτὸς
1269 1322 1534 1380 Δομετιανός,
1573 1321 1629 1374 ὥς
1646 1325 1730 1366 εἷσ-

363 1421 399 1455 3.
424 1418 499 1455 Καὶ
523 1415 567 1454 σύ
591 1437 637 1444 —-
657 1417 767 1453 πάλιν
789 1418 950 1464 πάθοις]
977 1418 1077 1455 Οὐαί
1094 1431 1164 1465 σοι,
1186 1418 1342 1455 τάλαινα
1356 1417 1471 1464 πόλις,
1497 1417 1556 1455 ὅτι
1573 1422 1731 1465 σεισμοῖ-

363 1477 401 1502 σι
428 1467 576 1503 πολλοῖς
606 1465 668 1500 καὶ
699 1469 852 1508 πυρσοῖς
874 1464 1145 1511 κατενεχθήσῃ,
1180 1465 1373 1502 κλαύσεται
1397 1466 1437 1501 δέ
1460 1477 1499 1502 σε
1519 1466 1580 1502 καὶ
1604 1463 1624 1502 ὁ
1645 1461 1730 1510 παρ’

364 1513 545 1556 αἰγιαλοῖς
563 1508 762 1556 Ὀῤῥόντης
786 1511 959 1547 Cedrenus
983 1524 1016 1557 p.
1042 1511 1120 1548 246.
1145 1513 1186 1547 B.
1236 1512 1339 1547 Unde
1368 1511 1426 1556 qui
1458 1512 1547 1558 apud
1571 1512 1730 1546 Malalam

362 1561 511 1603 reponat
534 1554 623 1593 οὐαί
644 1569 713 1598 σοι,
735 1557 825 1591 idem
848 1559 962 1592 facere
986 1558 1124 1592 debebit
1146 1559 1212 1593 vol.
1235 1559 1280 1593 Π.
1306 1570 1339 1603 p.
1359 1557 1414 1592 61.
1434 1558 1474 1594 Β.
1497 1557 1559 1593 καὶ
1583 1555 1642 1599 σύ,
1665 1554 1731 1593 τιέ-

362 1606 472 1639 λοιινα
502 1600 627 1644 πόλις,
659 1600 843 1646 Ἀντιόχου
877 1603 923 1639 οὐ
947 1602 1125 1650 κληθήσῃ.
1174 1605 1273 1646 Quae
1294 1604 1330 1638 in
1349 1602 1527 1650 Ἀρέντησι
1549 1604 1634 1638 latet
1655 1604 1731 1638 fcr-

362 1661 449 1684 mam
478 1646 649 1693 Ὀρέντης
679 1650 869 1683 notavimus
903 1651 1005 1684 etiam
1039 1645 1142 1695 supra
1165 1662 1199 1696 p.
1226 1651 1304 1686 103.
1327 1650 1381 1690 Ε,
1412 1654 1532 1695 estque
1554 1649 1673 1684 eadem
1693 1648 1730 1683 in

362 1695 473 1739 glossa
495 1695 718 1739 antiquissimi
741 1695 866 1730 codicis
889 1695 1034 1730 Parisini
1059 1697 1157 1732 1397.
1181 1695 1362 1730 Strabonis
1385 1695 1409 1729 1.
1429 1695 1491 1730 VI.
1516 1694 1569 1729 ed.
1589 1694 1729 1729 Falcon-

362 1741 431 1775 vol.
455 1741 483 1774 I.
509 1753 544 1787 p.
568 1742 648 1776 390.
677 1739 868 1785 Διόδωρος
892 1739 912 1777 ὁ
936 1740 1116 1787 ἱστορικὸς
1136 1739 1354 1784 τετράπολίν
1377 1752 1469 1786 φησι
1490 1737 1732 1785 Συρακούσας

364 1785 404 1821 ἐν
437 1785 492 1826 οἷς
522 1785 705 1832 ἀφομοιοῖ
726 1785 922 1836 Ἀντιόχεια
953 1786 1070 1833 αὐτὴν
1103 1788 1151 1831 (1.
1180 1786 1393 1832 Ἀντιόχειαν
1423 1786 1519 1832 τήν)
1552 1785 1646 1832 πρὸς
1676 1787 1730 1831 τῷ

360 1830 511 1877 Ὀρὲντῃ
535 1837 616 1873 ταῖς
635 1832 904 1878 Συρακούσαις.
950 1834 1049 1869 Conf.
1077 1834 1228 1878 Ducang.
1254 1834 1298 1868 ad
1322 1834 1448 1868 Chron.
1474 1833 1591 1867 Pasch.
1614 1844 1648 1878 p.
1672 1831 1730 1867 40.

365 1879 415 1919 Α,
445 1879 540 1913 cuius
570 1881 675 1914 verba
706 1880 865 1926 apposuit
894 1880 1025 1915 Hodius
1058 1879 1101 1914 ad
1134 1880 1280 1914 Malalae
1310 1891 1345 1924 p.
1377 1881 1432 1915 38.
1466 1881 1501 1915 3.
1536 1879 1588 1913 ed.
1620 1878 1728 1912 Bonn.

365 1925 399 1959 5.
435 1926 549 1970 κεῖσε]
582 1927 682 1972 κείσῃ
707 1927 772 1960 Ch.
911 1923 965 1961 14.
996 1925 1248 1970 Ἀσκληπίονα]
1283 1925 1368 1967 „Ita
1398 1924 1499 1959 etiam
1530 1925 1613 1959 Chr.
1634 1922 1728 1957 Alex.

365 1972 509 2012 Auctor,
534 1971 592 2015 qui
614 1972 895 2007 narratiunculam
918 1979 1110 2017 sequentem
1133 1972 1247 2006 etiam.
1271 1971 1315 2005 de
1337 1970 1520 2004 Domitiani
1543 1970 1626 2010 Imp.
1649 1979 1730 2002 cae-

367 2014 432 2056 de,
455 2027 498 2048 ex
521 2020 633 2051 nostro
657 2017 854 2063 descripsit:
879 2018 942 2052 nisi
965 2019 1056 2062 quod
1079 2023 1210 2059 noster,
1234 2014 1488 2061 Ἆσκληπίονα,
1510 2016 1568 2050 ille
1588 2011 1730 2058 Ἀσκλή-

365 2073 454 2095 πιον
477 2061 578 2100 dicit3
610 2067 753 2107 uterque
776 2064 909 2098 vitiose.
955 2063 1197 2110 Reponendum
1213 2061 1511 2108 Ἀσκληταρίονα,
1534 2073 1578 2096 ex
1602 2061 1729 2096 Sueto-

366 2105 446 2149 nio,
467 2105 503 2140 in
525 2106 649 2143 Domit.
676 2109 750 2143 Tit.
776 2111 859 2145 15.“
903 2109 967 2144 Ch.

274 2204 346 2232 sam
369 2196 466 2231 nobis
495 2201 671 2242 praestare
694 2198 882 2244 digneris.“
928 2200 1122 2246 Apollonius
1157 2203 1268 2236 autem
1300 2198 1536 2244 ingemiscens,
1579 2196 1624 2232 de
1654 2197 1728 2232 Te·-

274 2243 414 2277 lesmate
436 2243 599 2278 adversus
622 2248 844 2280 terraemotus
861 2246 1068 2280 conficiendo
1091 2257 1281 2291 responsum
1305 2244 1565 2279 haesitabundus
1587 2254 1729 2288 suspen-

275 2289 338 2322 dit.
385 2287 548 2323 Videntes
583 2294 696 2323 autem
720 2301 793 2324 eum
816 2291 961 2335 suspiria
983 2293 1191 2334 trahentem,
1226 2291 1400 2325 instabant
1423 2289 1523 2324 etiam
1547 2293 1652 2334 atque
1674 2292 1730 2322 et-

274 2333 341 2368 iam
365 2341 534 2378 rogantes.
581 2335 613 2369 Is
635 2334 774 2379 itaque,
800 2337 949 2381 acceptis
973 2338 1118 2379 tabulis,
1148 2337 1214 2372 ista
1236 2335 1415 2381 inscripsit.
1461 2336 1508 2370 At
1534 2335 1603 2376 Tu,
1627 2334 1728 2368 mise-

273 2391 318 2413 ra
344 2381 546 2421 Antiochia,
570 2381 620 2414 bis
642 2381 763 2423 infelix
778 2383 930 2423 sutura!
951 2384 1137 2427 iterumque
1158 2383 1270 2417 veniet
1291 2387 1442 2426 tempus,
1466 2392 1530 2424 quo
1553 2380 1681 2424 gravia
1704 2390 1729 2413 a

271 2431 386 2459 terrae
407 2427 606 2460 tremoribus
626 2437 773 2470 passura
796 2439 842 2461 cs.
889 2428 951 2460 Bis
974 2429 1097 2469 ctiam,
1122 2429 1154 2462 si
1173 2429 1273 2462 modo
1297 2428 1346 2461 bis
1366 2431 1522 2466 tantum,
1544 2426 1592 2458 ad
1617 2426 1728 2458 Oron-

271 2472 318 2505 tis
350 2472 447 2516 ripas
480 2473 721 2525 conflagrabis.
777 2471 928 2506 Tabulas
959 2473 1082 2507 deinde
1105 2474 1206 2507 hasce
1239 2471 1438 2517 primoribus
1461 2471 1583 2505 eisdem
1607 2470 1728 2504 Antio—

271 2516 446 2558 chensibus
479 2517 632 2552 tradidit.
687 2517 866 2552 Antiochia
888 2529 970 2551 vero
1005 2518 1199 2560 discedens,
1236 2516 1425 2552 Seleuciam
1459 2517 1632 2562 profectus
1654 2519 1726 2549 estz

272 2566 377 2606 atque
399 2562 479 2596 inde
501 2562 536 2596 in
559 2564 748 2608 Aegyptum
778 2563 957 2607 navigavit
1014 2564 1110 2598 Vixit
1133 2569 1244 2597 autem
1267 2562 1462 2608 Apollonius
1483 2573 1587 2596 anuos
1609 2571 1727 2602 xxxxv,

273 2618 467 2687 meleslzsque
489 2618 576 2652 vm,
599 2608 698 2643 sicuti
719 2609 804 2644 haec
825 2608 1087 2655 sapientissimus
1110 2609 1396 2655 chronographus
1417 2607 1598 2642 Domninus
1620 2606 1728 2642 literis

276 2656 333 2687 tra
358 2653 366 2661 “
393 2653 431 2687 it.

369 2699 463 2733 Idem
494 2699 714 2736 divinissimus
740 2699 950 2735 Domitianus
981 2699 1171 2745 Imperator
1202 2699 1319 2733 urbem
1348 2699 1385 2733 in
1413 2697 1544 2733 Isauria
1566 2696 1728 2738 condidit,

278 2754 378 2787 quam
400 2744 697 2791 Domitianopolim
720 2746 915 2781 nomin‘avit.
971 2745 1064 2780 Idem
1088 2745 1190 2780 etiam
1213 2745 1465 2780 celeberrimum
1495 2743 1587 2778 illum
1614 2742 1729 2777 Ascle-

278 2788 412 2834 pionem
444 2791 519 2826 neci
551 2792 664 2834 dedit,
707 2804 748 2827 eo
779 2792 869 2838 quod
899 2791 1136 2837 praedixerat,
1177 2803 1251 2825 eum
1282 2790 1396 2835 gladio
1428 2802 1500 2825 esse
1531 2789 1729 2835 periturum.

279 2834 461 2871 Caeterum
493 2837 723 2881 Domitianus,
765 2838 864 2885 paulo
897 2840 975 2884 post
1003 2835 1165 2884 temporis
1186 2836 1278 2872 Jovis
1307 2836 1482 2883 templum,
1519 2832 1730 2871 sacrificandi
