1838 3230
268 166 369 216 250
666 163 962 208 IOANNIS
989 164 1322 209 MALALAE

373 286 448 341 Τῷ
468 283 513 325 δὲ
534 280 583 338 ιγ’
603 282 679 325 ἔτει
707 287 780 337 τῆς
801 284 1009 336 βασιλείας
1028 288 1102 327 τοῦ
1132 284 1258 327 αὐτοῦ
1276 285 1487 328 Κλαυδίου
1508 285 1721 342 Καίσαρος

269 350 423 394 ἔπαθεν
448 349 527 394 {mc}
556 349 822 406 θεομηνίαςῆ
845 349 991 408 Κρήτη
1016 357 1138 408 νῆσος
1157 358 1294 396 πᾶσα·
1331 354 1371 395 ἐν
1391 351 1452 403 οἷς
1463 350 1627 412 χρόνοις
1639 351 1720 409 ηὖ-

217 429 250 463 Ε
275 420 379 475 ρέθη
412 420 454 462 ἐν
491 424 548 476 τῷ
583 418 764 474 μνήματι
801 423 874 462 τοῦ
900 422 1076 470 Δίκτυος
1111 423 1151 463 ἓν
1183 424 1444 479 κασσιτερίνῳ
1484 422 1659 480 κιβωτίῳ
1692 420 1720 478 ἦ

268 489 427 536 ἕκθεσις
443 492 517 530 τοῦ
541 491 726 544 Τρωικοῦ
745 488 921 541 πολέμου
939 489 1041 542 μετὰ
1063 489 1260 544 ἀληθείας
1276 490 1367 544 παρ’
1394 489 1521 532 αὐτοῦ
1543 506 1720 546 συγγρα-

268 563 390 613 φεΐσα
418 560 543 599 πᾶσα.
615 555 738 598 ἔκειτο
765 556 808 598 δὲ
829 558 1090 613 προσκέφαλα
1116 562 1189 600 τοῦ
1209 556 1404 612 λειψάνου
1424 562 1498 600 τοῦ
1517 559 1752 608 Alamos-5

268 626 335 667 καὶ
361 625 598 677 νομίσαντες
634 624 681 667 τὸ
714 623 812 666 αὐτὸ
842 623 1029 679 κιβώτιον
1069 626 1285 681 θησαυρὸν
1318 624 1417 668 εἶναι
1445 623 1720 682 προσήνεγκαν

267 691 367 735 αὗτό
388 696 445 749 τῷ
464 696 627 745 βασιλεῖ
638 693 833 750 Κλαυδίῳ
847 706 856 716 ·
889 694 955 735 καὶ
983 694 1157 736 ἐκέλευσε
1176 695 1278 748 μετὰ
1295 694 1341 736 τὸ
1361 694 1515 744 ἀνοῖξαι
1533 696 1599 736 καὶ
1616 698 1722 750 γνῶ-

265 778 332 803 ναι
365 761 410 802 τί
436 761 520 803 ἔστι
544 765 853 819 μεταγραφῆναι
881 761 988 804 αὐτὰ
1016 764 1082 804 καὶ
1114 763 1156 805 ἐν
1188 767 1239 819 τῇ
1267 763 1445 822 δημοσίᾳ
1474 761 1722 820 βιβλιοθήκῃ

267 829 520 883 ἀποτεθῆναι
546 827 665 874 αὐτά.

125 900 157 933 V
183 902 247 936 106
371 899 457 939 Καὶ
477 897 661 941 ἐτελεύτα
680 896 700 940 ὅ
718 895 925 948 Κλαύδιος
943 898 1074 941 πολλὰ
1092 899 1133 940 ἓν
1150 902 1200 955 τῇ
1216 896 1361 955 Κρήτῃ
1379 895 1647 953 χαρισάμενος
1665 900 1720 948 εἰς
1732 909 1776 943 10

267 963 563 1021 ἐπανόρθωσιν.
632 964 883 1021 ἐτελεύτησεν
916 962 987 1009 οὖν
1012 965 1032 1009 ὃ
1064 966 1187 1016 αὐτὸς
1205 966 1411 1016 Κλαύδιος
1438 968 1527 1024 ἰδίῳ
1547 964 1720 1026 θανάτῳ

267 1035 309 1076 ἐν
330 1038 387 1092 τῷ
410 1036 607 1092 παλατῖῳ,
637 1033 907 1092 ἆρῥωστήσας
924 1033 1077 1091 ἡμέρας
1094 1034 1182 1088 δύο,
1213 1034 1268 1078 ὢν
1289 1036 1482 1077 ἐνιαυτῶν
1503 1032 1569 1085 ξε’.

368 1102 493 1145 Μετὰ
522 1104 565 1145 δὲ
595 1103 666 1157 τὴν
689 1105 898 1157 βασιλείαν
919 1105 1130 1146 Κλαυδίου
1151 1105 1362 1160 Καίσαρος
1387 1103 1622 1157 ἐβασίλευσε»
1638 1100 1722 1143 Νέ-

128 1181 160 1214 0
184 1181 251 1217 323
276 1187 358 1226 ρων
383 1168 403 1212 ὅ
436 1170 523 1220 υἱὸς
553 1171 679 1214 αὐτοῦ
715 1173 777 1214 ἐπὶ
806 1176 877 1226 τῆς
905 1170 1098 1221 ὖπατείας
1120 1176 1347 1215 Σιλουανοῦ
1368 1172 1433 1214 καὶ
1457 1171 1693 1213 Ἀντωνίνου
1709 1183 1719 1193 ·

269 1237 380 1288 ὅστις
406 1240 661 1292 ἐβασίλευσεν
693 1240 760 1294 ἔτη
789 1238 838 1295 ιγ’
874 1242 939 1282 καὶ
967 1243 1100 1294 μῆνας
1128 1239 1214 1283 δύο.
1284 1235 1334 1295 ἦν
1365 1240 1409 1282 δὲ
1437 1236 1617 1295 μακρός,
1655 1242 1721 1280 λε·
1734 1249 1776 1283 15

266 1305 366 1356 πτός
379 1340 390 1358 ,
429 1306 632 1362 εὔμορφος
646 1341 657 1360 ,
698 1308 851 1363 εὔρινος
866 1341 879 1359 ,
915 1307 1293 1362 ἀνθηροπρόσωπος
1305 1341 1318 1360 ,
1353 1305 1718 1364 μεγαλόφθαλμος,

267 1373 487 1431 ἁπλόθριξ,
524 1373 748 1426 ὃλοπόλιος,
788 1374 1050 1429 δασυπώγων,
1089 1375 1290 1425 εὔτακτος.
1362 1375 1388 1430 ἢ
1412 1374 1537 1430 μόνον
1558 1375 1603 1417 δὲ
1621 1376 1722 1427 ἔβα-

267 1445 423 1486 σι’λευσε
441 1442 643 1499 ἓξεζήτησε
664 1444 716 1486 τὰ
734 1445 822 1499 περὶ
842 1449 915 1486 τοῦ
930 1443 1063 1498 Ἰησοῦ
1078 1457 1087 1467 ·
1124 1446 1190 1486 καὶ
1211 1441 1414 1499 ἀγνοήσας
1432 1442 1492 1486 ὅτι
1513 1439 1720 1498 ἐσταυρώ-

268 1516 328 1566 θη
358 1509 545 1566 ἐζήτησεν
573 1512 696 1555 αὐτὸν
719 1512 920 1567 ἀνενέγκαι
940 1513 980 1553 ἓν
999 1510 1155 1568 Ῥώμῃ,
1192 1510 1247 1561 ὥς
1266 1509 1491 1569 φιλόσοφον
1507 1510 1632 1566 μέγαν
1653 1511 1721 1552 καὶ

216 1585 246 1620 Β
270 1577 470 1632 θαύματα
492 1585 707 1623 ποιοῦντα·
743 1579 888 1635 ἤκουσε
918 1580 994 1635 γὰρ
1024 1580 1103 1635 πρὸ
1126 1585 1199 1622 τοῦ
1229 1583 1465 1634 βασιλεῦσαι
1484 1580 1572 1633 περὶ
1592 1577 1776 1622 αὗτοῦἓο

267 1653 450 1691 τοιαῦτα.
520 1649 656 1691 θέλων
686 1650 729 1691 δὲ
760 1650 1009 1704 ἐπερωτῆσαι
1033 1646 1156 1691 αὐτόν
1176 1666 1265 1691 τινα
1287 1646 1410 1702 ἐζήτει
1430 1646 1625 1702 ἄναγάγαι
1645 1645 1721 1688 αὖ-

267 1714 350 1760 τόν.
420 1711 470 1771 ἦν
488 1716 564 1773 γὰρ
584 1715 605 1760 ὃ
628 1717 750 1766 αὐτὸς
769 1717 912 1774 Νέρων
931 1715 1122 1771 βασιλεὺς
1145 1721 1218 1759 τοῦ
1242 1714 1442 1772 δόγματος
1462 1719 1542 1758 τῶν
1558 1714 1722 1770 λεγομέ-

358 1850 392 1884 3.
418 1846 457 1883 ἐν
479 1848 713 1893 κασσιτερίνῳ
736 1848 934 1894 κιβωτείῳ]
959 1850 1036 1891 „Ita
1056 1851 1091 1883 et
1107 1848 1196 1882 infra
1213 1850 1245 1883 6.
1269 1845 1477 1894 κιβῶτειονς
1500 1844 1721 1881 Scribendum

357 1896 535 1942 κιβωτίῳ,
561 1902 596 1929 et.
619 1895 829 1941 κιβώτιον.“
855 1895 919 1929 Ch.
1013 1896 1068 1930 11.
1092 1893 1334 1939 ἐτελεύτησεν]
1360 1892 1536 1930 ἐτέλευσεν
1560 1893 1628 1927 Ox.

360 2008 453 2042 Anno
478 2011 587 2042 autem
610 2020 675 2043 xm
699 2008 899 2055 Imperantis
923 2009 1068 2050 Claudii,
1093 2008 1199 2042 Creta
1219 2007 1339 2049 insula,
1363 2006 1510 2041 divinam
1534 2005 1617 2039 iram
1640 2016 1720 2050 pas-

268 2064 326 2095 sa,
350 2058 425 2088 tota
447 2057 561 2088 terrae
583 2055 728 2089 motibus
752 2055 883 2099 agitata
907 2059 968 2089 est.
1015 2054 1146 2088 Eodem
1168 2058 1321 2098 tempore
1344 2052 1465 2096 Dictys
1489 2051 1660 2085 Cretensis
1683 2051 1720 2084 in

267 2099 393 2133 tumulo
416 2105 554 2144 reperta
578 2105 649 2141 est,
672 2101 797 2145 pyxide
819 2105 958 2135 stannea
980 2100 1126 2140 inclusa,
1151 2098 1294 2142 Trojani
1310 2097 1391 2132 belli
1413 2097 1575 2138 historia,
1598 2097 1641 2130 ab
1661 2107 1720 2129 eo-

268 2145 344 2180 dem
367 2144 471 2189 Dicty
494 2146 674 2180 secundum
696 2157 807 2180 rerum
830 2151 997 2190 gestarum
1017 2146 1193 2180 veritatem
1218 2143 1379 2189 exposita.
1439 2142 1602 2188 Pyxidem
1620 2142 1719 2182 hanc,

268 2203 359 2234 quae
381 2191 424 2225 ad
452 2190 576 2235 sepulti
599 2196 703 2234 caput
723 2193 881 2235 jacebat,
921 2193 1110 2226 thesaurum
1134 2190 1201 2224 rati
1232 2189 1290 2234 qui
1312 2189 1392 2223 illac
1423 2188 1633 2228 transibant3
1676 2187 1720 2221 ad

267 2236 510 2281 Imperatorem
533 2236 714 2269 Claudium
737 2237 910 2271 deferunt:
947 2237 1016 2282 qui,
1041 2236 1168 2282 pyxide
1190 2239 1331 2280 aperta,
1356 2246 1460 2279 reque
1484 2233 1630 2278 cognita,
1653 2232 1720 2266 Hi·-

266 2282 405 2316 storiam
428 2282 514 2315 hanc
537 2281 790 2315 describendam
813 2283 926 2325 dedit3
963 2283 1256 2328 descriptamque,
1290 2280 1326 2314 in
1348 2280 1560 2315 Bibliotheca
1582 2277 1721 2323 publica.

266 2328 495 2372 reponendam
515 2326 656 2361 curavit.

359 2373 520 2407 Claudius
550 2377 663 2406 autem
694 2372 911 2408 Cretensibus
940 2373 1104 2418 plurima,
1150 2372 1185 2406 in
1216 2372 1387 2407 ruinarum
1418 2368 1719 2409 instaurationem,

268 2418 412 2462 largitus
436 2423 504 2453 est:
541 2419 723 2462 morboque
758 2418 881 2452 deinde
913 2426 1106 2465 correptus,
1144 2423 1223 2463 post
1256 2417 1390 2452 biduum
1412 2415 1448 2449 in
1471 2414 1606 2449 Palatio
1631 2414 1720 2448 diem

267 2475 360 2498 suum
384 2464 491 2505 obiit,
532 2475 651 2498 annum
674 2474 776 2508 agens
798 2474 876 2496 va.

359 2509 536 2543 Claudium
554 2510 731 2543 Caesarem
748 2509 782 2542 in
799 2508 938 2553 imperio
956 2508 1091 2553 excepit
1105 2509 1193 2542 filius
1211 2508 1283 2551 eJus
1300 2506 1418 2545 Nero;
1443 2505 1582 2539 Silvano
1600 2508 1636 2538 et
1650 2505 1720 2538 An-

266 2554 382 2590 tonino
401 2556 494 2589 Coss.
513 2555 571 2600 qui
588 2555 745 2599 regnavit
761 2565 864 2588 annos
883 2565 960 2595 xm,
985 2558 1020 2587 et
1038 2555 1169 2587 Menses
1185 2563 1223 2586 11.
1269 2552 1358 2585 Erat
1374 2551 1429 2585 hic
1447 2562 1615 2596 procerus,
1639 2561 1719 2593 gra-

267 2599 353 2641 cilis,
379 2601 532 2642 decorus,
557 2612 637 2634 naso
655 2600 814 2644 eleganti,
837 2600 932 2633 vultu
949 2599 1083 2639 florido,
1109 2598 1213 2632 oculis
1232 2597 1480 2642 grandioribus,
1505 2596 1627 2640 capillo
1645 2596 1721 2629 len-

267 2649 304 2679 to
325 2649 361 2679 et
380 2651 555 2690 porrecto,
574 2658 686 2688 canus,
704 2646 810 2680 barba
827 2644 972 2690 hispida,
991 2644 1137 2678 moribus
1151 2643 1353 2688 compositis.
1376 2641 1626 2687 Quamprimum
1636 2652 1718 2675 vero

266 2701 413 2734 regnare
430 2693 553 2736 coepit,
577 2692 621 2726 de
640 2693 719 2726 Jesu
737 2694 956 2736 percontatus
973 2694 1042 2730 est3
1066 2689 1109 2723 de
1125 2701 1204 2733 quo,
1227 2689 1377 2734 privatus
1394 2689 1515 2728 adhuc,
1541 2689 1722 2731 acceperat

267 2746 422 2779 magnum
439 2749 514 2771 eum
533 2749 605 2771 esse
622 2737 862 2781 Philosophum
879 2740 913 2770 et
928 2736 1034 2770 virum
1053 2734 1244 2768 Mirificum.
1273 2734 1416 2769 Nescius
1431 2734 1546 2776 itaque
1564 2743 1638 2766 eum
1652 2732 1721 2775 jam

268 2780 476 2816 Crucifixum
501 2783 611 2823 fuisse,
635 2783 775 2817 Romam
799 2780 920 2816 adduci
941 2792 1013 2814 eum
1036 2780 1157 2821 voluit,
1183 2780 1226 2813 de
1250 2779 1447 2823 quibusdam
1470 2779 1559 2812 illum
1575 2777 1721 2811 interro·-

267 2831 417 2871 gaturus.
464 2829 559 2864 Nero
584 2827 670 2863 enim
693 2829 883 2875 Imperator
905 2826 1149 2874 Epicureorum
1172 2825 1331 2871 Dogmati
1353 2826 1512 2867 favebat3
1535 2823 1594 2870 qui
1612 2821 1720 2857 omnia
