1838 3230
14 183 25 193 ¹,
679 128 977 177 EPISTOLA.
1461 138 1560 187 725

16 196 31 216 z-

16 227 35 281 ,⁸
93 230 160 287 cto
179 246 250 300 qui
272 223 405 300 potest
423 247 596 288 animum
623 246 834 297 inducere,
864 255 918 288 ut
931 261 1072 289 versus
1098 249 1302 302 proximos
1322 255 1501 289 autumet
1518 251 1560 289 in

11 287 30 314 ⁹
52 303 311 356 Tiagoedia
332 318 450 356 posse
472 305 575 353 dici;
616 311 756 343 auctor
777 318 848 353 ego
869 319 976 355 sum,
1007 312 1052 344 ut
1069 305 1181 358 prius
1203 306 1301 357 quid
1320 307 1372 345 sit
1389 306 1561 358 Tragoe-

14 397 23 412 ·.
91 359 170 410 dia,
200 360 299 412 quid
318 361 454 413 Satyni
485 361 624 412 discat,
657 373 776 413 quam
795 361 844 400 de
865 361 985 401 rebus
1005 362 1248 414 aliquantum
1268 377 1291 401 a
1312 362 1468 414 vulgari
1489 377 1560 402 no-

14 456 24 470 ,
89 416 179 459 titia
198 417 357 456 remotis
377 419 607 456 sententiam
633 417 746 456 ferat.

13 518 17 522 Ι
205 473 417 512 Undecima
442 473 548 513 Iouis
581 473 714 512 fabula
754 476 1066 518 ΕΤΡΥΤΙΔΑῙ.
1141 474 1368 515 Athenaeus
1403 476 1472 515 lib
1501 490 1560 516 xx.

8 575 9 578 Ἴ
89 524 410 582 Hesych.I·r1'z‘o9
435 533 596 599 θρῆνον
627 530 831 584 σημαίνει,
863 546 918 577 ως
946 533 1163 600 Σοφοκλῆς
1185 533 1360 599 Τρωΐλῳ
1383 532 1452 573 καὶ
1481 535 1561 573 Ιων

0 621 18 630 ,.
91 587 320 657 Ερυτίδαις.
359 587 447 638 lege
470 583 730 639 Ευρυτίδαις.
787 587 1030 652 Αθίκτορας,
1066 584 1300 653 ἅνεπαφους
1317 587 1561 642 παρθένους,

17 648 20 652 ’
89 638 180 684 οἷον
213 638 448 712 Εὗρύτιδες.
502 642 674 683 Pulchre
699 642 836 681 fecisse
863 642 939 680 sibi
969 644 1078 682 visus
1110 650 1189 694 est,
1225 645 1292 696 qui
1322 645 1561 695 emendavit,

14 700 25 748 ζ
90 695 179 741 οἷον
200 696 445 766 Εὐριπίδης.
502 700 566 738 Tu
587 712 683 738 vero
702 713 788 739 meo
812 699 991 767 periculo
1009 714 1172 753 repone,
1201 701 1406 750 Αθίκτους
1423 699 1558 755 κόρας,

89 751 327 806 οἶνεπάφους
353 754 606 810 παρθένους,
651 759 731 796 Ιων
762 751 1021 806 Εὐρυτίδαις.
1079 757 1296 808 Eurytidae
1330 764 1482 807 autem,
1510 773 1560 797 ne

89 811 178 863 quis
204 812 307 852 forte
342 813 512 863 nesciat,
543 818 635 851 sunt
664 811 806 863 Euryti
827 811 1097 852 Oechaliensis
1117 813 1209 864 filii,
1240 828 1339 866 quos
1366 814 1559 854 Hercules

88 867 249 908 occidit.
305 867 435 908 Habes
462 843 706 919 Tiagoediae
733 875 1018 918 argumentum.
1077 870 1164 908 Non
1184 871 1559 922 praetermittendus

44 925 47 928 ’
88 930 150 963 est
165 924 329 976 insignis
354 926 466 964 locus
488 925 597 977 apud
614 925 750 966 Schol.
771 924 896 976 Soph.
914 926 962 964 ad
985 925 1560 979 Τ10011111103.Διαφωνεῐται

33 1030 37 1034 .
86 979 110 1022 ἆ
136 983 216 1022 τῶν
233 977 471 1033 Ευρυτιδῶν
491 978 677 1034 ἀριθμός.
735 963 911 1029 Ησίοδος
930 980 1002 1034 μὲν
1026 980 1101 1036 γοῖρ
1134 981 1203 1036 (in
1225 985 1390 1034 Ηοίαις,
1420 990 1466 1022 ut
1485 998 1559 1036 pu-

86 1044 152 1086 to,
183 1038 248 1078 vel
275 1041 456 1106 Homini]
459 1035 718 1095 Γενεαλογία)
747 1035 941 1093 τέσσαράς
971 1051 1095 1092 φησιν
1117 1038 1157 1089 ἐξ
1184 1036 1373 1094 Εὐρύτου
1388 1040 1456 1082 καὶ
1476 1044 1562 1082 Αν-

4 1094 12 1105 ’
86 1089 222 1147 τιόχης
240 1095 388 1142 παῖδας
407 1111 544 1144 ουτως.

305 1155 354 1192 H
375 1147 416 1192 δ’
443 1150 753 1203 ὖποκυσσαμένη
783 1151 1021 1200 καλλίζωνος
1053 1153 1299 1205 Στρατονίκη
1585 1151 1619 1186 0
1642 1150 1685 1186 61

305 1211 492 1278 Ευρυτον
522 1209 564 1249 ἒν
593 1204 822 1261 μεγάροισιν
851 1207 1024 1260 ἐγείνατο
1054 1209 1243 1260 φίλτατον
1270 1205 1371 1250 υἱον.

314 1264 404 1306 Τοῦ
431 1261 472 1305 δ’
500 1265 602 1314 υἱεῖς
631 1263 818 1332 ἐγένοντο
840 1266 988 1333 Δηΐων
1008 1279 1070 1314 τε,
1102 1261 1277 1313 Κλύτιός
1306 1279 1359 1315 τε,

311 1317 457 1370 Ταξευς
485 1317 524 1361 τ’
553 1318 764 1370 αντίθεος,
790 1316 861 1372 ἥδ’
893 1324 1030 1370 Ιφιτος
1057 1318 1146 1369 ὄζος
1171 1325 1322 1391 Αρηος.

310 1374 414 1426 Τους
441 1375 486 1419 δὲ
513 1373 610 1430 μέθ’
643 1373 861 1429 ὁπλοτάτην
887 1376 1018 1418 τέκετο
1046 1375 1205 1446 ξανθην
1236 1373 1390 1418 Ιόλειαν

303 1429 476 1486 Αντιόχη
503 1435 708 1487 κρείουσα,
748 1429 921 1474 παλαιὸν
949 1432 1064 1488 γένος
1090 1429 1334 1499 Αυβολίδαο.

87 1486 318 1543 Κρεοφιλος
338 1487 382 1530 δὲ
404 1487 499 1530 δύο
530 1486 828 1543 ,Αριστοκράτης
848 1488 891 1530 δὲ
907 1494 1024 1543 τρεῖς,
1059 1489 1194 1540 Τοξέα,
1220 1486 1409 1537 Κλυτιον,
1431 1489 1554 1540 Δηΐο-

84 1561 148 1587 να.
207 1545 337 1584 Satis·
323 1559 403 1599 jam
423 1547 613 1599 pernosti,
644 1546 712 1598 qui
730 1545 808 1583 sint
823 1546 929 1584 Ionis
947 1546 1175 1598 Eulytidae.
1234 1546 1310 1584 Sed
1334 1544 1444 1583 haud
1464 1545 1558 1596 ple-

83 1615 135 1640 ne
152 1602 396 1641 satisfactum
423 1610 524 1641 esset
543 1603 739 1655 promisso
771 1609 931 1651 nostr03
960 1603 994 1639 si
1013 1616 1154 1640 versus
1176 1615 1243 1640 eos
1270 1602 1556 1640 dimitteremus

85 1672 138 1696 ex
160 1658 354 1707 manibus,
375 1665 414 1698 et
429 1659 613 1698 mendum
630 1658 871 1698 teterrimum
895 1659 1048 1696 silentio
1072 1658 1419 1697 dissimularemus.
1448 1658 1558 1695 Prin-

84 1714 191 1767 cipio
210 1715 418 1765 legendum
438 1711 631 1767 Αντιόπη.
672 1713 804 1754 801101.
823 1714 1044 1764 Apollonii:
1077 1711 1250 1762 Κλύτιος
1267 1714 1336 1754 καὶ
1360 1717 1497 1764 Ιφιτος
1517 1713 1559 1753 οἱ

83 1775 158 1823 τῆς
173 1768 380 1823 Αντιόπης
401 1773 552 1819 παῖδες.
612 1771 810 1822 Hyginus.
845 1769 992 1821 Clytius
1012 1780 1046 1808 et
1069 1769 1222 1823 Iphitus
1239 1771 1383 1822 Euryti
1403 1780 1438 1808 et
1457 1769 1556 1808 An·-

84 1829 207 1880 iiopes
233 1826 393 1879 Pylonis
407 1825 667 1883 filiaefilius.
725 1827 836 1874 Quae
858 1827 970 1878 quusi
990 1840 1109 1865 manu
1128 1840 1201 1864 nos
1225 1826 1378 1865 ducunt
1394 1827 1444 1865 ad
1464 1839 1553 1864 cae-

85 1890 169 1923 tera
187 1884 431 1934 corrigenda.
486 1885 570 1922 Jam
589 1884 690 1921 enim
705 1883 852 1935 Hygini
879 1884 1090 1922 animitate
1110 1897 1173 1921 sci
1176 1883 1239 1921 1bo
1265 1879 1460 1930 Πυλωνος
1476 1896 1553 1934 plo

85 1938 257 1982 παλαι-ὂν
275 1939 408 1995 γένος·
440 1947 557 1993 atque
578 1940 690 1989 adeo,
713 1947 759 1978 ut
775 1954 958 1992 pompam
981 1946 1017 1978 et
1038 1953 1240 1992 p1ooemla
1262 1940 1377 1978 missa
1395 1939 1552 1987 faciam,

84 2010 245 2037 versum
262 1996 370 2036 hunc
388 1999 582 2047 integrum
600 1997 831 2062 praestabo,
866 1998 967 2036 sicut
989 1997 1035 2035 ab
1055 1996 1229 2036 Hesiodo
1255 1995 1461 2049 profectus
1480 2003 1551 2044 est,

304 2050 487 2105 Αντιόπη
519 2055 708 2106 κρείουσα
741 2049 931 2101 Πυλωνος
962 2053 1233 2104 Ναυβολίδαο

84 2111 184 2150 Nam
201 2110 301 2149 cedo
323 2110 419 2149 mihi
436 2124 574 2159 unum,
597 2110 665 2162 qui
685 2109 829 2147 Auboli
848 2123 875 2148 v
878 2110 913 2149 el
926 2110 1147 2149 Aubolidae
1168 2109 1357 2147 meminit.
1388 2108 1552 2146 Naubo-

84 2167 149 2206 lus
173 2180 271 2206 vero
299 2167 444 2206 nemini
463 2167 625 2218 ignotus
637 2181 721 2205 esse
743 2166 892 2217 possit,
950 2167 1126 2206 uilabris
1146 2166 1433 2219 primm-„ibus
1414 2171 1547 2203 ousta-

82 2225 145 2264 vit
163 2224 296 2263 literas
319 2223 584 2263 humaniores.
644 2223 878 2275 Apollonius
881 2181 1095 2263 R‘Lodius:

309 2283 374 2336 Τῷ
403 2276 443 2320 δ’
471 2280 535 2321 ἐπὶ
565 2278 617 2350 δη
646 2280 778 2320 θείοιο
814 2281 900 2321 κίεν
927 2277 1104 2321 Δαναοιο
1133 2278 1303 2333 γενέθλη

306 2322 535 2385 Ναύπλιος,
565 2331 604 2394 ἦ
620 2334 696 2408 γαρ
727 2335 796 2388 ἐην
826 2334 1059 2392 Κλυτονήου
1090 2336 1361 2389 Ναυβολίδαο,

307 2389 524 2447 ,Ναυβολος
553 2395 602 2433 αὐ
630 2393 804 2446 Λέρνου.

89 2449 335 2488 Conveniunt
359 2457 441 2488 aete
436 2464 486 2500 .‚s
513 2451 645 2488 locus:
685 2455 750 2499 ut,
782 2463 1004 2503 quanquam
1032 2448 1081 2488 de
1106 2448 1182 2486 hac
1209 2461 1252 2486 re
1278 2446 1431 2485 nullum
1462 2457 1549 2482 v-er

84 2505 183 2544 bum
203 2505 349 2545 faciant
369 2507 433 2544 alii
454 2508 626 2559 scriptm
629 2521 688 2556 es,
715 2505 814 2545 nihil
831 2513 960 2547 tamen
978 2493 1189 2558 impediat,
1220 2517 1299 2555 quo
1319 2503 1448 2542 minus
1470 2502 1549 2552 Py-

87 2562 156 2600 lon
189 2562 358 2601 Nauboli
382 2563 486 2602 fitius
517 2577 602 2603 esse
629 2564 818 2616 potuerit.
906 2564 1082 2613 Denique
1112 2575 1183 2613 pro
1213 2556 1434 2614 Κρεόφιλος
1462 2558 1549 2608 lege

87 2615 353 2671 Κρεώφυλος·
385 2620 454 2671 qui
475 2634 615 2672 poema
635 2620 861 2672 composuit
882 2620 1068 2671 Οἰχαλίας
1085 2615 1252 2658 αλωσινε
1283 2617 1332 2654 ad
1357 2613 1464 2666 quod
1485 2627 1547 2652 le-

88 2675 222 2727 spexit
251 2675 503 2715 scholiastes.
568 2678 624 2715 De
646 2677 870 2730 Creophylo
892 2675 1147 2713 consulantur
1168 2673 1406 2724 Appuleius,
1453 2672 1549 2709 Pon-

85 2730 279 2782 pbyrim,
310 2732 470 2781 suabe,
502 2735 644 2772 Sextus
663 2734 905 2785 EmpiiicuS,
938 2731 1099 2779 Sumus,
1128 2730 1307 2781 Scriptor
1326 2727 1548 2766 certaminis

86 2787 252 2828 Hesiodi
281 2795 320 2829 et
347 2788 530 2839 Homeri,
567 2791 678 2830 Plato
712 2792 930 2831 Πολιτειων
956 2801 994 2829 x.
1035 2787 1199 2827 Photius
1230 2786 1270 2824 in
1297 2787 1438 2825 Lexico
1468 2784 1547 2822 Ms.
