1838 3230
265 184 363 233 348
658 177 951 225 IOANNIS
981 178 1322 225 MALALAE

266 296 540 357 εῗσερχόμενος
559 301 613 350 εἷς
636 299 711 354 τὴν
732 299 968 354 ἐκκλησίαν,
1005 299 1080 350 ἕως
1098 294 1147 343 οὗ
1166 301 1445 356 παρακληθεὶς
1464 299 1486 344 ὅ
1506 300 1720 352 ἐπίσκοπος

268 370 323 419 εἷς
349 368 400 411 τὰ
422 367 514 425 ἅγια
533 367 718 424 γενέθλια
740 367 901 417 ἐδέξατο
926 365 1062 411 αὐτόν.
1134 368 1207 411 οὐκ
1234 368 1367 419 ἄλλως
1388 370 1433 412 δὲ
1449 369 1611 419 ἐδέξατο
1643 368 1720 412 αὖ-

266 435 352 489 τόν,
391 437 465 486 ἕως
485 431 531 479 οὗ
553 437 712 490 ἐποίησε
733 433 902 490 σάκραν,
930 437 999 478 ‘iva
1017 434 1260 491 οἶασδήποτε
1281 435 1588 493 ἀγανακτήσεως
1607 437 1721 495 παρὰ

266 505 465 558 βασιλέως
493 504 702 560 γινομένης
742 503 898 545 ἔνδοσιν
941 505 1135 546 δίδοσθαι
1172 505 1253 547 ἀπὸ
1282 509 1363 548 τῶν
1403 506 1722 562 ἐπιτρεπομένων

216 580 247 614 C
269 570 486 630 τριάκοντα
505 570 666 627 ἡμερῶν
686 573 752 614 καὶ
771 569 845 614 εἶθ’
869 569 998 621 οὕτως
1015 572 1202 627 γενέσθαι
1220 573 1267 616 τὸ
1284 573 1558 628 προσταχθέν.
1730 584 1753 620 5

366 638 414 682 ‘0
443 640 487 682 δὲ
519 639 642 689 αὐτὸς
672 639 860 692 βασιλεὺς
888 641 953 682 καὶ
982 640 1056 695 τὴν
1086 641 1275 697 δευτέραν
1301 642 1511 684 Γαλατίαν
1541 635 1622 683 ἀπὸ
1651 643 1724 695 τῆς

268 706 433 765 πρώτης
450 709 619 764 μερίσας
639 708 821 762 ἐποιήσεν
840 708 1055 764 ἐπαρχίαν,
1093 709 1189 759 δοὺς
1213 710 1368 752 δίκαιον
1388 707 1541 759 πόλεως
1560 709 1626 751 καὶ
1647 707 1723 765 ἅρ-

262 793 392 831 χοντα
411 780 647 819 Πισινοῦντι
666 780 716 833 τῇ
738 774 861 818 πόλει.

143 854 176 888 0
200 852 247 890 44
367 843 415 887 ‘O
433 845 477 886 δέ
496 844 619 893 αὐτὸς
641 842 860 893 Θεοδόσιος
874 843 1065 897 βασιλεὺς
1084 842 1256 899 ποιήσας
1270 843 1490 902 πρόκενσον
1509 843 1640 887 ἀπιὼν
1660 844 1724 886 ἐπὶ

269 905 446 967 πόλεμον
454 945 468 965 ,
505 913 546 955 ἐν
568 909 817 971 Μιζουλοὶνῳ
838 910 1074 970 ἦῤῥιόστησε
1084 944 1098 965 ,
1130 915 1196 955 καὶ
1217 917 1380 973 τελευτᾷ
1402 915 1485 955 ἐκεῖ
1499 913 1540 955 ἐν
1560 914 1721 964 Μιζου-
1736 926 1781 959 10

270 979 380 1040 λάνῳ
392 1014 405 1034 ,
444 979 501 1023 ὢν
523 981 716 1023 ἐνιαυτῶν
739 978 792 1031 ξε’
807 994 816 1004 ·
854 981 919 1022 καὶ
940 980 1095 1035 ἠνέχθη
1113 980 1160 1023 τὸ
1181 982 1373 1035 λείψανον
1393 980 1522 1023 αὐτοῦ
1541 981 1584 1023 ἐν
1602 983 1726 1023 Κων-

270 1047 610 1092 σταντινουπόλει.
681 1047 747 1092 ὅτε
778 1049 822 1091 δὲ
851 1047 987 1102 ἔμελλε
1006 1052 1193 1091 τελευτᾶν
1217 1047 1459 1101 Θεοδόσιος,
1491 1047 1642 1102 μαθὼν
1663 1047 1726 1091 ὅτι

272 1117 328 1167 εἷς
350 1115 508 1172 Ῥώμην
532 1112 660 1172 ἦλθεν
687 1115 707 1159 ὃ
731 1115 943 1174 Ἀρκάδιος
972 1117 1075 1173 πρὸς
1094 1115 1289 1174 Ὁνώριον
1305 1117 1376 1160 τὸν
1399 1116 1525 1159 αὐτοῦ
1548 1116 1725 1172 ἀδελφὸν

273 1183 594 1242 ἀρρωστήσαντα
606 1218 619 1237 ,
655 1184 829 1241 ἔγραψεν
850 1184 961 1243 αὐτῷ
981 1184 1237 1241 ὑποστρέψαι
1259 1187 1314 1234 εἷς
1336 1182 1726 1228 Κωνσταντινούπο-

218 1263 252 1297 D
275 1257 337 1296 λιν
357 1254 424 1296 διὰ
443 1253 515 1308 τὴν
533 1252 744 1308 ἀνατολήν.
800 1254 865 1295 καὶ
885 1255 1177 1308 διατρίψαντος
1196 1255 1236 1295 ἐν
1248 1251 1382 1310 Ῥώμῃ
1402 1257 1475 1296 τοῦ
1498 1251 1625 1295 αὐτοῦ
1643 1257 1723 1305 βα-
1738 1265 1781 1299 15

273 1322 414 1371 σιλέως
442 1321 655 1377 Ἀρκαδίου
689 1321 789 1377 πρὸς
832 1319 902 1363 τὸν
941 1321 1066 1363 αὐτοῦ
1100 1321 1277 1377 ἀδελφὸν
1316 1321 1487 1373 βασιλέα
1516 1318 1724 1376 Ὁνώριον,

274 1388 470 1439 ὡσαύτως
498 1391 542 1431 δὲ
564 1391 628 1431 καὶ
659 1390 762 1432 κατὰ
785 1389 858 1443 τὴν
888 1386 983 1431 ὁδὸν
1016 1387 1305 1444 διασύραντος,
1343 1391 1385 1431 ἐν
1413 1387 1496 1446 ὅσῳ
1521 1387 1676 1444 ἔρχεται
1704 1387 1726 1431 ὅ

265 1455 478 1514 Ἀρκάδιος
497 1459 537 1500 ἐν
559 1455 999 1510 Κωνσταντινουπόλει,
1022 1460 1063 1499 Γ
1059 1457 1173 1506 αϊνὰς
1191 1454 1455 1513 ἐτυράννησεν
1472 1454 1492 1498 ὅ
1513 1460 1727 1512 συγκλητι-

272 1524 367 1579 κός,
401 1526 535 1568 θέλων
558 1529 809 1580 βασιλεῦσαι.
881 1527 947 1567 καὶ
978 1525 1237 1582 κατέφθασεν
1268 1522 1522 1581 ὅἈρκοῖδιος
1543 1525 1727 1568 ἐνιΚων-

272 1592 599 1637 σταντινουπόλει
621 1596 686 1636 καὶ
706 1592 892 1650 ἐφόνευσε
910 1593 981 1635 τὸν
999 1591 1196 1648 τύραννον
1217 1596 1257 1634 Γ
1254 1591 1382 1635 αϊνάν.
1735 1605 1782 1638 20

154 1662 187 1695 0
211 1659 256 1719 4}
381 1662 507 1706 Μετὰ
525 1658 596 1706 οὖν
616 1662 689 1718 τὴν
707 1662 915 1716 βασιλείαν
938 1662 1159 1704 Θεοδοσίου
1179 1665 1252 1703 τοῦ
1273 1658 1448 1715 μεγάλου
1467 1665 1540 1702 τοῦ
1560 1664 1727 1704 Σπανοῦ

277 1732 531 1786 ἐβασίλευσεν
551 1729 571 1774 ὁ
598 1731 685 1780 υἱὸς
707 1730 831 1772 αὐτοῦ
852 1727 1064 1786 Ἀρκάδιος
1083 1729 1125 1772 ἐν
1143 1726 1570 1772 Κωνσταντινουπόλει
1593 1727 1728 1772 ἐλθών

362 1817 397 1851 7.
421 1815 582 1863 πόλεως]
606 1819 708 1853 Immo
730 1814 997 1864 μητροπόλεως.

274 1886 345 1920 dies
367 1886 544 1931 plurimos;
566 1887 675 1922 donec
698 1891 854 1922 exoratus
876 1886 1011 1920 tandem
1034 1883 1167 1929 recepit
1190 1895 1284 1925 eum,
1308 1882 1343 1917 in
1358 1882 1460 1917 Festo
1484 1882 1728 1927 Theophanio-

275 1943 370 1973 rum3
394 1944 436 1966 ea
459 1937 570 1966 tamen
595 1933 798 1974 conditione,
821 1932 850 1966 si
873 1943 935 1977 per
953 1933 1095 1965 Sacram
1117 1929 1372 1974 Imperatoriam
1395 1928 1556 1970 ediceret,
1580 1933 1618 1962 ut
1641 1940 1730 1972 qua-

276 1977 449 2022 liscunque
471 1978 636 2013 incideret
658 1979 807 2020 occasio,
832 1989 918 2023 quae
940 1977 1181 2022 Imperatorem
1204 1979 1400 2010 commotum
1423 1974 1602 2014 redderet,
1629 1972 1728 2008 Judi-

277 2034 352 2056 cum
375 2024 580 2065 sententiae,
603 2036 670 2059 non
693 2024 756 2058 nisi
777 2022 976 2068 interposito
1001 2033 1067 2056 xxx
1090 2021 1219 2055 dierum
1241 2021 1366 2066 spatio,
1389 2023 1486 2054 ratae
1509 2022 1630 2053 essent.

369 2068 462 2102 Idem
482 2069 694 2104 Theodosius
711 2070 883 2103 Galatiam
907 2080 1039 2113 quoque
1062 2067 1238 2102 secundam
1263 2078 1283 2100 a
1306 2064 1415 2110 prima
1437 2064 1615 2106 dirimens,
1638 2063 1727 2098 Pro-

279 2113 423 2149 vinciam
446 2114 551 2155 fecit3
583 2115 782 2160 Metropolis
797 2116 876 2159 jure
899 2120 935 2148 et
958 2114 1139 2148 Praefecto
1163 2110 1351 2146 Pessinunti
1373 2109 1547 2144 concessis.

369 2160 478 2194 Porro
502 2160 711 2194 Theodosius
744 2161 951 2205 Imperator,
984 2158 1200 2204 expeditione
1223 2157 1365 2202 quadam
1387 2159 1557 2200 suscepta,
1593 2153 1728 2188 Medio-

280 2205 351 2239 lani
373 2205 409 2239 in
431 2206 581 2239 morbum
604 2205 773 2247 incidens,
809 2207 883 2240 fato
906 2206 954 2240 ibi
977 2204 1172 2244 succubuit,
1205 2213 1306 2236 annos
1335 2206 1432 2236 natus
1453 2211 1540 2241 va3
1574 2198 1726 2244 reliquiis

282 2252 355 2295 ejus
378 2250 457 2284 inde
480 2250 803 2296 Constantinopolim
835 2251 1032 2297 deportatis.
1086 2248 1236 2283 Moriens
1259 2252 1370 2282 autem
1394 2245 1624 2287 Theodosius,
1661 2246 1727 2278 Ar-

281 2296 412 2331 cadium
444 2296 569 2340 (quem
592 2296 728 2329 Romam
759 2297 887 2331 venisse
920 2295 1104 2336 rescierat,
1139 2299 1178 2327 ut
1200 2292 1381 2327 Honorium
1413 2293 1556 2325 fratrem
1590 2291 1727 2332 viseret,

280 2347 363 2375 tunc
385 2341 545 2386 temporis
567 2353 608 2375 ex
630 2343 746 2375 morbo
771 2341 1049 2384 decumbentem)
1074 2351 1135 2385 per
1157 2338 1271 2373 literas
1294 2339 1446 2371 hortatus
1470 2340 1532 2377 est,
1559 2335 1610 2370 uti
1633 2336 1727 2369 Con-

280 2387 530 2430 stantinopolim
551 2392 727 2432 repetens,
771 2387 906 2421 Orienti
928 2387 1148 2433 prospiceret.
1200 2383 1345 2418 Arcadio
1369 2386 1478 2416 autem
1501 2382 1629 2415 Romae
1650 2392 1726 2415 cum

280 2432 562 2467 fratre-Honorio
585 2433 719 2477 longius
742 2441 986 2473 commorante3
1010 2431 1092 2476 quin
1115 2434 1151 2464 et
1173 2441 1235 2475 per
1257 2428 1344 2462 viam
1368 2439 1499 2472 quoque
1522 2438 1631 2461 moras
1652 2431 1728 2460 tra-

278 2478 400 2519 hente,
425 2478 523 2512 citius
542 2477 863 2523 Constantinopolim
886 2477 1059 2522 attingere
1080 2488 1147 2510 non
1170 2474 1300 2520 potuit,
1324 2484 1422 2517 quam
1441 2473 1569 2507 Gainas
1592 2471 1727 2516 quidam

279 2535 323 2556 ex
345 2524 567 2558 Senatoribus
589 2523 761 2568 imperium
783 2522 967 2556 invasisset.
1026 2522 1180 2556 Tandem
1203 2530 1286 2553 vero
1311 2518 1496 2561 Arcadim,
1529 2517 1726 2554 Constanti-

279 2569 423 2615 nopolim
446 2569 593 2611 veniens,
630 2568 774 2604 Gainam
795 2568 895 2603 istum
916 2568 1074 2602 rebellem
1097 2579 1116 2601 e
1139 2565 1246 2600 medio
1269 2564 1410 2599 sustulit.

603 2643 1402 2697 ARCADIUS

767 2723 1239 2761 1MPERAToa

370 2793 531 2838 Magnum
562 2794 679 2839 itaque
701 2793 927 2828 Theodosium
949 2791 1133 2837 Hispanum
1165 2789 1299 2835 excepit
1320 2789 1357 2824 in
1378 2788 1522 2835 Imperio
1545 2786 1634 2821 filius
1655 2785 1727 2828 eius

281 2838 466 2882 Arcadius,
489 2840 598 2876 Roma
619 2839 944 2887 Constantinopolim
966 2838 1122 2874 veniens:
1148 2837 1207 2873 ubi
1229 2835 1387 2882 regnavit
1409 2846 1511 2871 annos
1533 2842 1632 2875 xxm,
1654 2831 1728 2866 Ho-
