1838 3230
317 194 416 243 546
819 186 1292 233 ANNOTATIONES.

318 308 534 347 animarum
572 305 932 356 transmigratione,
971 305 1191 356 loquuntur
1226 302 1463 343 Fabularum
1499 302 1666 342 istarum
1686 315 1763 343 nu-

319 372 461 403 olores.

428 418 526 469 Ρασ.
562 420 654 460 189.
685 420 726 460 9.
757 415 1004 468 ἐβασίλευσεν
1021 418 1148 467 Ωχος,
1178 413 1267 463 ὐἱός
1289 410 1440 465 αὐτοῦ]
1471 412 1764 454 Artaxerxisfi-

318 476 395 514 lius
419 475 577 527 quidem
597 479 680 512 erat
699 469 854 521 Ochus,
883 473 951 510 sed
971 472 1151 524 Spurius.
1182 472 1272 510 vide
1291 471 1465 510 Ctesiam.

432 530 872 582 Pag.189.11.1013
895 525 1134 579 ποιήσαντος
1170 527 1520 592 λεκανομαντείαν]
1561 526 1622 565 Ita
1649 526 1766 566 etium

321 589 490 637 Glycas,
516 585 655 623 Annal.
686 590 790 636 part.
819 588 858 626 2.
917 584 1042 631 Quum
1065 593 1190 621 autem
1218 599 1288 636 per
1307 583 1638 631 tatzcznanonem,
1668 597 1767 635 quae

317 642 420 696 pelvi
449 639 544 680 solet
564 642 679 695 fieri,
713 639 899 694 futurum
928 640 1187 692 cognovisset,
1226 649 1268 676 ut
1298 638 1503 690 Aegyptus
1530 638 1571 676 in
1599 637 1766 676 hostium

317 707 544 750 potestatem
564 697 728 740 veniret.
761 703 832 735 etc.
891 696 1018 746 Hujus
1049 694 1346 746 praestigiarum
1368 696 1486 732 etiam
1508 694 1769 733 meminerunt

321 754 533 801 Eusebius,
564 752 781 801 Cedrenus,
814 750 905 790 Chr.
932 752 1042 789 Alex.
1064 756 1224 798 auctor,
1256 749 1410 800 aliique.

432 808 534 860 Pag.
568 811 659 850 189
691 810 757 848 16
804 807 872 846 καὶ
905 807 960 854 εἷς
986 805 1165 857 Πέλλην]
1206 805 1470 844 Nectanebum
1508 805 1575 842 alii
1611 802 1768 843 Aethio.

320 865 446 916 piam,
479 864 545 902 alii
565 863 834 902 Macedoniam
856 876 897 900 se
916 863 1108 914 recepisse
1128 867 1319 911 asserunt,
1350 867 1448 899 [este
1466 860 1636 898 Eusebio
1657 875 1766 913 χρον.

322 925 403 974 λογ.
434 917 483 960 α’.
522 916 721 972 φυγόντος
749 920 1008 971 Νεκτανεβω,
1045 915 1099 965 ὥς
1127 932 1253 987 ζτίνες,
1297 917 1351 963 εἰς
1379 917 1622 964 Αἰθιοπίαν,
1651 915 1705 964 ὥς
1725 914 1769 956 δὲ

325 977 466 1030 ἕτεροι,
510 976 566 1023 εἰς
599 975 885 1024 Μακεδονίαν,
923 974 1044 1026 ’ἡνίκα
1075 989 1142 1014 και
1166 969 1390 1026 Ολυμπιαδί
1416 971 1572 1024 μιχθεὶς
1588 969 1655 1014 δια
1673 987 1768 1025 γοη-

322 1034 427 1080 τείας
444 1029 536 1072 ὐἷόν
555 1030 663 1082 ἔσχεν
684 1030 933 1099 Αλέξανδρον
955 1036 1030 1069 etc.

434 1086 537 1139 Pag.
569 1091 661 1130 190.
691 1089 727 1128 3.
759 1084 960 1139 ἄρχιερευς
978 1081 1032 1137 ἦν
1063 1088 1142 1126 τῶν
1174 1085 1369 1125 Ιουδαίων
1397 1079 1565 1134 Ιουδας]
1597 1081 1767 1121 Omnino

322 1143 552 1194 legendum,
602 1139 791 1189 Ιαδδουςε
838 1143 909 1180 sub
943 1142 1005 1180 his
1041 1142 1285 1194 temporibus
1316 1140 1418 1179 enim
1447 1140 1583 1178 floruit
1612 1139 1770 1187 Jaddus,

323 1200 561 1238 Judaemum
582 1198 767 1236 Pontil'ex
784 1205 920 1237 sextus
940 1213 962 1236 a
990 1204 1132 1250 coepto
1158 1197 1417 1243 Pontificatu,
1446 1202 1537 1247 post
1564 1195 1772 1247 Captivita-

325 1263 406 1295 tem
434 1255 672 1294 Judaeorum
700 1268 750 1292 ex
780 1255 978 1305 Babylone
1005 1254 1218 1293 remissam.
1257 1253 1348 1293 vide
1368 1251 1458 1294 Chr.
1488 1251 1598 1293 Alex.
1621 1257 1660 1291 et
1685 1251 1773 1290 Eu-

326 1312 488 1351 sebium.

436 1367 540 1419 Pag.
571 1369 664 1410 190.
694 1367 736 1406 4.
781 1363 963 1416 κατέσχεν
999 1360 1074 1406 οὖν
1114 1363 1143 1416 ἦ
1179 1361 1365 1418 Εβραΐκὴ
1401 1359 1670 1416 ἀρχιερωσύνη
1703 1361 1771 1414 ἔτη

328 1418 437 1480 ασβ’.
447 1423 461 1473 ]
492 1423 642 1461 scilicet
658 1422 705 1459 ab
725 1422 783 1461 Isl
786 1422 990 1460 aelitarum
1015 1434 1066 1459 ex
1086 1420 1269 1472 Aegypto
1291 1432 1461 1470 egressu·

441 1478 542 1530 Pag·
575 1481 666 1520 190.
696 1481 734 1519 6.
765 1477 900 1518 ε’πεσεν
924 1476 953 1527 ἦ
975 1475 1095 1529 στήλη
1117 1480 1189 1517 τοῦ
1212 1476 1443 1525 Κολοσσοῦ]
1474 1473 1554 1512 Sub
1576 1471 1770 1512 Antiocho

327 1536 493 1586 Magne,
521 1534 656 1586 Syriae
680 1547 794 1584 rege,
824 1533 1015 1571 accidisse
1035 1532 1113 1570 hoc
1130 1538 1298 1571 testatur
1316 1531 1520 1570 Eusebius.

419 1590 536 1643 Pag
568 1585 1111 1642 190.14.κωμηνΘέρμας]
1142 1589 1199 1626 Ita
1220 1588 1335 1626 etiam
1350 1588 1409 1626 Jo.
1432 1586 1563 1624 Tzetz.
1585 1583 1685 1625 chil.
1706 1586 1771 1626 10.

551 1649 594 1686 H
615 1647 692 1686 νῦν
711 1646 978 1696 Θεσσαλονίκη
999 1643 1071 1696 μὲν
1091 1641 1202 1692 πόλις
1219 1643 1248 1696 ἦ
1264 1638 1516 1695 λαμπροτατη

551 1704 709 1754 Τπῆρχε
729 1697 863 1752 κώμη,
896 1698 1029 1753 Θερμη
1052 1699 1093 1739 δὲ
1112 1698 1184 1750 τὴν
1204 1703 1344 1751 κλῆσιν
1362 1698 1546 1738 ἐκαλεῖτο.

548 1757 631 1797 Καὶ
648 1756 759 1810 μέχρι
776 1760 852 1796 νῦν
875 1755 919 1796 τό
938 1755 1105 1808 πέλαγος
1123 1753 1166 1795 τὸ
1183 1759 1255 1807 τῆς
1278 1753 1577 1818 Θεσσαλονίκης,

548 1815 741 1877 Θερμαῖος
758 1809 903 1859 κόλπος
921 1810 1090 1864 λέγεται,
1122 1807 1200 1851 α’πο
1221 1815 1291 1862 τῆς
1315 1809 1468 1861 Θέρμης
1486 1822 1634 1859 κωμης.

414 1867 542 1908 Αλίαν
563 1869 734 1920 primum
753 1868 896 1906 dictam
925 1868 1044 1905 fuisse
1078 1873 1244 1905 testatur
1272 1864 1511 1917 Stephanus.
1542 1863 1774 1904 Θεσσαλονί-

333 1939 407 1974 κη,
446 1922 559 1972 πόλις
594 1925 870 1972 Μακεδονίας,
911 1920 997 1975 η’τις
1031 1919 1109 1975 α’ρα
1139 1922 1310 1963 ἐκαλεῖτο
1347 1921 1469 1968 Αλία,
1508 1914 1773 1982 Κασσανδρου

332 1981 491 2030 κτίσμα·
519 1980 587 2018 ubi
605 1981 721 2019 etiam
741 1980 935 2018 diversam
959 1994 980 2016 a
1003 1979 1145 2017 Nostro
1169 1978 1336 2016 nominis
1367 1975 1666 2014 Thessalonicae
1692 1975 1771 2012 ori-

334 2035 482 2086 ginem,
512 2049 561 2073 ex
581 2037 732 2074 Lucillo
750 2037 919 2074 Tarraeo
939 2035 1105 2086 profert.

445 2089 742 2142 Pag.191.1.
782 2089 875 2142 μετὰ
897 2088 961 2131 τὸν
982 2087 1113 2140 Χόον]
1146 2091 1230 2130 Scr.
1255 2091 1378 2141 Ωχον.
1409 2087 1561 2127 Ochum
1582 2100 1678 2126 vero
1699 2099 1773 2125 ex-

337 2145 440 2197 cepit
462 2145 602 2196 Arses,
634 2146 735 2184 Ochi
760 2147 803 2186 F.
835 2147 903 2198 qui
924 2160 1086 2197 regnum
1119 2146 1248 2185 tenuit
1272 2159 1394 2184 annos
1422 2158 1466 2183 11.
1493 2144 1558 2182 cui
1585 2142 1774 2182 successit

338 2202 496 2250 Darius,
523 2202 673 2240 Arsami
690 2204 735 2242 F.
763 2209 863 2241 teste
893 2203 1075 2243 Eusebio.

448 2256 550 2309 Pag.
581 2261 670 2299 191.
700 2262 738 2299 2.
784 2257 804 2299 ὅ
838 2260 1007 2310 Μῆδος,
1046 2257 1067 2300 ὃ
1093 2253 1354 2308 Ασσαλαμου]
1394 2258 1478 2294 Ser.
1518 2253 1539 2295 ὅ
1568 2249 1773 2306 Αρσᾶμου,

339 2314 399 2350 uti
425 2312 572 2352 habent
600 2313 812 2362 Eusebius,
851 2315 1070 2364 Cedrenus‚
1113 2315 1278 2365 Glycas:
1316 2318 1454 2351 auctor
1479 2316 1609 2349 tamen
1639 2315 1773 2347 noster

338 2368 524 2420 Ubique‘
500 2385 520 2410 ο
543 2369 780 2421 Ασσαλαμου
796 2343 924 2410 habet

452 2423 553 2478 Pag.
585 2428 677 2468 192.
705 2429 744 2468 8.
771 2424 838 2465 καὶ
859 2420 1068 2476 δημόσιον]
1107 2421 1319 2477 δημόσιον,
1348 2420 1579 2473 simpliciter
1598 2419 1772 2472 positum

342 2480 449 2532 apud
465 2488 644 2520 nostrum
661 2481 804 2533 ubique
827 2481 1017 2531 significat
1043 2478 1230 2532 δημόσιον
1263 2476 1447 2531 λουτρόν,
1490 2477 1676 2515 Balneum
1697 2489 1773 2527 pu-

340 2537 507 2575 blicum·
538 2542 652 2603 atque
670 2537 748 2576 hoc
769 2537 859 2575 satis
879 2536 1086 2588 apparebit
1107 2550 1156 2575 ex
1174 2536 1244 2575 lib.
1271 2538 1334 2575 10.
1364 2547 1414 2600 Ρ.
1443 2536 1536 2576 243.
1571 2532 1640 2570 ubi
1664 2530 1771 2582 quod

341 2593 452 2644 prius
471 2589 660 2644 δημόσιον
680 2591 839 2646 λουτρὸν
854 2598 1082 2640 vocaverat,
1118 2591 1256 2630 deinde
1272 2586 1465 2641 δημόσιον
1486 2595 1636 2627 tantum
1657 2587 1770 2625 dicit:

342 2648 409 2688 καὶ
439 2645 564 2696 ου’τως
590 2645 684 2690 αὐτὸ
716 2665 760 2690 το
789 2644 982 2717 δημόσιον
1006 2621 1171 2717 λουνττρὸν
1198 2641 1385 2694 ἐκαλουν,
1424 2650 1500 2686 etc.
1539 2644 1667 2696 primo
1701 2641 1772 2680 ha-

341 2703 430 2750 bet;
458 2703 597 2743 deinde
627 2702 669 2745 τὸ
690 2704 733 2746 δὲ
757 2721 851 2746 emto
881 2700 1072 2771 δημόσιον
1099 2698 1152 2755 ἦν
1181 2700 1452 2754 κεκτισμένον,
1482 2706 1556 2740 etc.
1582 2700 1637 2738 ita
1656 2697 1771 2737 etiam

343 2759 410 2800 lib.
443 2763 505 2801 13.
538 2774 576 2811 p-
597 2762 690 2803 302.
719 2758 841 2809 λύσας
856 2776 899 2801 το
918 2756 1123 2812 λεγόμενον
1148 2758 1345 2798 Φιλίππου
1364 2755 1551 2809 βασιλέως
1568 2750 1769 2806 δημόσιον,

343 2812 507 2868 λουτρον
532 2831 607 2870 γαρ
638 2814 802 2859 παλαιὸν
824 2832 877 2870 ην
886 2844 899 2867 ,
936 2815 1004 2857 καὶ
1033 2817 1086 2870 τῷ
1111 2811 1240 2870 χρόνῳ
1267 2811 1447 2868 φθαρὲν,
1486 2811 1553 2854 καὶ
1566 2827 1620 2865 μη
1638 2811 1768 2851 λοῦον
