1852 3236
278 233 359 263 vm
827 216 1197 264 PRAEFATIO.

279 325 446 389 τιόχου
481 328 767 391 Κολοφῶνος
813 328 858 372 in
899 331 1111 389 opusculo
1145 329 1247 378 MS.
1284 328 1522 376 Oxoniensi
1562 321 1717 375 fefellit

277 398 527 443 Bentleium
558 397 757 457 Epistola
792 396 848 439 ad
884 395 1071 441 Minium
1098 414 1142 457 p.
1173 397 1217 442 8.

375 465 599 509 Hactenus
647 464 703 507 de
740 463 921 509 Malala.
987 465 1135 509 Editio
1179 471 1326 509 nostra
1370 479 1506 523 quum
1546 463 1718 523 integra

278 532 467 576 reddere
502 532 685 575 deberet
707 546 820 589 quae
855 537 1103 576 annotasset
1121 532 1418 590 Chilmeadus‚
1452 546 1534 575 nec
1567 532 1717 575 feren-

280 599 386 643 dum
418 599 637 643 videretur
669 598 735 641 bis
771 598 899 642 etiam
939 600 1103 659 apponi
1131 606 1195 644 tot
1238 600 1553 644 levissimorum
1598 613 1719 642 men-

281 667 437 711 dorum
460 666 764 721 correctiones,
796 681 883 725 ego
904 669 1198 711 annotationes
1225 669 1316 711 eius
1335 667 1580 726 dispertitus
1600 666 1718 723 biia-

278 735 387 777 riam
420 734 608 788 sumita,
641 739 688 777 ut
722 733 829 777 meis
849 734 1085 779 insererem
1107 750 1213 793 quas
1242 735 1367 779 utiles
1398 734 1456 778 ad
1490 733 1618 778 crisin
1634 733 1719 777 du—

282 817 450 856 cerem,
486 806 677 845 caeteras
712 801 769 843 ad
804 801 969 845 calcem
1001 803 1256 862 relegarem.
1325 803 1429 861 Ipse
1464 815 1576 859 quae
1611 802 1718 844 scri-

279 869 413 913 bendi
450 868 553 913 vitia
579 868 829 912 viderentur
864 870 1033 916 correxi
1074 876 1148 914 aut
1180 870 1352 914 notavi:
1396 884 1528 928 saepe
1573 874 1720 913 autem

279 937 538 995 ambiguum
573 951 668 980 esse
702 951 815 997 quae
843 937 1043 995 librario,
1083 952 1196 994 quae
1237 938 1322 997 ipsi
1353 935 1608 995 imputanda
1636 937 1718 980 sint

278 1005 354 1047 tali
406 1004 631 1063 scriptori,
685 1010 845 1062 sponte
901 1005 1166 1064 intelligitur.
1251 1004 1517 1048 Futilitatem
1568 1003 1715 1047 homi-

279 1072 342 1114 nis
387 1087 468 1130 per
510 1077 656 1133 partes
699 1072 864 1128 aliquot
907 1087 1089 1116 censura
1141 1086 1219 1116 sua
1262 1072 1554 1132 dignatusest
1578 1070 1716 1116 Bent—

280 1139 409 1193 leius‚
446 1153 622 1181 omnem
655 1139 796 1181 refelli
826 1154 956 1182 nemo
991 1140 1117 1184 ferat.

378 1205 527 1249 Editio
551 1205 808 1250 Oxoniensis
839 1221 976 1264 quum
1008 1213 1098 1249 tam
1133 1207 1185 1249 sit
1208 1205 1482 1265 negligenter
1506 1207 1720 1266 impressa

281 1278 329 1317 ut
371 1273 564 1333 integros
608 1288 757 1317 versus
804 1274 984 1317 omissos
1031 1273 1193 1333 prodat
1234 1273 1531 1331 interpretatio
1564 1274 1720 1317 Latina

281 1355 326 1401 p.
363 1340 475 1384 108.
501 1347 546 1384 et
566 1338 698 1396 145„
730 1356 891 1399 operae
912 1341 1100 1400 pretium
1124 1342 1316 1385 facturus
1336 1341 1389 1384 sit
1411 1340 1486 1398 qui
1511 1341 1610 1384 libri
1625 1341 1718 1384 Ba-

282 1408 472 1451 rocciani
503 1409 660 1452 iterum
689 1408 941 1451 conferendi
969 1409 1165 1452 laborem
1194 1409 1414 1466 suscipere
1448 1409 1554 1451 tanti
1581 1414 1719 1467 putet.

282 1474 398 1518 Mihi
439 1475 552 1518 haec
598 1477 728 1519 etiam
770 1476 879 1520 ratio
920 1476 1001 1518 fuit
1045 1491 1132 1521 non
1166 1475 1416 1535 tangendae
1458 1475 1720 1535 interpreta-

283 1542 408 1589 tionis
436 1542 706 1597 Chilmeadi,
753 1558 867 1600 quae
901 1558 1015 1587 nunc
1061 1544 1222 1587 codicis
1256 1545 1386 1586 instar
1420 1548 1497 1586 est.
1566 1543 1721 1587 Abieci

284 1624 389 1652 vero
425 1625 534 1667 quos
567 1611 738 1654 Hodius
773 1611 1001 1654 addiderat
1038 1611 1208 1654 Indices
1243 1611 1517 1669 Scriptorum
1551 1616 1594 1654 et
1626 1610 1720 1654 Vo-

287 1692 387 1719 cum
420 1677 756 1735 Dictionumque
791 1679 846 1720 ab
891 1678 1123 1736 Ducangio
1168 1679 1421 1724 emissarum
1455 1692 1631 1722 mancos
1677 1684 1720 1722 et

286 1750 465 1802 tennes,
503 1746 627 1789 novis
662 1760 814 1791 eorum
840 1745 940 1788 loco
975 1745 1223 1790 substitutis.

387 1812 588 1869 Denique
632 1818 885 1856 annotamus
928 1812 1160 1859 editionem
1197 1811 1491 1857 Oxoniensem
1532 1811 1721 1871 prodiis-

289 1893 336 1922 se
373 1878 538 1936 duplici
578 1880 699 1923 titulo
748 1895 908 1924 annum
955 1879 1096 1924 1691.
1133 1880 1412 1938 praeferente
1455 1880 1722 1938 inscriptam,

291 1945 360 1988 cui
377 1946 420 1988 in
437 1945 520 1988 alio
541 1961 630 2004 quo
664 1953 763 1994 utor
788 1948 1028 2006 exemplari
1057 1948 1207 1991 tertius
1242 1947 1416 1991 additur
1449 1962 1559 1991 anno
1579 1946 1722 1990 1692.

290 2012 537 2072 insignitus3
590 2014 804 2058 Venetam
858 2015 916 2058 ob
977 2015 1177 2060 vitiorum
1224 2014 1541 2060 multitudinem
1591 2028 1723 2074 pror-

293 2095 364 2124 sus
398 2081 591 2124 inutilem
625 2097 664 2129 a.
702 2081 846 2125 1733.
1542 2089 1545 2091 “

394 2203 650 2248 Scribebam
684 2204 860 2264 Lipsiae
894 2203 1036 2247 idibus
1063 2201 1329 2249 Octobribus
1363 2203 1726 2252 MDCCCXXX.
