1838 3230
306 177 405 223 714
902 174 1022 218 BEN
1023 174 1178 218 TLEII

303 286 344 325 in
372 286 532 326 rebus
518 287 627 340 lpsis.
683 288 848 328 Prorsus
877 296 974 341 quot
1003 290 1148 342 verba,
1194 295 1257 329 tot
1288 295 1428 330 errata.
1483 291 1620 345 Neque
1649 293 1752 334 enim

303 356 473 393 agnosco
493 345 777 383 commentitios
802 346 898 384 istos
923 345 1126 396 Theomin,
1154 346 1337 396 Minoem,
1367 347 1552 400 Auleam3
1583 363 1752 401 quorum

304 412 375 450 ego
395 400 483 439 loco
502 413 582 439 non
610 400 730 438 dubia
758 401 985 453 conjectura
1015 415 1166 455 repono
1186 402 1374 454 Tliespin,
1402 403 1548 469 Jonem,
1575 405 1753 461 Aeschy-

303 455 409 495 lum:
450 470 577 508 neque
595 456 760 508 Thespis
780 471 846 506 ea,
877 472 952 509 qua
971 465 1130 507 rentur,
1159 464 1390 510 tempestate
1408 460 1531 512 vixit3
1573 475 1664 500 nam
1681 463 1752 501 So-

302 511 406 550 lonis
423 513 596 563 aequalis
624 527 645 550 a
661 513 814 552 Troicis
839 515 1082 567 temporibus
1112 515 1336 564 lonoissime
1359 515 1506 555 abfuit:
1535 530 1662 569 neque
1678 518 1754 556 Ion

302 567 501 632 Aeschylo
520 571 633 620 prior
649 569 744 608 fuit:
774 583 901 621 neque
919 571 1071 623 primus
1088 570 1305 622 Aeschylus
1327 570 1478 610 Choros
1498 573 1702 624 tragicos
1689 587 1752 612 m-

303 625 453 673 stituit3
485 624 594 676 quod
612 631 750 663 contra
780 625 964 676 ch01um‚
996 628 1063 678 qui
1087 634 1278 678 perpetua
1307 633 1395 666 ante
1424 628 1600 668 mationa
1626 635 1751 668 totam

289 680 477 721 ‘fabulam
497 681 750 730 decantabat,
780 682 929 733 primus
950 683 1136 722 diverbiis
1166 689 1203 722 et
1222 683 1398 734 personis
1426 683 1618 726 distinxit.
1673 685 1754 724 Sed

303 749 446 786 operae
470 738 636 788 pretium
667 738 786 775 sueiit
823 739 1042 777 accuratius
1072 738 1171 777 haec
1199 739 1327 777 omnia
1356 745 1538 779 nectare.
1621 740 1680 780 Ac
1704 741 1753 779 de

302 791 499 844 Thespide
522 793 681 844 quidem
715 794 842 832 minor
874 802 930 833 est
960 795 1178 847 dubitatio,
1207 795 1299 847 quia
1326 795 1367 833 in
1385 794 1671 849 discipulorum
1690 810 1752 836 ca-

303 847 455 888 thedris
477 849 651 901 quotidie
670 850 744 888 ista
775 850 995 902 jactantur:

518 919 698 968 Ignotum
718 920 888 970 tragicae
908 934 1028 971 genus
1056 921 1250 959 invenisse
1270 921 1484 960 Camoenae

519 975 690 1026 Dicitur,
720 982 759 1014 et
777 977 963 1028 plaustris
983 977 1136 1016 vexisse
1160 982 1341 1029 poemata
1361 977 1537 1030 Thespis.

301 1043 461 1081 Suidas:
493 1044 638 1095 Θέσπις
655 1047 831 1095 ἐδίδαξεν
851 1047 915 1088 ἐπὶ
930 1051 1001 1098 τῆς
1021 1044 1178 1100 πρώτης
1197 1047 1263 1088 καὶ
1296 1051 1316 1096 5
1345 1043 1595 1116 ὀλυμπιάδος.
1650 1062 1753 1100 μνη-

300 1096 508 1152 μονεύεται
531 1101 573 1142 δὲ
602 1107 683 1143 τῶν
708 1099 917 1170 δραματων
945 1099 1092 1153 αὐτοῦ,
1117 1107 1236 1143 Αθλα
1258 1105 1407 1144 Πελίου
1434 1100 1464 1155 ἢ
1487 1099 1662 1155 Φορβοῖς,
1695 1106 1752 1143 Ie-

302 1159 403 1206 ρεῖς,
434 1158 603 1204 Ηΐθεοι,
636 1155 836 1207 Πενθευς.
896 1159 1083 1198 Pentheus
1103 1160 1235 1198 fabula
1260 1175 1282 1197 a
1303 1160 1463 1198 Polluce
1482 1159 1668 1197 laudatur
1681 1159 1750 1199 lib.

300 1223 377 1249 vn.
402 1225 436 1252 c.
453 1226 525 1252 ΧΠ.
551 1212 632 1253 Τὸ’
619 1212 745 1267 ὄνομα
763 1212 978 1267 ἐπενδύτης
997 1215 1166 1267 ληπτέον
1183 1216 1224 1256 ἐκ
1242 1218 1320 1255 τῶν
1343 1213 1597 1266 Σοφοκλέους
1619 1217 1752 1255 Πλυν-

300 1270 436 1319 τριῶν,
469 1267 653 1318 Πέπλους
674 1272 820 1310 τενίσαι
840 1275 1087 1319 λινοπλυνεΐς
1111 1268 1148 1311 τ’
1182 1267 1416 1319 ἐπενδύτας·
1456 1270 1524 1311 καὶ
1547 1269 1690 1318 Θέσπις
1709 1269 1753 1310 δέ

300 1339 381 1363 που
400 1323 525 1374 φησιν
549 1325 591 1365 ἐν
608 1329 662 1381 τῷ
682 1329 857 1366 Πενθεῖ·
901 1330 1020 1380 Εργῳ
1041 1324 1170 1391 νόμιζε
1197 1328 1380 1380 νευρίδας
1408 1326 1509 1380 ἔχειν
1525 1323 1752 1390 ἐπενδύτην.

301 1379 358 1417 De
379 1393 456 1430 quo
474 1393 595 1418 versu
613 1396 701 1420 cum
722 1381 853 1420 nihil
842 1396 881 1420 ιη
900 1383 1121 1433 praesentia
1140 1389 1363 1431 succurrat,
1399 1382 1508 1434 quod
1527 1381 1623 1420 mihi
1638 1382 1753 1420 satis-

300 1435 440 1485 faciat5
467 1436 550 1487 ejus
569 1438 907 1487 emendationem‘
896 1452 935 1476 m
958 1438 1063 1476 aliud
1082 1445 1233 1488 tempus
1253 1438 1448 1477 differam:
1488 1437 1753 1489 Sophocleum

301 1491 415 1530 illum
439 1492 520 1530 sine
538 1507 647 1532 mora
668 1493 884 1546 expediam.
942 1495 1076 1544 Neque
1104 1494 1205 1532 enim
1227 1507 1315 1532 cum
1339 1494 1590 1541 Casaubono‚
1620 1494 1752 1531 Meur-

301 1548 362 1586 sio
389 1554 428 1585 et
451 1548 645 1588 Gatakero
672 1550 844 1590 κτενίσαι
876 1550 1163 1603 substituerim3
1210 1550 1322 1601 cujus
1353 1550 1480 1588 media
1515 1549 1666 1600 syllaba
1692 1555 1752 1588 eet

299 1604 454 1642 brevis:
483 1617 722 1657 versumque
750 1605 933 1644 redderet
958 1619 1035 1643 una
1064 1606 1213 1657 syllaba
1243 1605 1478 1644 breviorem.
1532 1605 1619 1643 Non
1647 1606 1751 1643 enim

300 1658 495 1698 diiambus
521 1668 581 1700 est
608 1665 877 1711 λινοπλυνεΐς,
916 1662 985 1699 sed
1016 1675 1142 1712 paeon
1171 1667 1344 1713 quartus.
1400 1662 1534 1713 Neque
1566 1661 1751 1700 Gatakeri

176 1729 209 1763 0
233 1727 278 1764 47
301 1713 565 1764 νεοπλύντους
583 1715 794 1766 ἐπενδύτας
812 1717 1079 1769 probaverim3
1104 1732 1194 1755 nam
1217 1717 1328 1755 sedes
1348 1724 1488 1768 quarta
1509 1716 1751 1767 spondaeum

301 1786 384 1812 non
403 1773 592 1823 admittit3
623 1780 776 1826 poterat
791 1774 923 1825 paullo
941 1774 1086 1811 rectius
1111 1770 1359 1821 νεοπλύτους.
1416 1773 1493 1811 Sed
1509 1772 1617 1811 aliud
1634 1772 1752 1824 quid-

300 1830 392 1868 dam
409 1830 684 1881 praetulerim,
714 1831 761 1869 de
781 1844 858 1881 quo
877 1830 1001 1867 ausim
1018 1830 1089 1868 tibi
1110 1829 1326 1868 firmissime
1349 1842 1585 1868 asseverarez

520 1898 704 1949 Πέπλους
723 1916 763 1941 τε
790 1903 911 1952 νῆσαι
934 1902 1178 1948 λινοπλυνεΐς
1194 1895 1232 1940 τ’
1254 1898 1479 1947 ἐπενδύτας.

303 1971 465 2010 Diversa
493 1971 540 2008 ab
572 1969 669 2017 illis,
701 1983 798 2020 quas
829 1969 968 2008 Suidas
994 1976 1192 2017 r‚ecenset
1217 1970 1348 2008 fabula
1374 1969 1539 2007 habetur
1565 1967 1608 2006 in
1626 1968 1751 2006 veteri

302 2039 497 2064 marmore
517 2025 802 2064 Arundeliano·
794 2055 804 2075 ,
831 2025 939 2076 quod.
957 2039 1060 2063 nunc
1082 2032 1140 2063 est
1160 2026 1324 2064 Oxonii:
1351 2027 1430 2065 ΛΦ
1452 2027 1526 2065 OT
1542 2026 1755 2064 ΘΕΣΠΙΣ

306 2085 341 2122 Ο
372 2084 667 2122 ΠΟΙΗΤΗΣ.
739 2084 914 2120 ..AXI
958 2084 1072 2120 .ΟΣ
1097 2082 1390 2124 ΕΔΙΔΑΞΕΝ
1411 2084 1519 2121 ΑΛ.
1565 2081 1749 2118 .ΣΤΙΝ.

302 2139 452 2190 Supple
481 2111 801 2184 AAKHZTTN,
831 2109 1032 2187 α’λκησιειν·
1073 2152 1153 2176 non
1184 2134 1382 2186 αλκέστιν,
1412 2143 1457 2174 ut
1483 2135 1611 2173 minus
1640 2140 1750 2172 recte

303 2195 497 2245 Editor-‚es
569 2193 696 2230 Locus
729 2199 787 2230 est
815 2192 978 2230 illustiis
1015 2194 1120 2243 apud
1154 2194 1386 2232 Clementem
1415 2192 1454 2229 in
1485 2189 1751 2242 Στρωματέων

306 2251 466 2302 quinto·
458 2279 468 2299 ‚
498 2262 613 2300 quem
634 2249 742 2286 nefas
764 2248 919 2298 quidem
937 2249 1056 2287 suerit
1075 2250 1228 2288 silentio
1246 2247 1561 2300 praetermittere
1608 2244 1750 2292 Θέσπις

307 2306 380 2374 μέν
400 2322 462 2346 τοι
481 2322 502 2346 ο
523 2302 700 2359 τραγικὸς
717 2301 782 2345 δια
800 2318 951 2344 τουτων
970 2301 1062 2345 ἄλλό
1083 2321 1120 2346 τι
1140 2304 1404 2358 σημαίνεσθαί
1423 2313 1544 2355 φησιν
1568 2295 1643 2342 ὧδέ
1664 2316 1749 2348 πως

356 2379 379 2402 α
417 2377 483 2403 ων.

305 2378 352 2418 γρ
385 2378 415 2414 φ
523 2417 588 2456 Ιδε
617 2428 679 2456 σοι
707 2414 860 2456 σπένδω
890 2414 1048 2466 κναξζβὶ
1082 2413 1127 2455 τὸ
1155 2413 1295 2455 λευκον

518 2469 611 2512 Ano
638 2468 875 2524 θηλαμόνων
902 2472 1056 2521 θλίψας
1087 2483 1267 2511 κνακων·

187 2534 214 2566 V
237 2534 282 2569 25
522 2529 589 2568 16⁸
617 2540 678 2568 σοι
707 2525 890 2580 χθύπτην
923 2524 1039 2594 τυρὸν
1072 2528 1186 2579 μίξας

522 2586 701 2638 Ερυθρῷ
730 2582 870 2636 μέλιτι,
908 2597 1007 2622 κατα
1035 2585 1115 2622 τῶν
1143 2595 1244 2628 σων,
1276 2577 1368 2619 Ποῖν

522 2625 703 2692 δικέρως,
736 2641 895 2690 τίθεμαι
922 2639 1066 2690 βωμῶν
1096 2636 1233 2691 ἁγίων.

522 2695 589 2734 Ιδε
618 2707 680 2735 σοι
709 2696 884 2748 Βοομίου
913 2694 1066 2734 αἴθοπα
1095 2690 1269 2746 φλεγμον

521 2754 596 2790 Λει
627 2767 668 2790 ω.

305 2804 412 2844 Haec
429 2812 561 2844 narrat
582 2751 758 2846 (ilex-nens
783 2819 833 2846 ex
850 2804 1065 2858 Thespide.
1093 2804 1155 2844 Ex
1173 2802 1257 2842 aliis
1278 2770 1373 2851 alia,
1404 2814 1503 2853 quae
1520 2800 1572 2839 ad
1590 2799 1747 2839 eandem
