1838 3230
303 185 402 230 220
697 177 991 222 IOANNIS
1018 179 1371 227 MALALAE.

302 301 361 355 τῷ
373 296 572 354 Ἀντωνίῳ
590 297 655 338 καὶ
674 299 725 351 τῇ
744 293 992 357 Κλεοπάτρᾳ
1009 295 1184 353 πόλεμον
1203 298 1430 354 ναυμαχίας
1445 297 1585 355 μέγαν,
1607 300 1757 351 καθὼς

301 367 533 420 Βεργίλλιος
552 362 572 407 ὅ
597 363 725 419 σοφὸς
745 364 786 406 ἒν
805 369 856 421 τῇ
875 365 1001 408 αὐτοῦ
1020 366 1281 425 ἀσπιδοποιία
1301 364 1588 423 συνεγράψατο
1610 367 1668 421 εἰς
1684 367 1756 413 τὸν

302 433 446 488 ὄγδοον
467 432 595 474 αὐτοῦ
613 430 744 487 λόγον.
814 433 860 475 τὸ
887 434 930 476 δὲ
948 437 1110 489 πλῆθος
1127 439 1207 478 τῶν
1235 435 1479 491 ἀμφοτέρων
1499 433 1759 495 στρατευμά-

301 519 383 544 των
405 500 596 543 ἕσκὲπασε
624 499 698 554 τὴν
717 503 791 554 γῆν
819 503 885 542 καὶ
902 501 975 556 τὴν
1000 501 1232 547 θάλασσαν.
1305 505 1371 545 καὶ
1391 500 1548 559 ἐσφάγη
1574 508 1648 546 τοῦ
1664 503 1756 547 Ἀν-

300 570 446 612 τωνίου
467 570 533 610 καὶ
553 572 624 622 τῆς
635 567 904 625 Κλεοπάτρας
921 574 1082 625 πλῆθος
1100 572 1142 613 ἓν
1158 575 1210 628 τῇ
1230 572 1449 630 ναυμαχία,
1471 570 1574 614 ὥστε
1588 570 1787 619 τάῧὸα-5

301 654 353 678 τα
383 640 455 690 τῆς
476 633 695 691 θαλάσσης
714 638 856 691 αἵμασι
883 637 1047 693 μιγέντα
1070 638 1260 693 κυμάτων
1284 641 1350 682 καὶ
1369 637 1496 693 μόνον
1518 640 1753 697 φαίνεσθαι.

247 710 277 744 Β
302 706 368 747 καὶ
406 701 572 758 νικήσας
601 702 621 747 ὃ
650 704 893 760 Αὔγουστος
917 706 1183 760 Ὀκταβιανός
1214 705 1404 764 ἐφόνευσε
1431 707 1503 750 τὸν
1526 705 1753 761 Ἀντώνιον,

299 773 374 827 τὴν
395 773 439 814 δὲ
464 770 735 829 Κλεοπάτραν
764 775 1016 830 παραλαβὼν
1042 777 1106 817 καὶ
1140 773 1268 830 δήσας
1291 773 1586 831 ἐθριάμβευσε,
1620 774 1756 818 κελεύ-

155 849 188 882 Ο
210 845 280 884 284
303 857 379 889 σας
399 840 526 895 αὐτὴν
545 845 810 897 φυλαχθῆναι
831 844 886 892 εἷς
907 842 954 885 τὸ
977 843 1191 899 ἀνενεγκεῖν
1209 845 1251 885 ἐν
1277 848 1327 900 τῇ
1343 842 1477 901 Ῥώμῃ
1496 842 1755 898 αἰχμάλωτον

298 911 363 951 καὶ
386 913 627 962 πομπεῦσαι.
696 909 784 965 ἥτις
807 909 1051 968 Κλεοπάτρα
1070 910 1323 968 ἀπεχρήσατο
1346 909 1492 969 ἑαυτῇ,
1531 911 1611 955 ἀπὸ
1632 911 1754 955 ἀσπί-
1766 923 1811 959 1ο

298 980 370 1026 ὁός
390 981 638 1033 κρουσθεῖσα
660 976 843 1021 ἐτελεύτα
857 993 866 1003 ·
904 977 1098 1033 ε’βάσταζε
1117 979 1195 1036 γὰρ
1221 979 1397 1029 ἀσπίδας
1419 981 1485 1022 καὶ
1506 979 1612 1023 ἄλλα
1637 978 1755 1036 ἕρπε-

299 1045 351 1088 τὰ
371 1047 426 1094 εἷς
447 1045 498 1088 τὰ
525 1050 646 1088 πλοῖα
675 1046 742 1088 διὰ
761 1046 830 1089 τὸν
848 1045 1024 1101 πόλεμον
1038 1062 1047 1071 ·
1084 1047 1140 1097 ὥς
1160 1045 1406 1104 φυλάττεται
1436 1043 1507 1091 οὖν
1527 1046 1606 1091 ὕπὸ
1626 1056 1754 1105 στρα-

299 1117 474 1167 τιωτῶν,
515 1112 649 1170 κρύφα
678 1117 878 1169 δηχθεῖσα
897 1113 975 1158 ὑπὸ
997 1116 1169 1166 ἀσπίδος
1185 1120 1351 1175 τελευτᾷ
1368 1115 1444 1158 ’διὰ
1469 1115 1516 1159 τὸ
1540 1115 1598 1171 μὴ
1622 1117 1754 1168 ζῶσαν

298 1182 426 1236 αὐτὴν
461 1182 724 1236 ἀνενεχθῆναι
757 1184 798 1224 ἐν
829 1188 879 1240 τῇ
904 1181 1050 1241 Ῥώμῃ.
1119 1184 1223 1239 μετὰ
1256 1185 1301 1227 δὲ
1331 1183 1403 1239 τὴν
1421 1184 1608 1239 τελευτὴν
1627 1184 1755 1239 αὐτῆς

297 1249 508 1304 ἀπηνέχθη
528 1249 574 1292 τὸ
594 1252 788 1303 λείψανον
819 1251 946 1306 αὐτῆς
976 1253 1017 1294 ἐν
1045 1256 1095 1308 τῇ
1120 1250 1255 1309 Ῥώμῃ
1284 1252 1618 1307 σμυρνιασθὲντα
1651 1248 1755 1310 πρῦς
1767 1262 1809 1298 15

296 1319 519 1373 θεραπείαν
541 1322 613 1372 τῆς
633 1318 812 1374 ἀδελφῆς
833 1324 906 1361 τοῦ
934 1320 1062 1363 αὐτοῦ
1083 1319 1329 1375 Αὐγούστου
1347 1320 1616 1374 Ὀκταβιανοῦ
1626 1353 1640 1372 ,
1677 1338 1753 1363 κα-

297 1386 358 1428 θὰ
381 1383 581 1442 Θεόφιλος
600 1384 622 1428 ὃ
641 1387 770 1442 σοφὸς
782 1386 1063 1444 χρονογράφος
1085 1386 1384 1445 συνεγράψατο.
1457 1388 1496 1430 οἱ
1519 1389 1564 1431 δὲ
1584 1388 1753 1443 ἐκθέμε-

244 1462 275 1496 C
300 1472 360 1496 νοι
383 1454 434 1497 τοὶ
453 1452 604 1510 πάτρια
619 1450 917 1512 Ἀλεξανδρείας
935 1461 1008 1511 τῆς
1028 1454 1206 1512 μεγάλης
1224 1456 1298 1511 τὴν
1315 1453 1588 1513 Κλεοπάτραν
1605 1457 1648 1498 ἓν
1667 1458 1753 1499 ,Αἶ-

295 1520 433 1580 γύπτῳ
453 1520 566 1565 εἶπαν
586 1526 821 1580 λειφθεῖσαν
831 1557 844 1576 ,
882 1526 948 1566 καὶ
970 1524 1075 1567 ἄλλα
1094 1525 1142 1567 δέ
1155 1541 1245 1567 τινα
1262 1523 1321 1578 μὴ
1343 1528 1644 1580 συμφωνοῦντα
1666 1530 1753 1574 τοῖς

290 1588 497 1644 Ῥωμαίων
517 1596 801 1648 συγγραφεῦσι.
1761 1601 1809 1637 20

396 1681 521 1724 Μετὰ
547 1682 592 1724 δὲ
611 1682 685 1737 τὴν
706 1680 897 1737 τοιαύτην
916 1683 1027 1738 νίκην
1051 1680 1072 1725 ὃ
1094 1681 1217 1734 αὐτὸς
1233 1682 1477 1740 Αὔγουστος
1487 1680 1754 1735 Ὀκταβιανὸς

151 1758 184 1790 0
207 1757 275 1792 285
299 1749 385 1804 ἅμα
400 1750 597 1810 Ἀγρίππα
617 1755 675 1809 τῷ
706 1755 919 1810 στρατηγῷ
947 1752 1014 1793 καὶ
1044 1755 1218 1811 γαμβρῷ
1245 1751 1372 1795 αὐτοῦ
1408 1751 1487 1795 ἀπὸ
1517 1755 1592 1806 τῆς
1614 1748 1753 1806 κώμης

387 1884 420 1917 6.
446 1882 594 1926 μιγέντα
617 1881 693 1923 Ch„
717 1881 877 1927 μηγὲντα
900 1883 968 1918 Ox.
1041 1886 1097 1918 10.
1121 1879 1195 1919 ἀπὸ
1218 1883 1372 1924 ἀσπίδος
1393 1882 1631 1928 κρουσθεῖσα]
1655 1881 1752 1924 „Lo-

388 1939 446 1961 cus
468 1929 619 1962 mutilus:
643 1925 712 1973 γάρ
735 1934 796 1963 aut
813 1929 895 1974 quid
912 1930 983 1964 tale
998 1929 1217 1974 supplendum
1236 1930 1407 1964 videtur.“
1430 1929 1495 1962 Ch.
1566 1930 1621 1964 17.
1644 1925 1750 1963 ἐκθέ-

386 1975 513 2019 μενοι]
539 1974 745 2019 εἰσθέμενοι
769 1975 835 2009 Ox.
931 1976 985 2010 19.
1008 1977 1224 2021 λειφθεῖσαν
1247 1976 1335 2020 ch„
1359 1976 1567 2020 ληφθεῖσαν
1590 1973 1657 2007 ΟΧ.

297 2086 501 2133 appulisset3
537 2099 611 2122 cum
635 2088 782 2123 Antonio
815 2092 850 2123 et
873 2089 1062 2135 Cleopatra
1083 2088 1196 2124 navali
1217 2087 1348 2135 praelio
1378 2098 1573 2133 congressus
1596 2088 1665 2121 est:
1703 2085 1750 2121 si-

296 2132 370 2166 cuti
392 2132 554 2177 Virgilius
585 2133 737 2178 sapiens,
773 2134 809 2168 in
833 2134 957 2180 Clypei
987 2135 1238 2180 descriptione,
1275 2133 1492 2178 (Aeneidos)
1514 2132 1601 2167 libro
1624 2134 1749 2166 octavo

295 2178 451 2212 tradidit.
498 2179 553 2212 Ea
575 2190 658 2212 vero
690 2184 765 2213 erat
786 2180 961 2226 utriusque
983 2181 1152 2215 exercitus
1183 2180 1321 2214 militum
1344 2178 1542 2220 multitudo,
1581 2180 1622 2212 ut
1643 2179 1750 2226 terra,

296 2235 456 2269 mareque
488 2224 612 2258 eisdem
643 2225 870 2270 operirenturL
918 2226 974 2260 Ex
998 2226 1136 2260 Antonii
1167 2230 1279 2260 autem
1302 2229 1338 2259 et
1360 2225 1567 2270 Cleopatrae
1596 2223 1748 2268 partibus

295 2274 394 2303 tanta
416 2270 482 2303 fuit
503 2276 654 2314 strages,
685 2275 724 2303 ut
753 2282 923 2304 caesorum
947 2271 1110 2316 sanguine
1136 2271 1243 2316 ipsum
1266 2282 1358 2305 mare
1380 2273 1591 2304 cruentatum
1639 2267 1748 2301 enitus

291 2314 482 2349 videretur.
528 2319 695 2360 Augustus
717 2327 799 2349 vero
824 2315 971 2351 victoria
993 2317 1140 2361 potitus,
1169 2315 1348 2351 Antonium
1369 2314 1563 2350 interfecit:
1578 2357 1587 2367 ·
1631 2313 1749 2358 leopa-

292 2364 379 2395 tram
405 2366 517 2395 autem
540 2360 707 2406 captivam
740 2361 887 2403 habens,
923 2366 958 2395 et
988 2362 1025 2396 in
1057 2362 1192 2397 vincula
1223 2361 1423 2406 conjiciens3
1458 2359 1494 2393 in
1525 2358 1644 2392 Trium
1671 2358 1748 2393 hum

292 2418 404 2448 suum,
429 2407 554 2440 Romae
578 2406 830 2447 celebrandum,
855 2408 1021 2442 asservari
1040 2407 1150 2452 jussit.
1197 2408 1379 2442 Caeterum
1398 2406 1476 2446 illa,
1500 2403 1579 2438 dum
1601 2403 1650 2436 M·
1666 2403 1748 2437 ‘tum

292 2456 382 2486 esset
404 2453 464 2486 sub
490 2452 662 2493 custodia,
687 2463 809 2485 cavens
829 2451 894 2485 sibi
916 2464 960 2486 ne
982 2453 1062 2487 viva
1086 2454 1223 2487 Romam
1241 2452 1501 2497 deportaretur3
1526 2448 1636 2494 aspidi
1660 2449 1747 2492 (ho-

291 2509 365 2532 rum
389 2497 495 2539 enim,
531 2497 737 2543 aliorumque
758 2496 795 2530 id
819 2508 924 2541 genus
947 2502 1139 2543 serpentum
1162 2498 1310 2543 copiam,
1345 2496 1380 2529 in
1402 2495 1524 2530 bellum
1548 2494 1747 2547 profectura

292 2543 357 2577 sibi
388 2543 671 2588 comparaverat)
702 2542 833 2577 occulte
864 2554 936 2576 sese
966 2544 1181 2577 mordendam
1213 2543 1398 2587 praebens,
1443 2543 1661 2592 spontaneam
1682 2539 1747 2572 Slbl

293 2588 457 2623 conscivit
488 2593 639 2623 mortem.
697 2589 855 2623 Attamen
887 2599 1010 2634 corpus
1041 2590 1111 2632 ejus
1134 2593 1320 2628 mortuum,
1364 2585 1542 2631 unguentis
1565 2584 1747 2626 conditum,

291 2633 402 2668 laesae
433 2634 602 2668 Octaviae
635 2633 822 2680 placandae
853 2645 973 2674 causa,
1010 2634 1151 2668 Romam
1173 2633 1321 2666 delatum
1344 2636 1414 2666 est:
1457 2630 1508 2665 uti
1532 2629 1746 2674 Theophilus

294 2679 426 2724 sapiens
461 2679 751 2725 chronographus
783 2678 889 2713 literis
920 2679 1103 2713 mandavit.
1152 2679 1277 2712 Verum
1311 2676 1613 2712 Alexandrinarum
1635 2685 1747 2709 rerum

294 2725 475 2768 scriptores
499 2725 717 2770 Cleopatram
738 2725 775 2759 in
797 2725 955 2770 Aegypto
979 2724 1132 2759 relictam
1166 2723 1286 2765 fuisse,
1323 2722 1480 2758 nonnulla
1502 2721 1584 2756 item
1606 2720 1692 2762 alia,
1725 2730 1746 2754 a

294 2769 454 2805 Romanis
476 2770 656 2806 Historicis
679 2771 821 2812 absona,
855 2770 1083 2805 tradiderunt,

386 2838 469 2873 Post
499 2842 632 2885 partam
654 2839 742 2874 hanc
772 2838 968 2883 victoriam,
1009 2838 1175 2884 Augustus
1198 2836 1427 2879 Octavianus,
1466 2846 1534 2871 una
1554 2844 1627 2870 cum
1650 2831 1746 2868 nuce
