1838 3230
405 152 1040 213 CHRONQGRAPHIA
1096 151 1144 198 L.
1174 151 1290 198 xlv.
1492 158 1592 206 359

217 273 344 319 Μετὰ
361 275 406 318 δὲ
423 275 499 332 τὴν
515 274 725 330 βασιλείαν
747 275 1000 330 ΖΙζῘαρκιανοῧ
1020 272 1204 329 ἓστὲφθη
1220 270 1301 317 ὖπὸ
1319 277 1394 330 τῆς
1414 271 1590 331 συγκλή-
1613 278 1645 315 G

114 360 190 387 του
209 341 232 388 ὅ
252 342 469 403 θειότατος
487 343 615 388 Λέων
633 342 654 387 ὃ
672 343 798 399 μέγας
818 341 839 386 ὃ
862 343 1020 393 Βέσσος
1038 341 1107 398 ἔτη
1129 340 1180 392 ις’
1201 344 1267 384 καὶ
1288 347 1422 398 μῆνας
1443 341 1511 387 ια’.

211 423 302 467 Ἐπὶ
328 426 374 468 δὲ
401 429 476 481 τῆς
507 424 636 467 αὐτοῦ
655 424 866 477 βασιλείας
887 424 1146 477 ἐβασίλευσεν
1171 421 1213 464 ἐν
1230 419 1366 481 Ῥώμῃ
1383 423 1594 479 Ἀνθίμιος

115 489 138 534 ὅ
157 489 240 536 ὕπὸ
265 496 514 551 Μαρκιανοῦ
537 494 743 550 στεφθείς.
1607 498 1609 501 “

81 576 104 613 5
212 571 280 615 Ἐν
302 573 347 616 δὲ
368 578 419 631 τῇ
440 574 628 632 βασιλείᾳ
648 572 838 622 Λέοντος
858 570 1012 615 ἔπαθεν
1028 569 1109 614 ὖπό
1132 571 1356 626 θεομηνιάς
1367 570 1590 627 Ἀντιόχεια

111 636 140 695 ἦ
172 638 329 697 μεγάλη
359 642 407 685 τὸ
441 642 638 697 τέταρτον
672 641 800 696 αὐτῆς
830 639 971 691 πάθος
999 642 1098 696 μηνὶ
1129 642 1384 700 σεπτεμβρίῳ
1417 639 1467 698 ιγ’
1497 644 1590 692 δια-

113 707 302 766 φαούσης
328 715 524 767 κυριακῆς
543 710 660 761 ἔτους
682 710 787 753 κατὰ
814 710 889 765 τὴν
912 709 1041 766 αὐτὴν
1052 707 1296 764 Ἀντιόχειαν
1313 711 1591 767 χρηματίζον-

110 793 184 828 τος
205 776 289 835 (1³3²,
326 779 390 821 ἐπὶ
410 785 484 835 τῆς
502 778 697 829 ὑπατείας
716 780 946 835 Πατρικίου
960 793 970 802 ·
1007 780 1075 821 καὶ
1097 779 1314 834 ἐχαρίσατο
1333 786 1419 829 τοΐς
1434 779 1589 823 Ἀντιο-

105 849 222 902 χεῦσι
243 848 311 890 καὶ
333 852 386 906 τῇ
407 846 519 892 πόλει
539 846 659 905 λόγον
679 846 913 902 κτισμάτων
932 846 953 890 ὃ
974 847 1100 897 αὐτὸς
1115 846 1309 901 βασιλεὺς
1326 846 1472 892 πολλά.

56 937 102 972 10
209 925 299 970 Ἐπὶ
329 928 373 970 δὲ
401 933 475 983 τῆς
493 928 621 971 αὐτοῦ
638 929 850 982 βασιλείας
866 924 1053 970 ἐτελεύτα
1075 925 1096 970 ὃ
1116 925 1230 983 ἅγιος
1249 927 1419 981 Συμεὼν
1440 925 1462 971 ὅ
1482 944 1582 971 στυ-
1606 937 1639 972 D

111 995 240 1051 λίτης,
259 994 379 1047 ’ὄντος
390 995 480 1040 τότε
495 997 793 1055 Ἀρὸαβουρίου
812 1001 886 1039 τοῦ
909 997 1136 1053 πατρικίου,
1160 1000 1235 1039 τοῦ
1256 995 1346 1038 υἶοῦ
1359 995 1582 1053 Ἄσπαρος,

111 1062 399 1122 στρατηλάτου
427 1065 643 1122 ἀνατολῆς.
714 1067 781 1109 καὶ
803 1063 1040 1122 κραξάντων
1069 1069 1152 1108 τῶν
1166 1063 1403 1119 Ἀντιοχέων
1426 1067 1493 1108 καὶ
1516 1067 1583 1108 αῗ-
1608 1075 1639 1109 0
1664 1075 1710 1111 76

110 1130 325 1187 τησάντων
354 1134 402 1178 τὸ
435 1139 556 1190 σῶμα
585 1139 660 1178 τοῦ
691 1136 848 1178 δικαίου
855 1167 869 1187 ,
900 1133 1080 1188 ἔπεμψεν
1105 1131 1270 1183 ὃαῦτός
1285 1132 1584 1191 Ἀρδαβούριος

110 1205 153 1244 Γ
150 1202 321 1258 οτθικὴν
345 1201 548 1259 βοήθειαν
575 1206 643 1246 καὶ
671 1203 808 1260 ἤνεγκε
836 1202 884 1245 τὸ
908 1204 1104 1256 λείψανον
1128 1205 1202 1245 τοῦ
1227 1199 1342 1258 ἇγίου
1366 1206 1585 1256 Συμεῶνος

56 1283 99 1318 15
112 1271 154 1312 ἐν
178 1271 394 1331 Ἀντιοχείᾳ
425 1276 476 1329 τῇ
504 1270 683 1329 μεγάλῃ·
720 1274 787 1315 καὶ
809 1272 978 1327 ἐκτίσθη
1002 1270 1114 1331 αὐτῷ
1131 1268 1360 1328 μαρτύριον
1382 1269 1490 1322 οἶκος
1507 1273 1584 1328 με’-

107 1356 184 1395 γας
206 1341 273 1382 καὶ
295 1339 418 1396 ἐτέθη
438 1342 480 1383 ἐν
502 1340 614 1400 αὐτῷ
636 1343 692 1391 εἷς
711 1338 849 1398 σορόν.

205 1419 274 1463 Ἐν
303 1421 348 1463 δὲ
376 1424 428 1478 τῇ
460 1419 588 1463 αὐτοῦ
616 1421 805 1480 βασιλεία
830 1418 1020 1469 Λέοντος
1046 1415 1284 1477 κατερῥήθη
1310 1416 1533 1469 Ἰσοκάσιος
1560 1417 1582 1462 ὅ

107 1486 388 1546 κοιαιστώριος
419 1486 440 1532 ὅ
470 1487 699 1547 φιλόσοφος
726 1487 780 1539 ὦς
805 1486 975 1543 Ἕλλην·
1012 1486 1123 1537 ὅστις
1151 1486 1346 1544 κατήγετο
1377 1488 1420 1530 ἐκ
1444 1488 1584 1544 γένους

108 1556 324 1615 Αῗγεώτης
349 1561 423 1613 τῆς
449 1560 659 1609 Κιλικίας·
696 1553 746 1615 ἦν
776 1558 821 1601 δὲ
847 1555 1008 1614 κτήτωρ
1031 1555 1277 1612 Ἀντιοχείας
1298 1560 1372 1612 τῆς
1389 1555 1580 1612 μεγάλης.

201 1668 236 1703 9.
261 1664 401 1750 ἒὲἶέονΔ]
425 1664 520 1715 λόγῳ
542 1666 608 1702 Ch.
749 1667 807 1703 17.
840 1662 1052 1712 κατηῤῥέθη
1076 1665 1166 1708 Ox„
1189 1663 1430 1712 κατηγορήθη
1453 1665 1582 1702 Chron.

201 1724 238 1760 p.
333 1738 342 1748 .
397 1739 408 1749 .
660 1751 664 1759 ¹

340 1849 612 1898 L-Eo
725 1850 1345 1901 MAGNUS

603 1950 1089 1987 IMPERATOR
1208 1950 1211 1952 ’

199 2053 463 2100 Haut-,excepit
484 2052 520 2087 in
543 2053 686 2100 imperio
710 2054 954 2090 sacratissimus
977 2055 1059 2101 Leo¹
1072 2054 1239 2100 Magnus,
1275 2054 1395 2089 Bessus
1418 2053 1580 2095 natione3

108 2109 133 2135 a
154 2099 286 2135 Senatu
305 2098 508 2135 Diademate
531 2100 729 2145 insignitus:
756 2101 928 2146 Regnavit
952 2105 1063 2136 autem
1087 2113 1190 2136 annos
1213 2111 1273 2135 XVI
1297 2105 1332 2135 et
1355 2112 1481 2135 menses
1506 2111 1556 2134 xi.

199 2157 278 2192 Hoc
301 2155 482 2203 Imperium
504 2161 662 2199 tenente,
702 2157 833 2192 Romae
864 2158 1024 2203 regnavit
1049 2157 1268 2200 Anthemius,
1302 2169 1401 2203 quem
1424 2156 1469 2191 ad
1493 2157 1580 2190 hanc

108 2200 310 2249 (lignitatem
333 2202 528 2239 Marcianus
551 2208 728 2237 evexerat.

198 2259 394 2316 Imperante
410 2264 530 2298 autem
553 2260 692 2302 Leone,
730 2264 886 2305 quartam
910 2262 1064 2297 coelestis
1098 2262 1173 2297 irae
1195 2259 1458 2296 vicissitudinem
1483 2269 1581 2303 passa

109 2308 163 2340 est
183 2306 365 2341 Antmchia
387 2317 532 2351 magna,
555 2306 767 2352 Septembris
791 2317 880 2350 xm,
904 2309 965 2343 sub
1013 2308 1128 2343 rimam
1152 2309 1278 2342 lucem:
1312 2305 1392 2339 Dies
1414 2310 1490 2338 erat
1509 2303 1581 2338 Do·-

109 2350 268 2395 minious,
307 2363 412 2387 annus
444 2357 557 2386 autem
591 2355 700 2387 Aerae
731 2354 961 2388 Antiochenae
1063 2379 1074 2396 ‚
1111 2353 1255 2389 Patricii
1286 2352 1346 2387 sub
1380 2349 1582 2384 Consulatu.

109 2395 300 2442 Imperator
322 2403 435 2433 autem
459 2398 590 2432 civibus
613 2403 716 2443 atque
740 2399 816 2433 urbi
838 2399 1078 2434 instaurandae
1100 2400 1204 2434 multa
1227 2397 1371 2442 largitus
1395 2400 1457 2430 est.

199 2453 329 2490 Eodem
351 2455 567 2501 Imperante,
590 2460 724 2491 sanctus
747 2455 895 2502 Symeon
919 2455 1038 2502 stylita
1061 2469 1081 2491 e
1103 2456 1190 2491 vivis
1215 2453 1377 2494 excessit3
1402 2463 1471 2497 quo
1495 2455 1582 2486 tem-

109 2509 196 2543 pore
230 2501 390 2546 magister
413 2501 560 2535 Militum
586 2501 739 2536 Orientis
763 2506 839 2537 erat
861 2503 1071 2538 Ardaburius
1095 2502 1286 2541 Patricius,
1329 2498 1468 2544 Asparis
1484 2497 1582 2532 filius.

108 2543 390 2582 Antiochensibus
409 2552 519 2581 autem
543 2547 805 2591 clamitantibus,
828 2552 864 2583 et
881 2548 970 2583 Justi
992 2548 1083 2583 illius
1106 2547 1265 2591 reliquias
1286 2544 1349 2579 sibi
1374 2543 1582 2588 petentibus,

108 2589 333 2633 Ardaburius,
356 2592 454 2627 missa
473 2593 667 2628 Gothorum
685 2600 814 2629 armata
833 2606 945 2636 manu,
971 2594 1009 2628 S.
1030 2592 1206 2638 Symeonis
1223 2601 1347 2636 corpus
1367 2589 1582 2624 Antiochiam

108 2646 264 2679 magnam
287 2636 498 2682 deportavit.
546 2640 787 2674 Antiochenses
813 2640 931 2684 itaque
955 2639 1159 2685 Martyrium
1183 2638 1215 2672 ei
1238 2646 1395 2680 magnum
1417 2640 1583 2671 extruxe-

109 2686 211 2723 runt3
247 2681 305 2716 ubi
327 2683 471 2718 Sanctus
493 2683 550 2719 ille
569 2685 664 2729 jacet
677 2711 688 2728 ,
713 2686 835 2731 capulo
860 2685 1063 2721 reconditus.

199 2738 324 2772 Leonis
345 2738 442 2792 hujus
460 2741 520 2775 sub
539 2741 700 2787 Imperio,
724 2741 900 2784 Isocasius‚
924 2742 981 2776 vir
1006 2739 1240 2783 Quaestorius,
1280 2737 1515 2783 Philosophus,
1540 2748 1584 2772 ex

108 2782 213 2828 Aegis
236 2784 273 2818 in
297 2783 419 2818 Cilicia
442 2785 623 2829 oriundus,
657 2788 748 2842 apud
772 2789 1015 2834 Imperatorem
1040 2787 1192 2827 delatus,
1217 2783 1408 2829 Paganismi
1432 2784 1585 2829 postula-

108 2833 163 2863 tus
187 2834 250 2876 est.
300 2829 392 2879 Erat
416 2829 471 2864 hic
495 2831 578 2866 civis
612 2834 816 2870 Antiochiae
839 2844 1003 2879 magnae,
1045 2831 1104 2878 qui
1128 2832 1246 2869 multos
1270 2829 1486 2875 magistratus
1510 2840 1584 2864 cum

166 2882 311 2916 Ioannes
350 2881 517 2918 Malalaae.
1250 2880 1306 2921 24
