1838 3230
480 133 1095 181 CHRONOGRAPHIA.
1120 172 1124 177 .
1153 137 1203 181 L.
1234 138 1290 181 X.
1520 146 1620 193 229

151 250 277 302 αὐτὸς
305 257 485 310 φανῆναι
510 253 583 296 τὸν
614 251 720 297 ὅλων
749 259 917 311 σωτῆρα
955 258 1022 298 καὶ
1057 253 1194 312 κύριον
1226 257 1385 312 Ἰησοῦν
1417 257 1617 315 Χριστόν,

149 321 256 364 κατὰ
282 321 355 365 τὸν
382 321 565 379 ἀριθμὸν
582 326 664 365 τῶν
682 319 728 372 (ἐξ
749 321 912 380 ἡμερῶν
945 329 1018 379 τῆς
1038 322 1224 375 πλάσεως
1253 330 1328 369 τοῦ
1346 324 1498 380 Ἀδάμ·
1534 329 1614 383 πρὸ
1638 346 1670 380 1)

151 392 228 432 τοῦ
249 390 297 433 δὲ
314 394 586 448 πληρωθῆναι
610 390 657 434 τὸ
686 388 1140 447 ἔξακισχιλιοστόνῖτος
1171 392 1276 437 εἶπεν
1311 393 1372 437 ὅτι
1402 393 1532 452 ἐφάνη
1559 397 1622 439 ἐπὶ

148 461 227 512 τῆς
260 462 335 514 γῆς
374 457 396 502 ὅ
443 457 580 516 κύριος
619 457 737 514 ἡμῶν
768 462 836 503 καὶ
870 461 970 511 θεὸς
999 462 1159 518 Ἰησοῦς
1189 462 1374 520 Χριστὸς
1408 462 1623 520 ῥύσασθαι

114 525 198 572 ὄτὸ
218 526 332 582 γένος
350 531 433 570 τῶν
457 525 711 587 ἀνθρώπων·
748 531 814 571 καὶ
837 529 1034 586 ἐγεννήθη
1056 532 1123 573 καὶ
1147 529 1464 588 ἔνηνθρῶπησε,
1502 535 1617 590 φησί,

145 597 206 652 τῷ
240 593 318 654 'ap'
348 595 447 639 ἔτει·
485 595 615 639 ἔπαθε
649 599 717 639 καὶ
746 597 893 653 ἀνέστη
925 597 947 642 ὅ
975 598 1113 657 κύριος
1141 598 1257 654 ἡμῶν
1282 600 1441 656 Ἰησοῦς
1463 599 1485 643 ὃ
1504 605 1616 659 Χρι-

145 662 245 715 στὸς
277 665 344 706 καὶ
370 663 586 722 ἀνελήφθη
621 669 680 724 τῷ
710 664 835 725 ‘aqum'
864 666 953 711 ἔτει.
1043 670 1084 710 ἐν
1127 669 1172 710 δὲ
1198 673 1256 727 τῷ
1285 667 1613 729 ἕξακισχιλιοστῷ

145 730 221 775 ἔτει
249 738 541 790 συμφωνοῦσιν
571 732 745 784 ἅπαντες
778 741 957 792 φανῆναι
980 736 1052 779 τὸν
1072 734 1232 793 κύριον·
1285 737 1361 781 κᾶν
1391 734 1464 781 οὖν
1489 740 1611 782 πλέον
1635 759 1666 792 v
1688 760 1735 794 97

142 798 219 842 κᾶν
249 799 446 855 ἔλασσον,
484 804 540 852 εἰς
559 802 606 845 τὸ
633 819 671 862 ’ς
695 802 785 853 ἔτος
815 802 930 847 εἶπαν
957 809 1135 862 φανῆναι
1169 805 1274 847 κατὰ
1306 806 1380 860 τὴν
1408 824 1611 863 προφητι-

87 883 132 917 10
142 868 215 924 κήν
233 868 388 925 φωνήν,
424 873 490 913 καὶ
509 870 566 925 μὴ
593 869 879 928 ὃμοφωνοῦσιν
897 873 1105 928 ε’κθέμενοι
1126 875 1216 929 περὶ
1232 873 1301 916 τὸν
1321 874 1503 931 ἀριθμὸν
1527 880 1609 918 τῶν

138 938 335 982 ἐνιαυτῶν
344 973 358 993 ,
407 940 450 983 ἓν
479 937 664 995 ἐσχάτοις
693 947 849 998 καιροῖς
881 940 1038 999 ἐφάνη,
1092 939 1147 992 ὥς
1176 940 1202 998 ἦ
1239 943 1336 985 θεία
1366 944 1503 1000 γραφὴ
1532 961 1608 999 ση-

135 1008 282 1061 μαίνει.
1512 1001 1520 1007 ”

233 1107 322 1151 Ἐπὶ
349 1109 395 1152 δὲ
425 1112 497 1164 τῆς
523 1110 735 1164 βασιλείας
760 1114 834 1154 τοῦ
863 1110 991 1154 αὐτοῦ
1018 1108 1265 1166 Αὐγούστου
1289 1112 1505 1168 Καίσαρος
1532 1124 1601 1157 σε-
1625 1135 1658 1170 0
1682 1135 1751 1172 295

135 1180 298 1228 βαστοῢ
331 1176 486 1220 ἔπαθεν
513 1176 592 1221 ὑπὸ
623 1181 850 1234 θεομηνιάς
876 1177 990 1229 πόλις
1020 1183 1095 1234 τῆς
1113 1181 1397 1236 Παλαιστίνης
1433 1180 1610 1236 ὃνόμαη

82 1247 363 1301 15Σαλαμίνη.
435 1244 578 1302 ἥντινα
597 1244 714 1291 πόλιν
743 1246 938 1306 ἕγείραςό
971 1247 1094 1298 αἰτὸς
1114 1247 1361 1304 Αὔγουστος
1394 1248 1604 1295 &numme

131 1313 237 1365 Διὸς
258 1311 389 1358 πόλιν.

229 1413 419 1473 Ἡρώδης
450 1417 495 1460 δὲ
524 1414 545 1459 ὅ
576 1414 810 1474 τοπάρχης,
849 1417 940 1473 ἤτοι
971 1415 1186 1471 βασιλεύς,
1216 1422 1292 1474 τῆς
1320 1417 1524 1470 Ἰουδαίας
1557 1421 1599 1464 ἐν

133 1483 246 1543 αὐτῷ
275 1489 334 1544 τῷ
360 1483 499 1543 χρόνῳ
527 1483 728 1542 ἐδιδάχθη
764 1485 827 1528 ὅτι
857 1483 1107 1529 κατάσκοποι
1138 1484 1260 1542 μάγοι
1292 1487 1372 1530 ἀπὸ
1391 1490 1598 1544 Περσίδος

131 1556 328 1609 εἰσῆλθον
355 1556 411 1604 εἷς
427 1554 504 1609 τὴν
529 1554 732 1598 Ἰουδαίαν
751 1552 915 1610 χώραν·
959 1557 1024 1597 καὶ
1044 1556 1242 1598 ἐκέλευσεν
1272 1555 1422 1605 αὐτοὺς
1449 1573 1588 1611 συσχε-

75 1627 274 1678 Ξοθῆναι.
345 1618 481 1678 ἦλθον
507 1623 585 1679 γὰρ
605 1622 685 1665 ἀπὸ
705 1627 778 1677 τῆς
806 1624 1012 1679 Περσίδος
1030 1622 1175 1679 μάγοι,
1213 1622 1397 1679 γνόντες,
1436 1622 1492 1674 ὦς
1511 1643 1592 1678 μυ-
1615 1644 1644 1678 Β

129 1692 282 1744 στικοί,
320 1691 388 1735 διὰ
406 1695 480 1733 τοῦ
500 1691 698 1747 φανέντος
725 1691 895 1747 ἀστέρος
928 1695 1003 1733 τοῦ
1032 1690 1290 1746 μηνύσαντος
1312 1693 1366 1740 εἷς
1390 1692 1465 1746 τὴν
1488 1692 1590 1735 ἀνα-

129 1759 254 1816 τολὴν
286 1759 362 1815 τὴν
391 1763 464 1802 τοῦ
492 1763 678 1816 σωτῆρος
706 1763 893 1815 Χριστοῦ
921 1757 1257 1816 ἐνανθρώπησιν,
1295 1761 1410 1816 δῶρα
1440 1761 1589 1818 φέρον-ι

218 1894 253 1929 9.
285 1891 339 1939 ,ς]
373 1889 404 1930 ς’
435 1891 502 1926 Ox.
641 1894 694 1928 10.
729 1889 814 1934 καὶ]
846 1886 942 1925 κᾶνῒ
1079 1890 1162 1924 ibid.
1196 1888 1264 1926 τόν
1295 1890 1380 1934 Ch.,
1412 1891 1486 1927 τοῖν
1519 1892 1587 1928 Ox.

219 1938 278 1975 22.
300 1936 581 1983 ἑνανθρώπησιν
604 1936 688 1979 Ch.,
712 1934 1024 1982 ἐνανθρωπήσεως
1048 1936 1116 1971 ΟΧ.

127 2051 272 2088 omnium
294 2051 472 2087 Dominum
495 2053 531 2086 et
554 2052 788 2093 salvatorem,
815 2051 928 2086 Jesum
953 2050 1145 2090 Christum,
1164 2053 1260 2085 sexto
1285 2060 1447 2086 annorum
1472 2051 1586 2087 Mille-

126 2098 244 2141 nario,
266 2098 447 2133 secundum
468 2109 639 2132 numerum
663 2097 751 2139 diei,
793 2109 860 2143 quo
883 2097 993 2131 factus
1016 2102 1067 2130 est
1087 2096 1253 2138 mamus,
1276 2098 1473 2142 apparuisse
1496 2099 1586 2132 fate-

125 2147 200 2179 tur:
237 2147 350 2186 „ante
372 2143 564 2190 impletum,
594 2143 767 2188 inquiens,
796 2147 929 2177 sextum
952 2142 1178 2177 Millenarium
1201 2154 1362 2176 annorum
1386 2144 1488 2178 terris
1511 2155 1584 2178 sese

123 2189 281 2224 exhibuit
311 2190 354 2224 D.
378 2191 425 2225 N.
449 2191 544 2224 Jesus
575 2189 752 2230 Christus3
789 2189 839 2223 uti
862 2200 966 2234 genus
997 2190 1172 2223 humanum
1202 2188 1405 2223 liberaret.“
1453 2190 1582 2223 Natum

124 2241 239 2270 autem
262 2247 354 2278 esse,
388 2239 424 2269 et
445 2236 653 2270 incarnatum
677 2246 763 2269 auno
787 2234 907 2269 Mundi
930 2245 1112 2276 mmmmmn,
1148 2245 1220 2268 esse
1242 2234 1342 2268 etiam
1365 2246 1519 2279 passum,
1545 2240 1582 2268 et

123 2281 366 2323 resurrexisse,
388 2281 490 2327 inque
512 2281 625 2316 coelos
649 2284 848 2326 assumptum
873 2291 960 2315 anno
984 2290 1275 2321 mmmmnxxmn,
1308 2280 1455 2314 affirmat
1478 2281 1578 2314 idem.

123 2325 309 2372 Utcunque
329 2327 436 2371 igitur
457 2327 547 2362 inter
562 2326 754 2372 Scriptores
778 2326 868 2361 haud
890 2327 1067 2368 convenit,
1093 2326 1137 2360 de
1159 2337 1296 2361 numero
1319 2325 1484 2360 adventus
1505 2325 1580 2359 Do-

123 2372 221 2415 mini,
245 2372 318 2407 aliis
341 2373 470 2418 plures,
494 2373 671 2419 pauciores
692 2372 764 2407 aliis
788 2372 1057 2414 numerantibus,
1080 2372 1117 2406 in
1142 2372 1205 2412 hoc
1227 2376 1338 2406 tamen
1359 2374 1434 2405 sunt
1454 2383 1578 2413 omnes,

120 2416 213 2453 iilum
236 2422 352 2453 aetate
373 2418 494 2454 Mundi
514 2422 634 2461 sexta,
663 2419 764 2463 juxta
786 2418 913 2453 dictum
936 2417 1199 2463 Propheticum,
1228 2416 1436 2463 apparuisse.
1486 2417 1579 2451 Ulti-

121 2462 183 2498 mis
203 2463 290 2499 euim
313 2464 517 2511 temporibus
538 2464 688 2506 venisse,
710 2468 853 2499 testatur
874 2464 912 2498 S.
936 2463 1117 2510 scriptura.

210 2542 357 2588 Augusti
379 2542 535 2577 Caesaris
567 2543 629 2577 sub
652 2542 816 2589 imperio,
857 2542 941 2578 iram
965 2542 1113 2577 divinam
1147 2543 1290 2586 experta
1321 2542 1371 2574 est
1392 2539 1574 2584 Salamine,

121 2586 334 2623 Palaestinae
355 2590 447 2624 urbs.
492 2589 591 2623 Hanc
613 2590 783 2634 Augustus
806 2588 951 2631 refecit,
973 2593 1011 2624 et
1033 2587 1220 2633 Diospolim
1243 2585 1392 2620 vocavit.

212 2665 284 2700 Sub
306 2666 369 2702 hoc
389 2670 519 2713 tempus
541 2666 709 2710 Herodes,
732 2667 935 2702 Judaeorum
957 2679 1042 2708 rex,
1065 2666 1186 2709 Magos
1209 2664 1387 2708 quosdam,
1409 2665 1572 2700 Judaeum

121 2711 321 2757 explorandi
355 2723 456 2747 causa
478 2712 655 2747 advenisse
677 2713 838 2756 edoctus,
874 2725 931 2749 eos
954 2709 1191 2757 comprehendi
1209 2710 1318 2754 jussit.
1365 2710 1462 2755 Magi
1484 2711 1572 2746 enim

120 2757 180 2800 hi,
203 2756 442 2801 mysteriorum
463 2757 555 2792 haud
576 2758 708 2804 ignari,
732 2771 806 2794 cum
830 2771 871 2794 ex
896 2759 992 2794 stella
1013 2759 1048 2791 in
1072 2756 1205 2790 oriente
1225 2755 1318 2797 visa,
1343 2756 1513 2791 Christum
1536 2757 1571 2790 in

121 2813 225 2838 carne
249 2803 380 2839 venisse
401 2802 662 2849 intellexissent3
703 2805 792 2841 dona
813 2817 922 2840 secum
946 2805 1112 2847 ferentes,
1149 2812 1243 2844 eum,
1277 2805 1435 2847 tanquam
1457 2814 1571 2847 regem
