1838 3230
613 118 1090 201 ANNoTA'moNEs.
1484 164 1584 213 517

239 269 337 322 Pag.
368 271 433 312 79.
468 268 532 311 14.
563 263 764 321 Γλαύκην,
784 268 852 310 καὶ
872 274 946 311 τοῦ
962 270 1162 322 Κρέοντος
1174 274 1396 328 θυγατέρα]
1421 276 1489 317 καὶ
1504 276 1581 316 hoc

122 322 215 363 loco
230 323 435 375 παρέλκειε
467 325 616 364 Glauca
641 326 741 363 enim
763 325 849 377 ipsa
874 328 1054 367 Creontis
1075 329 1149 368 suit
1167 329 1260 371 filia.
1297 332 1484 371 Fabulam
1507 333 1581 372 ha-

123 378 193 419 bes
209 380 316 433 apud
336 381 596 432 Apollonium
611 380 739 420 Rhod.
762 388 800 420 et
818 384 924 435 apud
942 384 1040 424 Isac.
1064 387 1244 426 Tzetzem
1261 387 1303 426 in
1324 388 1578 441 Lycophron.

237 439 334 491 Pag.
362 440 430 481 79.
462 441 526 482 18.
556 435 652 490 μετοέ
673 436 716 478 δὲ
736 440 879 480 Θῶλαν
903 439 1037 494 ἠγεῖτο
1075 445 1149 482 τοῦ
1186 442 1336 498 Ισραήλ
1364 443 1532 501 Λῐγλαῖμ,
1555 446 1580 487 ὅ

121 493 458 546 Ζαβουλωνίτης]
497 494 591 533 Post
618 493 785 534 'tholam
825 496 1005 548 quidem,
1044 498 1255 551 interjectis
1291 507 1422 540 tamen
1458 503 1576 552 Jairo,

117 547 300 601 Jephtha,
329 556 368 589 et
387 551 598 600 Essebone,
629 553 824 604 populum
846 553 1102 593 israeliticum
1117 555 1314 608 judicavit
1332 557 1431 597 Elon
1447 559 1578 598 Zabu-

115 604 280 652 lonites,
308 620 381 659 per
397 621 520 646 annos
537 607 692 646 decem:
723 615 767 647 ut
790 609 926 648 videre
953 618 1012 650 est
1030 612 1118 650 Jud.
1142 626 1226 664 cap.
1248 617 1310 656 12.
1328 627 1368 653 v.
1392 618 1455 657 11.
1491 615 1576 655 Ve-

115 674 205 701 rum
218 661 319 702 llaec
338 664 467 702 omnia
489 663 730 703 subsultorie
750 665 798 703 ab
820 666 992 706 Auctore
1014 668 1161 706 tradita
1178 676 1282 709 sunt.

224 717 322 772 Peg.
347 724 413 764 79·
445 723 512 762 21.
547 717 594 768 ὃς
622 720 772 774 ἐγένετο
800 720 929 776 πατήρ
967 725 1104 776 Ιλίου]
1145 726 1269 765 Scrib.
1307 729 1414 767 Ιλου.
1443 727 1571 770 Scrib.

83 794 89 797 ·
113 774 230 814 etiam
253 773 363 830 Τρώς
384 776 552 827 ubique,
585 790 662 815 non
692 781 845 830 Τρῶος,
877 781 934 818 uti
953 787 1088 819 noster
1107 780 1241 822 habet.

226 834 322 884 Pag.
352 835 418 875 80.
448 839 487 876 3.
517 830 671 881 πάντας
688 834 984 889 προετρέψατο]
1014 837 1064 876 ad
1086 851 1126 877 se
1146 839 1321 886 vocavit,
1350 853 1403 878 sc.
1425 839 1483 888 εἷς
1501 838 1573 882 τόν

108 885 388 942 ἕγκαινισμόν,
417 896 463 928 ut
478 889 599 928 habet
618 888 831 930 Cedrenus.

229 948 322 998 Pag.
353 948 422 988 80.
452 949 491 988 8.
518 943 590 987 τόν
617 947 724 987 ἴδιον
751 943 877 988 mito&
894 944 1095 1001 οἷδελφόν]
1126 951 1314 988 memoria
1346 952 1483 1003 lapsus
1514 959 1572 991 est

106 1001 313 1040 librarius:
343 1004 427 1044 Ser.
450 1001 557 1043 υἱόν.
616 1005 821 1042 Caeterum
843 1004 892 1042 de
922 1006 1110 1055 Tantalo,
1141 1006 1232 1044 vide
1257 1007 1396 1046 Euseb.
1425 1007 1569 1047 Cliton.

107 1072 136 1096 1.
156 1064 248 1109 post
268 1073 307 1111 p.
331 1058 398 1101 84.
428 1065 468 1098 et
496 1059 680 1109 Scaliger.
711 1061 751 1098 in
781 1061 937 1099 locum:
967 1062 1063 1102 item
1089 1062 1255 1102 Cedren.
1289 1063 1346 1104 Jo.
1365 1064 1496 1103 Tzetz.
1527 1078 1566 1117 p.

107 1117 175 1156 87.
203 1115 293 1155 Nat.
315 1115 456 1157 comit.
487 1129 525 1167 p.
546 1117 643 1159 335.
667 1117 819 1157 Helvio.
844 1132 883 1169 p.
902 1120 970 1160 31.

216 1173 320 1225 Pag·
350 1175 417 1215 82.
451 1175 514 1214 12.
550 1172 780 1227 Τυνδαρίῳ]
812 1177 895 1214 Scr.
922 1170 1128 1230 Τυνὸἆρῳ.

220 1230 313 1280 Peg.
343 1231 410 1272 83.
440 1231 480 1271 3.
520 1226 728 1284 συντρόφῳ
752 1233 827 1269 τοῦ
848 1229 1159 1283 Λγαμέμνονος]
1188 1228 1433 1285 Σύντροφον
1462 1232 1567 1283 Aga-

102 1285 320 1323 memnonis
376 1285 596 1324 Menelaum
627 1286 825 1338 appellat,
854 1299 900 1324 eo
921 1287 1054 1335 quod,
1084 1294 1130 1325 ut
1159 1287 1245 1338 ipse
1275 1289 1453 1340 putavit,
1484 1303 1566 1327 non

102 1342 245 1380 fratres
275 1347 389 1380 erant
417 1341 507 1390 sed,
538 1342 646 1394 apud
678 1346 866 1390 Atreum,
897 1341 1203 1392 Agamemnonis
1229 1351 1404 1395 patrem,
1433 1345 1566 1383 Mene-

99 1398 188 1436 laus
207 1397 419 1437 Plisthenis
439 1398 480 1439 F.
504 1412 582 1437 una
604 1412 696 1438 cum
722 1399 1013 1448 Agamemnone
1043 1402 1239 1438 enutritus
1262 1401 1405 1440 suerit:
1436 1407 1481 1438 ut
1497 1402 1564 1439 in-

99 1454 161 1492 fra
199 1467 384 1506 expresse
414 1454 513 1493 dicit
543 1455 609 1496 lib.
645 1455 685 1498 5.
746 1457 950 1494 Caeterum
983 1469 1031 1492 an
1051 1454 1150 1495 haec
1179 1456 1296 1495 etiam
1321 1456 1563 1509 Palaephati,

99 1524 219 1562 quem
251 1518 385 1550 noster
418 1511 538 1562 citat,
579 1525 689 1550 mens
719 1512 862 1561 fuerit,
903 1512 1062 1564 penitus
1097 1513 1313 1552 nescimus:
1361 1527 1412 1552 ex
1450 1514 1561 1552 libris

98 1567 205 1606 enim
233 1567 324 1621 περὶ
350 1565 530 1609 ἀπίστων
562 1569 760 1620 quinque,
792 1583 890 1620 quos
917 1569 1038 1606 Suida
1061 1574 1158 1607 teste
1184 1570 1439 1621 conscripsit,
1471 1570 1562 1607 uni-

99 1637 170 1662 cus
190 1630 345 1663 tantum
367 1638 474 1663 nunc
490 1631 623 1674 extat,
655 1625 723 1676 qui
746 1626 897 1676 primus
919 1631 1014 1665 erat.
1074 1625 1228 1663 Revera
1246 1631 1378 1663 tamen
1401 1631 1439 1664 et
1455 1625 1561 1675 Aga-

96 1694 280 1719 memnon
327 1688 366 1720 et
395 1682 596 1720 Menelaus
630 1681 840 1720 Plisthenis
858 1681 953 1729 filii,
985 1681 1097 1719 Atrei
1118 1694 1213 1719 vero
1242 1687 1407 1733 nepotes
1430 1688 1558 1729 erant;

96 1737 279 1788 adeoque
300 1751 382 1776 non
401 1738 640 1776 Connutritii
660 1743 812 1776 tantum
824 1766 835 1784 ,
869 1737 938 1776 sed
957 1737 1099 1776 fratres
1124 1737 1311 1788 germani.

210 1793 309 1847 Pag.
340 1797 406 1837 83.
436 1798 474 1837 8.
518 1794 743 1848 ἐβασίλευσε
771 1791 1004 1845 Δάρδανος,
1042 1790 1133 1841 vids·
1164 1794 1295 1846 Ιλίου]
1334 1795 1418 1835 Ser.
1450 1796 1557 1842 Hov,

95 1857 143 1890 ut
165 1863 286 1904 supra
304 1851 541 1891 monuimus.
602 1851 807 1889 Caeterum
831 1850 1033 1888 Dardanus
1056 1850 1104 1887 Ili
1125 1863 1298 1902 proavus
1319 1856 1423 1896 erat,
1452 1849 1556 1888 filius

94 1921 192 1947 vero
215 1907 322 1961 ejus,
354 1908 424 1959 qui
446 1921 535 1946 eum
557 1908 597 1946 in
617 1921 740 1957 regno
767 1907 974 1955 successit,
1005 1907 1229 1945 Laomedon
1247 1906 1378 1945 dictus
1401 1912 1469 1946 est.

210 1968 306 2018 Pag-
337 1967 402 2007 83.
432 1966 472 2006 9.
512 1967 595 2005 τῶν
617 1961 834 2016 Ελλήνων,
864 1959 974 2004 τοῦτ’
1007 1962 1106 2013 ἔστι,
1137 1967 1209 2015 τῆς
1238 1960 1443 2014 Ελλᾶδος]
1477 1962 1554 2001 Ce-

95 2019 243 2060 drenus
269 2021 412 2070 habet,
453 2024 532 2061 τῶν
563 2017 786 2073 Ελλήνων,
833 2019 901 2060 καὶ
931 2022 1003 2072 τῆς
1037 2016 1241 2069 Ελλᾶδος,
1284 2019 1393 2058 haud
1425 2025 1553 2058 reete:

93 2076 228 2126 Ελλιὶς
248 2078 349 2118 enim
369 2077 477 2130 apud
500 2078 689 2116 Autorem
706 2077 814 2116 hunc
835 2077 992 2126 stricte',
1024 2089 1098 2128 pro
1120 2077 1346 2128 particulari
1366 2075 1553 2114 Graeciae

91 2136 250 2186 regione
279 2135 470 2184 sumitur,
510 2136 569 2173 uti
602 2148 723 2186 supra
766 2134 1012 2182 monuimus,
1055 2133 1149 2171 licet
1180 2146 1267 2172 eum
1306 2146 1446 2184 parum
1476 2131 1552 2169 sibi

91 2199 336 2232 constantem
357 2191 569 2230 observare
588 2191 809 2242 possimus3
836 2190 890 2229 ibi
921 2189 1022 2228 enim
1045 2189 1252 2241 Sicyonios
1281 2195 1398 2227 vocat
1421 2191 1550 2228 Ελλα-

90 2246 251 2299 δικοῦς,
294 2248 361 2286 hic
398 2249 637 2299 Argivorum
677 2261 841 2298 regnum
883 2244 958 2298 τήν
990 2242 1153 2287 Ελλάδα
1191 2246 1377 2299 appellat.
1445 2244 1550 2282 Abas

92 2306 215 2355 enim,
245 2313 283 2345 et
302 2306 490 2355 Proetus,
519 2305 757 2356 Argivorum
776 2317 887 2354 reges
910 2305 1083 2342 fuerunt.

202 2360 299 2415 Pflg·
329 2364 397 2406 84.
430 2365 469 2405 1.
514 2359 570 2415 μή
598 2365 728 2402 ποιεῖν
748 2363 881 2409 κακῶς
898 2363 953 2416 τῷ
972 2357 1261 2409 συνεσθίοντι.]
1301 2357 1358 2396 De
1378 2355 1549 2408 hospiti-

90 2416 166 2455 bus
186 2431 263 2457 non
286 2419 503 2468 violandis,
541 2419 635 2456 vide
664 2418 762 2456 Isac.
786 2418 991 2466 Tzetzem,
1029 2417 1071 2455 in
1095 2413 1345 2467 Lycophron.
1367 2413 1435 2464 qui
1456 2412 1546 2451 Ale-

90 2473 246 2513 xandro
263 2476 491 2528 exprobrat,
526 2474 633 2526 quod
655 2488 728 2527 pro
747 2474 947 2512 beneficiis
965 2473 1006 2511 in
1024 2473 1136 2511 illum
1157 2471 1288 2520 illatis,
1311 2469 1546 2519 Menelaum,

90 2537 228 2570 contra
247 2531 312 2584 jus
330 2533 487 2584 fasque,
517 2531 669 2584 injuriis
691 2531 876 2570 affecerit.
934 2530 1009 2568 Ubi
1034 2530 1147 2568 etiam
1164 2528 1308 2566 veteris
1321 2525 1545 2577 hospitibus

90 2587 211 2626 salem
241 2588 461 2640 apponendi
492 2587 786 2626 consuetudinis
814 2586 1007 2627 meminit:
1047 2583 1123 2625 ἅλα
1142 2581 1184 2624 δὲ
1212 2584 1375 2624 ἐτίθουν
1403 2581 1445 2622 οἱ
1461 2597 1547 2622 πα-

89 2642 198 2684 λαιοὶ
216 2642 260 2684 ἐν
274 2649 359 2694 ταῖς
376 2648 456 2686 τῶν
475 2646 616 2694 ξενιῶν
635 2648 845 2698 καταρχαΐς
864 2645 1126 2696 συμβολικῶς,
1141 2635 1394 2693 ἐπευχόμενοι
1412 2635 1543 2705 &offuso

89 2697 162 2747 ἃλς
182 2699 225 2740 ἔκ
246 2697 318 2740 δύο
341 2699 526 2751 φύσεων,
554 2704 627 2753 τῆς
651 2697 884 2748 ’ὑδατώδους
917 2699 984 2740 καὶ
1017 2699 1180 2751 γεηρᾶς,
1220 2696 1276 2744 εἰς
1301 2696 1397 2748 μίαν
1417 2706 1545 2746 φυσιν

88 2753 216 2812 ἐπάγῃ
235 2754 311 2808 τήν
327 2760 400 2798 τοῦ
421 2755 528 2805 ἁλός,
557 2755 662 2799 οὕτω
682 2761 859 2811 παγῆναι
879 2756 945 2796 καὶ
970 2751 1135 2801 τούτους
1154 2754 1209 2802 εἰς
1226 2754 1322 2807 μίαν
1342 2747 1541 2806 ὅμὸνοιαν.

199 2816 300 2867 Pog-
331 2816 397 2857 84.
427 2818 464 2857 2.
507 2813 646 2867 πέμπω
668 2811 806 2861 αὐτὸν]
838 2813 969 2860 Forte,
998 2810 1158 2864 πέμψω.
