1838 3230
265 145 365 194 360
669 140 951 186 lOANNIS
979 142 1319 188 MALALAE
1371 179 1376 185 .

267 257 464 316 δημόσιον
489 259 652 315 τέλειον,
687 259 767 303 ὕπὸ
790 261 835 304 δὲ
866 259 954 312 ἓνὸς
983 263 1170 317 καμινιόυ
1197 259 1327 317 μόνου
1357 263 1409 306 τὰ
1429 259 1586 307 δώδεκα
1607 261 1719 308 θόλοι

265 327 524 372 ὗπεκαίοντο·
561 331 627 372 καὶ
660 324 711 385 ἦν
729 331 827 372 ἰδεῖν
850 329 961 380 ξένον
980 330 1134 385 θέαμα.
1204 332 1271 373 καὶ
1300 329 1501 388 ἀνήγειρεν
1517 330 1562 383 (ἐξ
1583 331 1720 376 αὐτῶν

268 395 290 439 ὃ
310 397 502 452 βασιλεὺς
524 395 757 450 Θεοδόσιος,
795 395 818 440 ὅ
838 397 922 440 ἔστι
950 395 1023 440 δύο
1046 396 1236 454 σχήματα
1259 403 1332 441 τοῦ
1351 401 1566 454 δημοσίου,
1604 404 1721 456 θερι-

268 469 341 508 νοῦ
359 468 424 508 καὶ
439 469 666 521 χειμερινοῦ
673 498 687 519 ,
725 469 807 509 τῶν
826 463 1033 523 κτητόρων
1051 471 1125 522 τῆς
1147 467 1272 522 αὐτῆς
1290 465 1444 518 πόλεως
1464 466 1720 524 αἷτησάντων

265 531 402 576 αὐτόν.
472 533 647 589 παρέσχε
668 534 713 577 δὲ
739 535 806 578 καὶ
828 531 934 594 λόγῳ
964 533 1194 589 κτισμάτων
1226 533 1327 592 ὑπὲρ
1361 540 1435 591 τῆς
1465 534 1619 588 πόλεως
1651 536 1753 582 καὶὸ

259 599 401 659 χώρας
420 598 564 645 πολλά.

357 690 516 734 ’Ἐκτισε
536 692 580 735 δὲ
600 693 667 736 καὶ
700 692 742 735 ἓν
764 692 983 756 Ἀντιοχείᾳ
1010 698 1061 754 τῇ
1088 692 1241 752 μεγάλῃ
1268 693 1483 749 βασιλικὴν
1514 691 1723 750 διάφωτον

267 757 460 815 μεγάλην,
489 758 596 804 πάνυ
618 760 810 817 εὐπρεπῆ,
835 763 1045 806 κατέναντι
1066 758 1193 806 οὖσαν
1209 767 1291 805 τῶν
1309 762 1530 818 λεγομένων
1541 761 1724 814 Halm,

269 826 411 883 ἥντινα
449 828 488 871 οἶ
512 828 728 884 Ἀντιοχεῖς
757 820 925 874 καλοῦσι
960 831 1034 886 τὴν
1062 830 1319 883 Ἀνατολιόυ,
1366 828 1468 873 διότι
1492 827 1725 879 Ἀνατόλιος

218 902 250 937 C
272 894 558 952 στρατηλάτης
588 897 733 953 ἐπέστη
757 903 815 957 τῷ
841 900 1052 955 κτίσματι,
1087 898 1225 953 λαβὼν
1252 898 1304 941 τὰ
1331 896 1522 955 χρήματα
1548 897 1629 941 ἀπὸ
1646 900 1721 940 τοῦ
1733 904 1779 939 10

269 965 496 1019 βασιλέως,
536 964 600 1010 ὅτε
625 966 776 1022 ἐγένετο
798 967 891 1024 παρ’
925 968 1053 1010 αὐτοῦ
1083 964 1367 1023 στρατηλάτης
1397 966 1620 1020 ἀνατολῆς·
1655 964 1726 1008 διὰ

269 1037 394 1076 τοῦτο
415 1034 481 1075 καὶ
502 1031 567 1076 ὅτε
587 1032 794 1090 ἐπλήρωσε
819 1036 867 1079 τὸ
892 1036 991 1079 αὐτὸ
1012 1035 1127 1093 ἔργον
1153 1040 1226 1090 τῆς
1241 1038 1466 1089 βασιλικῆς,
1501 1033 1727 1090 ἐπέγραψεν

271 1101 314 1142 ἓν
342 1100 445 1157 αὐτῇ
482 1101 548 1143 διὰ
576 1103 752 1156 χρυσέου
782 1105 1010 1160 μουσαρίου
1038 1108 1191 1146 ταῦτα·
1218 1102 1361 1158 ’Έργον
1391 1102 1615 1146 Θεοδοσίου
1644 1105 1728 1155 βα-

145 1179 178 1215 o
202 1180 247 1216 62
271 1168 435 1218 σιλέως·
472 1167 606 1226 ὥσπερ
624 1170 749 1221 ἄξιον.
819 1171 955 1215 ἐπάνω
982 1173 1026 1214 δὲ
1044 1162 1158 1227 Ιἦσαν
1188 1175 1368 1226 βασιλεῖς
1396 1169 1468 1213 δύο
1507 1167 1729 1220 Θεοδόσιος

272 1238 339 1279 καὶ
364 1234 384 1278 ὃ
407 1237 597 1292 συγγενὴς
615 1238 742 1282 αὐτοῦ
773 1239 1083 1289 Βαλεντινιανός
1114 1238 1136 1282 ὃ
1167 1240 1208 1282 ἓν
1232 1237 1368 1295 Ῥώμῃ
1393 1236 1632 1292 βασιλεύων.
1702 1235 1781 1281 ὅ15

274 1305 320 1346 δὲ
349 1304 472 1354 αὐτὸς
506 1304 727 1357 Θεοδόσιος
754 1306 956 1364 ε’χρύσωσε
985 1309 1050 1350 καὶ
1079 1312 1153 1362 τῆς
1172 1309 1441 1363 Δαφνητικῆς
1470 1303 1626 1362 πόρτας
1652 1303 1726 1348 δύο

272 1369 412 1428 θύρας
440 1371 516 1422 τὰς
539 1377 697 1427 χαλκᾶς
730 1376 825 1418 καθ’
849 1373 1068 1431 ὁμοιότητα
1085 1369 1133 1429 ἧς
1150 1373 1351 1430 ἔχρύσωσε
1371 1373 1526 1429 πόρτας
1543 1375 1584 1416 ἓν
1605 1376 1729 1417 Κων-

273 1439 624 1495 σταντινουπόλει,
652 1441 740 1496 ἣτις
765 1449 942 1486 καλεῖται
963 1444 1036 1494 ἕως
1057 1442 1148 1499 ἄρτι
1169 1440 1194 1497 ἡ
1215 1442 1365 1498 χρυσέα
1386 1441 1541 1497 πόρτα·
1579 1439 1729 1496 ὅμοίως

274 1509 320 1551 δὲ
341 1509 407 1550 καὶ
427 1509 468 1552 ἐν
490 1509 707 1569 Ἀντιοχείᾳ
735 1516 786 1569 τῇ
813 1510 967 1567 μεγάλῃ
995 1515 1171 1554 καλεῖται
1207 1510 1281 1559 ἕως
1310 1514 1382 1563 τῆς
1409 1514 1482 1552 νῦν
1515 1507 1542 1564 ἦ
1573 1510 1728 1565 χρυσέα

275 1574 430 1631 πόρτα,
474 1582 740 1632 χρυσωθεῖσα
768 1579 836 1621 διὰ
862 1580 1149 1634 Νυμφιδιανοῦ
1174 1575 1387 1620 ὖπατικοῦ.
1455 1578 1497 1619 ἓν
1532 1572 1564 1636 ᾧ
1590 1575 1784 1635 χρόνῳΞΟ

225 1650 255 1686 l)
281 1643 516 1699 ἀπηγγέλθη
539 1642 559 1686 ὃ
580 1643 764 1696 θάνατος
789 1649 1100 1688 Βαλεντινιανοῧ
1123 1646 1322 1700 βασιλέως
1346 1642 1517 1700 Ῥώμης,
1553 1645 1731 1702 σφαγέν-

275 1729 348 1761 τος
384 1709 465 1755 ὖπὸ
497 1715 697 1767 ΖΠαξίμου
735 1718 998 1772 συγκλητικοῦ
1033 1715 1098 1758 καὶ
1133 1711 1410 1771 κρατήσαντος
1444 1714 1510 1758 καὶ
1536 1710 1731 1769 βασιλεύ-

279 1796 429 1832 σαντος
453 1780 494 1824 ἐν
518 1778 666 1841 Ῥώμῃ,

278 1911 329 1945 los
351 1911 545 1957 distinctos,
570 1915 614 1949 ad
638 1914 839 1960 singulorum
863 1915 1020 1951 mensium
1037 1926 1129 1950 usum
1153 1914 1338 1948 destinatos
1360 1913 1529 1959 singulos,
1552 1912 1652 1946 unica
1673 1914 1731 1946 ta-

278 1968 354 1991 lnen
377 1959 515 1993 fornace
539 1961 679 2002 (mirum
701 1962 884 2006 spectatu)
908 1962 1081 1996 universos
1113 1961 1315 2001 calefactos,
1350 1960 1441 1994 intra
1462 1971 1498 1994 se
1522 1957 1730 1992 continebat.

276 2001 410 2036 Horum
433 2015 516 2038 vero
541 2005 725 2040 Tholorum
748 2019 826 2048 sex,
862 2008 898 2040 in
921 2007 1093 2051 utriusque
1115 2006 1315 2047 lavationis,
1350 2006 1523 2049 hybernae
1544 2004 1674 2039 scilicet
1696 2007 1733 2037 et

278 2047 429 2082 aestivae
451 2059 554 2091 usum,
580 2053 770 2095 petentibus
794 2052 943 2087 civitatis
965 2052 1109 2097 ejusdem
1133 2051 1346 2096 primoribus,
1365 2049 1599 2085 reaedificavit
1613 2049 1734 2082 Theo-

278 2093 401 2172 dptsius¹
426 2093 625 2147 Imperator.
687 2098 835 2132 Plurima
875 2099 974 2132 etiam
1017 2097 1124 2132 eidem
1158 2097 1235 2131 urbi
1267 2096 1466 2141 insulaeque
1496 2094 1733 2130 resarciendae

277 2148 298 2172 u
332 2150 369 2172 ro
403 2145 532 2183 arg1tus
556 2145 621 2177 est.

371 2206 539 2240 Extruxit
572 2208 671 2241 etiam
702 2209 891 2254 Imperator
914 2210 1115 2244 Antiochiae
1136 2221 1277 2254 magnae
1311 2208 1510 2248 Basilicam,
1549 2218 1568 2240 e
1589 2205 1732 2250 regione

279 2251 348 2285 loci
370 2253 544 2286 Athlorum
567 2253 700 2294 vocati,
732 2255 902 2298 ingentem
931 2257 1022 2289 illam
1046 2260 1081 2289 et
1103 2255 1395 2300 splendidissimam
1417 2252 1732 2300 praelucidamque=

282 2308 383 2340 quam
408 2302 444 2330 et
475 2297 676 2332 Antiocheni
709 2300 855 2333 Anatolii
890 2301 1065 2335 Basilicam
1089 2306 1222 2334 vocant.
1276 2299 1450 2334 Anatolius
1473 2297 1579 2336 enim,
1616 2295 1732 2340 Magi-

283 2348 353 2376 ster
377 2342 513 2376 militum
538 2343 689 2378 Orientis
711 2345 754 2378 ab
777 2345 984 2389 imperatore
1008 2347 1225 2387 constitutus,
1266 2346 1414 2390 acceptis
1437 2344 1479 2377 ab
1504 2354 1543 2376 eo
1567 2342 1730 2386 pecuniis,

282 2387 470 2421 aedificium
494 2388 556 2421 hoc
579 2390 723 2432 urgebat
745 2391 841 2434 operi
866 2391 1094 2435 praepositus:
1133 2390 1185 2425 cui
1210 2390 1310 2424 etiam
1334 2391 1377 2423 ad
1401 2389 1527 2422 exitum
1552 2388 1732 2432 perducto,

281 2432 421 2466 inscribi
444 2433 596 2472 curavit,
620 2435 708 2478 (nec
727 2434 917 2478 immerito)
941 2437 1085 2469 artificio
1109 2435 1286 2469 musivario
1302 2435 1478 2474 inaurat03
1506 2434 1598 2476 Opus
1621 2433 1733 2466 Theo-

282 2478 373 2511 dosii
390 2479 620 2522 Imperatoris.
665 2480 816 2525 Desuper
835 2485 945 2514 autem
961 2482 1213 2515 collocabantur
1236 2481 1458 2525 Imperatores
1480 2479 1590 2518 ambo,
1614 2478 1733 2511 Theo-

282 2522 406 2564 dosius,
428 2528 464 2557 et
489 2530 653 2567 cognatus
670 2526 750 2569 ejus,
774 2525 1039 2567 Valentinianus,
1062 2526 1120 2570 qui
1139 2526 1267 2559 Romae
1289 2525 1456 2569 regnavit.
1502 2523 1594 2557 Idem
1613 2523 1733 2556 Theo-

283 2568 393 2601 dosius
423 2568 657 2613 Daphneticae
690 2571 815 2605 Portae
844 2570 958 2604 valnas
992 2582 1109 2604 aereas
1141 2582 1224 2603 auro
1258 2570 1513 2614 superinduxit,
1553 2568 1595 2602 ad
1627 2568 1733 2602 instar

282 2613 365 2655 ejus,
390 2625 477 2657 quae
502 2614 790 2660 Constantinopoli
813 2617 855 2649 ab
878 2615 950 2660 ipso
976 2616 1148 2656 deaurata,
1172 2617 1286 2649 Aurea
1309 2616 1419 2649 adhuc
1442 2616 1548 2648 Porta.
1570 2619 1731 2647 vocatur:

282 2669 347 2701 quo
370 2659 503 2692 nomine
526 2660 625 2693 etiam
649 2662 839 2706 appellatur
861 2662 946 2695 haec
966 2661 1188 2700 Antiochena,
1209 2661 1251 2693 ad
1275 2661 1362 2694 hunc
1382 2672 1486 2704 usque
1509 2660 1608 2699 diem,
1633 2668 1733 2703 quam

282 2714 364 2736 auro
387 2703 486 2737 etiam
523 2705 680 2747 obduxit,
719 2711 859 2740 curante
882 2708 946 2740 hoc
969 2705 1001 2739 ei
1023 2705 1294 2749 Nymphffliano,
1326 2706 1401 2739 viro
1426 2704 1623 2739 Consulari:
1665 2714 1731 2748 quo

281 2752 430 2791 tempore
454 2749 555 2782 etiam
580 2751 731 2785 nuncium
763 2752 897 2786 allatum
920 2751 1006 2791 fuit,
1045 2750 1227 2785 Maximum
1250 2751 1470 2793 senatorem,
1509 2750 1617 2785 occiso
1648 2759 1732 2794 rege

281 2792 530 2836 Valentiniano,
554 2795 750 2831 Occidentis
771 2797 946 2843 imperium
966 2795 1137 2831 invasisse.
