1838 3230
290 183 387 231 124
693 179 976 226 IOANNIS
1004 182 1341 227 MALALAE

279 297 479 354 ’Έλληνας
489 331 503 352 ,
536 298 694 356 ἀγαγὼν
717 298 811 353 μεθ’
836 298 984 344 ἑαυτοῦ
1005 305 1071 344 καὶ
1093 299 1245 358 κόσμον
1266 302 1395 346 πολῦν
1414 303 1481 346 καὶ
1497 303 1654 361 χρυσὸν
1669 305 1739 348 καὶ

287 365 464 424 ἄργυρον
481 369 546 410 καὶ
567 369 738 423 ἐσθῆτα.
809 368 934 425 οὔσης
953 371 998 413 δὲ
1021 375 1135 427 σιγῆς
1152 372 1193 414 ἓν
1211 378 1296 421 τοῖς
1315 370 1480 427 ἡγεμόσι
1498 376 1581 416 τῶν
1593 370 1738 429 Ἑλλή-

287 453 388 487 νων,
424 436 592 490 πλησίον
621 437 665 478 δὲ
695 435 821 478 αὗτοῦ
854 439 1090 493 γενομένου,
1128 438 1363 493 ἐθαύμαζον
1397 438 1543 490 πάντες
1563 441 1640 497 τὴν
1669 440 1737 484 εἰ·

287 505 458 557 τολμιάν
488 509 561 546 τοῦ
595 503 721 546 αὐτοῦ
748 503 943 560 Πριάμου
950 539 964 560 ,
986 509 1067 550 ’καὶ
1097 507 1332 550 ἀπαντῶσιν
1357 508 1468 566 αὐτῷ
1497 507 1738 563 βουλόμενοι

166 584 198 618 v
220 584 266 620 52
287 576 438 626 μαθεῖν
456 571 530 626 τὴν
549 573 682 614 αι’τιάν
703 576 777 628 τῆς
793 573 977 630 ἀφίξεως.
1048 574 1236 632 ἓωρακιὺς
1255 577 1299 619 δὲ
1318 575 1468 626 αὐτοὺς
1485 574 1507 620 ὃ
1524 578 1731 633 Πρίαμος,
1744 590 1769 626 5

286 638 432 682 ἑαυτὸν
456 641 511 688 εἲς
531 639 577 682 τὸ
601 639 753 696 ἔδαφος
777 640 918 698 ῥίψας,
956 641 1063 686 κόνιν
1080 645 1144 686 ἐπὶ
1168 649 1241 698 τῆς
1262 648 1441 701 κεφαλῆς
1456 644 1584 688 αὐτοῦ
1603 645 1739 703 φέρων

287 710 354 750 καὶ
377 705 562 761 δεόμενος
585 708 721 751 αὐτῶν
742 711 949 761 συνικέτας
976 712 1164 767 γενέσθαι
1195 712 1297 768 πρὸς
1325 712 1398 755 τὸν
1427 713 1609 768 Ἀχιλλέα
1635 711 1737 771 ὖπέρ

287 779 361 818 τοῦ
380 773 570 830 σώματος
590 781 663 819 τοῦ
675 775 881 835 Ἕκτορος.
952 781 1131 836 οἶκτείρει
1153 781 1198 823 δὲ
1216 780 1340 824 αὐτὸν
1359 781 1530 838 Νέστωρ
1551 783 1617 825 καὶ
1632 781 1738 825 Ἰδο-

285 843 427 898 μενεὺς
448 844 559 902 αὐτῷ
583 845 771 901 γενέσθαι
795 847 1003 898 συνικέτας
1025 848 1126 904 πρὸς
1155 849 1225 892 τὸν
1242 849 1423 903 Ἀχιλλέα
1446 847 1546 907 ὑπὲρ
1562 853 1636 893 τοῦ
1653 847 1737 893 mb-

286 928 418 967 ματος
437 917 510 955 τοῦ
522 912 728 969 Ἕκτορος,
755 916 898 965 οἵτινες
917 914 1185 972 ἐδυσῶπησαν
1202 917 1272 959 τὸν
1288 916 1361 960 σὸν
1378 918 1532 974 πατέρα
1553 920 1643 975 περὶ
1661 922 1735 961 τοῦ
1749 931 1792 967 10

287 978 496 1036 Πριάμου.
566 983 632 1023 καὶ
664 981 863 1026 ἐκέλευσεν
887 983 1011 1027 αὐτὸν
1033 987 1226 1027 εἰσελθεῖν
1246 987 1300 1035 εἷς
1317 985 1391 1040 τὴν
1411 985 1561 1042 σκηνὴν
1583 986 1711 1029 αὐτοῦ
1724 1000 1734 1010 ·

286 1046 309 1091 ὃ
336 1049 380 1090 δὲ
400 1049 592 1106 Πρίαμος
608 1050 807 1094 εἰσελθών
833 1051 969 1094 ἔπεσεν
990 1055 1046 1103 εἷς
1069 1053 1165 1103 τοὺς
1183 1051 1313 1103 πόδας
1332 1053 1459 1096 αὐτοῦ
1479 1053 1638 1104 πλωτὸς
1655 1054 1737 1097 ἱκε-

285 1114 434 1169 τεύων,
474 1115 668 1167 ὡσαύτως
694 1120 742 1161 δὲ
767 1121 833 1162 καὶ
859 1119 1115 1177 Ἀνδρομάχη
1136 1121 1211 1164 σὺν
1229 1129 1315 1172 τοῖς
1332 1123 1492 1174 παισίν,
1531 1120 1558 1178 ἦ
1577 1123 1623 1164 δὲ
1643 1125 1737 1165 Πο-

138 1191 173 1225 O
199 1191 264 1227 158
287 1184 429 1239 λυξὲνη
464 1189 749 1240 περιπλακεῖσα
782 1195 868 1237 τοῖς
896 1191 990 1231 ποσὶ
1025 1195 1099 1232 τοῦ
1125 1194 1200 1232 σοῦ
1229 1191 1387 1245 γενέτου
1406 1191 1588 1247 περὶτοῦ
1610 1189 1738 1245 αὐτῆς

235 1260 266 1295 Β
289 1251 469 1308 ἀδελφοῦ
481 1252 686 1310 Ἕκτορος,
724 1254 924 1299 δουλεύειν
946 1258 1253 1314 ἐπαγγειλαμένη
1275 1259 1341 1301 καὶ
1361 1258 1492 1312 με’νειν
1511 1258 1586 1301 σῦν
1606 1258 1732 1316 αὐτῷ,
1748 1271 1791 1308 15

285 1323 321 1363 εἰ
338 1321 478 1379 ἀποδῷ
496 1321 566 1364 τὸν
584 1320 735 1377 νεκρόν.
805 1324 844 1366 οἶ
860 1325 903 1367 δὲ
920 1330 1098 1379 βασιλεῖς
1117 1326 1163 1369 τὸ
1181 1331 1309 1382 γῆρας
1326 1326 1454 1369 αὐτοῦ
1472 1328 1738 1383 οἰκτείραντες

285 1386 540 1445 παρεκάλουν
560 1388 660 1447 ὑπὲρ
679 1389 888 1445 ΙΙριάμου.
962 1391 982 1436 ὃ
1005 1395 1050 1436 δὲ
1063 1394 1135 1444 σὸς
1151 1395 1307 1449 γενέτης
1322 1394 1521 1449 Ἀχιλλεὺς
1537 1395 1639 1451 πρὸς
1659 1394 1737 1437 αὖ-

283 1456 381 1506 τοὺς
397 1456 489 1513 ἔφη,
502 1460 677 1514 Κρατεῖν
692 1460 819 1503 αὐτὸν
838 1462 879 1511 ἐξ
896 1461 1022 1516 ἀρχῆς
1041 1461 1118 1504 ἔδει
1136 1467 1218 1505 τῶν
1233 1464 1389 1506 παίδων
1408 1464 1474 1504 καὶ
1490 1462 1549 1517 μὴ
1568 1466 1737 1514 συνεξα-

284 1523 503 1581 μαρτάνειν
516 1539 526 1549 ·
563 1526 648 1568 ἀλλ’
668 1526 769 1582 εἶχεν
790 1528 913 1572 αὐτὸν
935 1530 1036 1586 ἔρως
1060 1535 1142 1573 τῶν
1163 1531 1386 1586 ἀλλοτρίων
1403 1528 1626 1585 χρημάτων
1639 1544 1650 1555 ·
1686 1530 1735 1573 οὗ

284 1592 360 1648 γὰρ
380 1591 539 1648 Ἑλένης
557 1596 742 1650 γυναικὸς
765 1597 837 1652 τὴν
857 1598 1078 1652 ἐπιθυμίαν
1099 1596 1220 1652 εἶχεν,
1258 1598 1362 1641 ἀλλὰ
1382 1603 1462 1642 τῶν
1478 1598 1651 1655 Ἀτρέως
1667 1600 1791 1646 naim
1832 1656 1835 1658 μ

282 1661 473 1711 Πέλοπος
487 1661 711 1718 χρημάτων
733 1665 802 1707 τὸν
821 1663 956 1708 πόθον
976 1665 1066 1721 εἶχε.
1112 1665 1203 1709 δότε
1222 1663 1292 1710 οὗν
1313 1668 1426 1717 δίκας
1445 1666 1539 1709 ἀνθ’
1563 1660 1620 1709 ὧν
1639 1665 1736 1722 ἧσε-

280 1726 436 1784 βήσατε
451 1744 460 1753 ·
497 1732 892 1787 σωφρονιζέσθωσαν
911 1730 985 1777 οὖν
1005 1734 1059 1776 δι’
1079 1733 1188 1790 ὑμᾶς
1207 1734 1396 1791 ’Έλληνες
1427 1735 1494 1777 καὶ
1511 1732 1732 1792 βάρβαροι.

390 1798 443 1840 Οἱ
469 1799 514 1840 δὲ
543 1801 756 1844 πείθουσιν
787 1801 912 1845 αὐτὸν
933 1801 1064 1860 λύτρα
1091 1801 1270 1858 λαβόντα
1290 1803 1362 1847 τὸν
1382 1802 1522 1861 νεκρὸν
1539 1819 1735 1861 παραχω-

376 1894 430 1929 12.
454 1894 617 1940 πλωτὸς]
640 1896 808 1939 πτωτὸςῖ
896 1900 954 1936 23.
981 1898 1049 1945 Οἱ]
1068 1896 1114 1937 ‘O
1137 1900 1205 1935 Ox.

284 1976 340 2016 te,
364 1973 519 2008 Graecos
542 1974 646 2015 adiit,
682 1975 839 2012 adferens
861 1990 992 2021 secum,
1025 1983 1163 2025 praeter
1181 1981 1293 2013 vestes
1324 1979 1360 2012 et
1393 1977 1623 2019 ornamenta,
1657 1975 1733 2011 auri

284 2030 424 2097 guoque
455 2024 491 2053 et
523 2021 657 2064 argenti
695 2022 884 2066 plurimum.
929 2026 1063 2060 Priamo
1088 2030 1198 2060 autem
1221 2023 1532 2070 appropinquante,
1565 2022 1735 2058 silentium

311 2070 471 2109 erepente
501 2066 709 2100 Graecorum
732 2067 882 2103 Ducibus
913 2071 1152 2112 oboriebatur,
1189 2069 1315 2104 Priami
1347 2068 1505 2103 fiduciam
1537 2067 1735 2102 admiranti-

286 2110 358 2144 bus.
412 2110 501 2144 Tum
522 2122 605 2144 vero
637 2112 770 2146 obviam
793 2114 826 2147 ei
856 2116 1108 2160 procedebant,
1153 2116 1315 2151 adventus
1347 2125 1479 2149 eausam
1511 2113 1733 2148 sciscitaturi=

284 2167 370 2200 quos
391 2155 541 2190 Priamus
563 2156 620 2190 ubi
645 2158 839 2202 conspexit,
865 2162 908 2196 ad
931 2167 1056 2196 terram
1079 2161 1277 2207 procidens,
1299 2160 1539 2206 pulveremque
1561 2159 1597 2193 in
1620 2159 1735 2204 capite

283 2206 441 2245 gestam,
477 2202 711 2236 obtestabatur
735 2216 811 2245 eos,
847 2206 898 2239 uti
920 2219 1032 2241 secum
1055 2213 1249 2253 precatores
1273 2205 1437 2240 Achillem
1459 2204 1733 2250 interpellarent,

285 2247 330 2280 de
352 2246 512 2282 Hectoris
534 2258 677 2293 corpore
698 2249 881 2285 reddendo.
929 2252 1034 2296 Cujus
1055 2252 1182 2287 miserti
1206 2253 1334 2286 Nestor
1356 2257 1391 2286 et
1413 2251 1629 2292 Idomeneus,
1653 2261 1734 2295 pre-

285 2293 380 2326 cibus
404 2294 475 2337 ejus
499 2299 707 2336 annuerunt3
737 2296 987 2342 Achillemque‚
1012 2298 1064 2333 uti
1085 2298 1245 2333 Hectoris
1267 2308 1392 2342 corpus
1414 2297 1616 2336 redderent,
1639 2294 1733 2329 solli-

284 2338 448 2372 citarunt.
494 2340 599 2373 Pater
621 2351 703 2374 vero
727 2343 804 2375 tuus
827 2354 941 2376 eorum
966 2344 1122 2388 precibus
1145 2349 1270 2385 motus,
1301 2343 1469 2377 Priamum
1491 2341 1527 2375 in
1552 2340 1732 2375 tentorium

283 2385 449 2418 accersit:
491 2383 657 2428 ingressus
682 2390 792 2420 autem
823 2388 997 2430 Priamus,
1036 2389 1156 2423 Achilli
1177 2389 1321 2434 supplex
1344 2388 1389 2422 ad
1411 2387 1532 2432 pedes,
1567 2397 1635 2419 una
1657 2396 1732 2420 cum

280 2428 516 2464 Andromache
541 2429 685 2475 filiisque
718 2432 812 2475 ejus,
847 2434 1057 2478 procidebat.
1106 2435 1280 2479 Polyxena
1310 2445 1391 2468 vero
1423 2431 1531 2477 patris
1554 2430 1605 2464 tui
1627 2431 1731 2475 pedes

284 2474 458 2519 amplexa,
492 2475 580 2510 ultro
605 2476 809 2521 spondebat,
843 2491 897 2519 se,
932 2481 1030 2513 modo
1054 2481 1170 2514 fratris
1194 2491 1317 2525 corpus
1338 2478 1518 2519 redderet,
1550 2475 1585 2510 in
1608 2487 1733 2531 perpe-

282 2523 377 2554 tuum
400 2521 433 2554 ei
466 2522 734 2557 subservituram.
781 2523 869 2557 'rum
892 2524 950 2568 qui
974 2525 1118 2559 aderant
1144 2525 1271 2566 Duces,
1313 2522 1439 2558 Priami
1463 2522 1644 2556 senectutis
1668 2534 1732 2556 mi-

281 2566 386 2607 serti,
413 2578 473 2611 pro
498 2577 538 2601 eo
562 2567 646 2602 fiunt
669 2567 848 2614 supplices.
894 2570 1022 2604 Parens
1046 2576 1154 2604 autem
1177 2575 1273 2610 tuus3
1320 2569 1579 2614 ‚‚Oportuerat‚
1607 2567 1731 2622 inqpst,

280 2610 454 2646 Priamum
477 2612 563 2647 filios
585 2625 662 2647 suos
685 2614 845 2648 maturius
868 2617 1074 2657 coercuisse,
1109 2626 1220 2659 neque
1244 2627 1281 2648 se
1303 2614 1438 2648 sceleris
1461 2625 1576 2648 eorum
1599 2612 1731 2647 dedisse

282 2656 493 2702 participem.
540 2659 662 2693 Verum
685 2661 825 2694 tenebat
855 2672 926 2694 eum
949 2672 1060 2695 rerum
1083 2660 1264 2694 alienarum
1297 2660 1448 2705 Cupido:
1485 2671 1548 2693 nec
1570 2662 1638 2693 tam
1657 2658 1731 2691 He-

283 2701 390 2735 lenam
413 2714 570 2746 uxorem,
609 2717 708 2750 quam
744 2706 876 2751 Pelopis
914 2710 950 2741 et
983 2706 1079 2740 Atrei
1113 2705 1251 2740 divitias
1282 2707 1468 2750 appetebat
1498 2704 1572 2739 sibi.
1637 2702 1730 2738 Male

281 2745 390 2789 igitur
423 2759 444 2782 a
466 2749 562 2783 vobis
584 2751 749 2785 factorum
780 2763 904 2796 poenas
935 2752 1037 2793 date3
1078 2757 1259 2797 vestroque
1289 2751 1442 2797 exemplo
1466 2751 1613 2785 habeant
1644 2749 1730 2783 haec

283 2791 347 2825 sibi
371 2793 496 2827 Graeci
520 2795 733 2841 Barbarique
753 2797 788 2830 in
811 2797 1052 2832 documentum.

373 2837 483 2874 Duces
514 2845 626 2876 autem
649 2843 860 2887 suadebant,
894 2843 945 2878 uti
975 2847 1118 2889 accepto
1152 2841 1393 2888 redemptionis
1416 2840 1547 2888 pretio,
1583 2838 1730 2875 cadaver
