1838 3230
12 0 48 95 ἕ
650 106 653 112 .

0 132 31 162 μ’
431 168 1065 216 CHRONOGRAPHIA.
1123 168 1171 214 L.
1204 169 1277 213 IX.
1491 175 1589 223 221

111 292 307 350 Ἠπείρου
336 290 568 350 ἐξορμήσας
598 293 665 336 καὶ
691 286 820 347 ἦλθεν
849 288 1060 343 ὗποτάξας
1090 290 1165 348 τὴν
1194 288 1424 348 Αἰγύπτιον
1453 288 1594 349 χώραν

116 364 186 406 καὶ
206 360 495 418 θριαμβεύσας
516 361 590 418 τὴν
608 359 757 404 ἑαυτοῦ
777 360 904 414 νίκην.

176 457 178 461 -
218 433 306 474 Καὶ
326 430 477 475 κατιὼν
497 429 604 485 μετὰ
623 433 698 473 τοῦ
721 427 912 484 πλήθους
933 427 1060 471 αὐτοῦ
1080 426 1251 479 ὖπὲταξε
1268 428 1343 479 τὰς
1364 428 1491 480 ἄλλας
1503 426 1592 485 χῶ-

118 516 220 557 ρας,
258 497 473 547 καταλύων
492 499 569 549 τὰς
588 500 816 554 τοπαρχίας
842 497 990 541 αὐτῶν.
1063 493 1113 552 ἦν
1138 499 1183 540 δὲ
1203 499 1398 541 ἐνιαυτῶν
1418 496 1486 554 ιη’,
1526 497 1592 542 ὅτε

83 566 434 626 5τριομβυράτωρ
470 568 637 624 ἐγένετο.
709 565 906 625 ἐκράτησε
938 567 983 609 δὲ
1023 564 1044 610 ὃ
1074 571 1146 622 τῆς
1165 565 1381 624 Αἰγύπτου
1415 565 1594 623 πόλεμος

114 637 184 693 ἔτη
204 635 348 681 πολλά.

212 703 262 750 Ὁ
293 707 338 749 δὲ
366 704 612 761 Αὔγουστος
636 703 907 759 Ὀκταβιανός
932 704 1154 761 παρελθὼν
1178 704 1251 759 τὴν
1276 701 1479 762 Εὐρώπην
1507 709 1588 748 πᾶ-
1610 719 1643 754 D

114 790 194 818 σαν
218 774 411 833 ἐπέρασεν
430 774 511 817 ἀπὸ
543 778 617 817 τοῦ
647 775 878 826 Βυζαντίου
914 774 977 815 ἐπὶ
1004 773 1077 828 τὴν
1106 772 1362 828 Χαλκηδόνα
1380 773 1498 817 πόλιν
1518 779 1594 831 τῆς

108 843 259 894 Ἀσίας.
331 845 400 886 καὶ
425 844 612 899 ἐποίησεν
636 843 790 893 εὐθέως
813 842 992 898 ἄρχοντα
1018 841 1062 884 ὃν
1081 841 1300 898 ἠβουλήθη
1321 844 1362 885 ἒν
1382 847 1432 900 τῇ
1453 847 1593 886 Βιθυ-

58 914 181 972 1ονίᾳ
216 914 260 956 ἐκ
289 917 372 956 τῶν
403 911 519 955 ἰδίων
549 912 675 955 αὐτοῦ
707 910 943 968 ἀνθρώπων
967 908 1135 965 ὀνόματι
1159 914 1362 964 Λαῦσον,
1403 911 1593 963 διαδεξά-

113 998 236 1036 μενος
262 981 335 1025 τὸν
368 979 569 1024 ἰθύνοντα
599 981 674 1036 τὴν
699 981 827 1036 αὐτὴν
842 979 986 1037 χώραν
1006 978 1216 1037 Διήναρον
1236 980 1308 1023 τὸν
1328 982 1592 1036 προβληθέν-

113 1067 167 1094 τα
187 1048 270 1094 ὖπὸ
301 1054 375 1093 τοῦ
398 1051 615 1107 Καίσαρος
633 1054 706 1092 τοῦ
738 1051 856 1092 θειόυ
882 1050 1009 1092 αὐτοῦ
1024 1063 1033 1072 ·
1069 1044 1120 1103 ἦν
1152 1049 1231 1106 γὰρ
1255 1048 1335 1104 ἤδη
1356 1048 1382 1105 ἦ
1406 1050 1591 1093 Βιθυνία

114 1118 266 1174 ἔχουσα
302 1118 504 1176 ἄρχοντα·
542 1118 675 1174 ἐπειδὴ
705 1118 785 1174 πρὸ
813 1118 941 1161 αὐτοῦ
965 1116 1228 1173 ὅΠομπήιος
1247 1116 1423 1174 Μάγνος
1442 1114 1493 1174 ἦν
1514 1123 1590 1162 λα-

113 1188 201 1243 βὼν
220 1187 296 1244 τὴν
317 1187 446 1243 αὐτὴν
465 1189 685 1241 Βιθυνίαν,
712 1185 1029 1243 τελευτήσαντος
1053 1185 1313 1242 Νικομήδους
1332 1192 1591 1244 τοπαρχοῦν-

58 1262 104 1298 15
117 1273 187 1307 τος
210 1254 338 1313 αὐτήν
349 1289 363 1309 ,
399 1260 474 1302 τοῦ
496 1255 613 1306 ὄντος
634 1257 677 1298 ἐκ
703 1260 777 1299 τοῦ
800 1256 939 1312 γε’νους
965 1259 1046 1299 τῶν
1069 1254 1326 1299 Μακεδόνων
1341 1270 1350 1280 ·
1387 1255 1501 1307 ὅστις
1522 1274 1590 1300 τε·

113 1330 266 1370 λευτῶν
285 1318 419 1369 εἴασεν
441 1324 570 1381 αὐτὴν
585 1323 811 1380 Ῥωμαίοις.

217 1394 307 1450 Τὴν
337 1395 382 1436 δὲ
400 1395 609 1438 Γαλατίαν
630 1392 826 1445 ὑπέταξεν
848 1391 870 1436 ὅ
895 1393 1020 1444 αὐτὸς
1038 1393 1284 1450 Αὔγουστος
1306 1392 1327 1436 ὅ
1347 1395 1414 1436 καὶ
1436 1393 1586 1437 Ὄκτα-
1611 1409 1644 1443 0
1667 1410 1738 1446 286

111 1453 277 1519 βιανός,
315 1460 483 1518 νικήσας
500 1461 750 1519 Δηιόταρον,
786 1460 1012 1520 τετράρχην
1035 1462 1184 1518 αὐτῆς·
1223 1464 1289 1506 καὶ
1310 1464 1486 1518 τειχίσας
1504 1461 1586 1507 κώ·
1609 1477 1643 1512 Ε

111 1550 195 1588 μην
214 1533 290 1587 τὴν
310 1531 526 1588 λεγομένην
548 1531 736 1588 Ἀρσίνην
758 1533 922 1588 ἐποίησε
944 1530 1086 1585 πόλιν,
1123 1531 1267 1587 ἥντινα
1293 1530 1478 1575 ἐκάλεσεν
1494 1532 1591 1588 Ἄγ-

56 1607 241 1661 2οκυραν
260 1601 328 1644 διὰ
347 1600 394 1643 τὸ
414 1601 542 1657 μέσην
565 1600 693 1656 αὐτὴν
716 1599 815 1643 εἶναι
837 1599 910 1643 δύο
930 1605 1160 1644 θαλασσῶν
1170 1634 1182 1653 ,
1227 1605 1302 1656 τῆς
1320 1618 1362 1643 τε
1380 1605 1590 1655 Ποντικῆς

114 1672 182 1712 καὶ
201 1674 277 1725 τῆς
301 1669 490 1725 Ἀσιανῆς
507 1668 738 1725 θαλάσσης.
809 1668 1018 1719 θυσιάσας
1049 1670 1093 1712 δὲ
1115 1668 1239 1726 κόρην
1262 1670 1471 1725 παρθένον
1495 1668 1588 1712 ὒνό-

112 1755 214 1794 ματι
242 1741 284 1781 Γ
281 1738 475 1794 ρηγορίαν
506 1740 562 1788 εἷς
595 1737 964 1794 ἀποκαθαρισμόν,
1004 1736 1181 1793 ποιήσας
1214 1738 1342 1793 αὐτὴν
1372 1739 1583 1795 ἐπαρχίαν,

113 1805 239 1857 ἐάσας
270 1798 353 1850 ἐκεῖ
378 1805 566 1857 Γάλλους
593 1804 848 1864 στρατιώτας
870 1806 938 1850 διὰ
961 1807 1007 1850 τὸ
1028 1804 1246 1863 φυλάττειν
1268 1806 1342 1863 τὴν
1357 1805 1500 1866 χώραν
1517 1809 1586 1851 καὶ

205 1953 238 1988 1.
262 1949 350 1987 Dele
373 1949 446 1986 καὶ.
541 1947 574 1984 4.
598 1950 802 1995 τοπαρχίας
825 1949 912 1994 Ch„
936 1949 1169 1998 τοπαρχϊήας
1192 1951 1261 1986 Ox.

111 2076 290 2124 Agrippa,
313 2089 375 2112 suo
398 2076 680 2122 genam-Epiro
705 2077 860 2121 solvens,
891 2078 1085 2124 Aegyptum
1108 2077 1279 2125 perrexitt
1323 2088 1424 2123 quam
1448 2089 1523 2113 cum
1547 2078 1581 2113 in

111 2128 316 2170 potestatem
339 2135 432 2158 suam
456 2123 666 2168 redegisset,
690 2123 869 2159 victoriam
893 2125 1080 2170 Triumpho
1106 2124 1303 2159 celebravit.

203 2169 287 2205 inde
303 2181 386 2204 vero
411 2181 485 2204 cum
509 2170 662 2205 exercitu
686 2181 836 2212 movens,
861 2170 936 2206 aliis
958 2171 1073 2206 itidem
1087 2171 1280 2216 regionibus
1303 2169 1462 2211 subactis,
1486 2169 1582 2215 prin-

111 2215 246 2261 cipatns
269 2227 386 2250 earum
410 2216 604 2261 abrogavit.
651 2217 781 2251 Annum
805 2221 918 2251 autem
936 2228 1040 2262 agens
1062 2217 1225 2252 decimum
1247 2222 1418 2258 octavum,
1444 2216 1584 2250 Trium-

113 2261 166 2296 vir
187 2261 384 2307 designatus
408 2267 479 2303 est3
504 2262 624 2296 bellum
648 2274 732 2296 vero
756 2264 1005 2308 Aegyptiacum
1029 2275 1092 2310 per
1114 2264 1235 2298 multos
1258 2262 1398 2297 duravit
1420 2274 1536 2296 annos.

202 2310 376 2353 Augustus
401 2308 612 2343 Octavianus
635 2307 725 2350 inde,
750 2309 926 2355 Europam
948 2315 1055 2344 totam
1079 2314 1357 2355 praetervectus,
1382 2308 1583 2352 Byzantium

112 2353 225 2389 veuitz
250 2360 353 2400 atque
374 2354 455 2389 inde
478 2354 514 2388 in
538 2354 649 2389 Asiam
673 2353 866 2398 trajiciens,
891 2355 1140 2390 Chalcedonam
1165 2355 1316 2402 appulit:
1342 2354 1399 2389 ubi
1419 2355 1584 2396 Dienaro,

113 2410 213 2444 quem
234 2400 365 2435 Caesar
388 2400 570 2435 avtmculus
592 2401 775 2445 Bithyniae
799 2402 1036 2446 praefecerat,
1072 2408 1256 2443 summot03
1298 2400 1372 2445 ipse
1395 2401 1530 2440 statim,
1562 2411 1585 2434 e

113 2444 263 2480 Ducibus
297 2446 386 2488 suis,
430 2447 578 2482 Lausum
611 2447 779 2492 quendam
813 2459 1036 2484 successorem
1067 2447 1253 2482 constituit.
1299 2445 1463 2491 Bithynia
1496 2445 1584 2480 enim

109 2491 310 2536 jampridem
329 2493 501 2528 Romanae
524 2497 599 2527 erat
623 2492 784 2534 ditionis3
812 2504 854 2527 ex
877 2506 944 2539 quo
969 2495 1176 2529 Nicomedes
1200 2505 1272 2535 rex,
1297 2504 1338 2526 ex
1359 2491 1583 2526 Macedonum

112 2536 222 2582 stirpe
243 2537 426 2580 oriundus,
458 2539 565 2585 ipsam
589 2538 769 2574 moriturus
792 2539 951 2575 Romanis
973 2540 1127 2586 legavit:
1165 2551 1234 2585 quo
1259 2539 1456 2579 demortuo,
1480 2537 1584 2573 Pom-

112 2582 192 2629 peio
213 2593 335 2628 magno
360 2584 461 2620 cessit
490 2597 533 2620 ea
557 2583 754 2620 Provincia.

204 2628 315 2664 Porro
338 2630 510 2675 Augustus
534 2630 764 2673 Octavianus,
790 2631 961 2667 Galatiam
986 2643 1145 2678 quoque,
1170 2629 1308 2664 devicto
1329 2629 1491 2665 Deiotaro
1510 2630 1583 2674 ejus

113 2674 254 2719 regulo,
277 2674 313 2708 in
359 2682 537 2712 otestatem
560 2689 652 2713 suam
674 2677 832 2724 redegit:
870 2679 1060 2724 vicumque
1084 2677 1234 2712 Arsinem
1261 2675 1386 2710 dictum
1409 2676 1581 2710 moenibus

113 2720 273 2765 cingens,
296 2731 338 2754 ur
362 2733 413 2756 em
435 2722 538 2758 fecit:
562 2735 663 2769 quam
687 2725 778 2769 quod
801 2723 934 2759 duobus
956 2724 1126 2764 maribus,
1150 2721 1292 2756 Pontico
1316 2727 1420 2767 atque
1444 2722 1581 2764 Asiane,

110 2766 357 2810 interjacent,
393 2768 560 2813 Ancyram
583 2769 789 2804 nominavit:
831 2771 1012 2816 puellaque
1036 2769 1198 2813 Virgine,
1235 2767 1367 2802 nomine
1391 2767 1578 2813 Gregoria,

111 2811 147 2846 in
170 2811 239 2847 loci
259 2812 493 2848 lustrationem
516 2813 706 2856 immolata,
742 2820 779 2850 et
802 2816 944 2861 regione
976 2817 1010 2849 in
1035 2814 1238 2848 Provinciae
1260 2814 1399 2848 formam
1422 2815 1578 2855 redacta,

111 2857 241 2894 Milites
262 2857 313 2893 ibi
336 2857 469 2902 Gallos,
493 2860 640 2905 regionis
663 2860 822 2908 urbisque
845 2862 881 2897 in
903 2860 1131 2909 praesidium,
1157 2860 1319 2896 collocat:
1344 2867 1380 2895 et
1403 2871 1425 2896 a
1445 2859 1579 2896 nomine
