1838 3230
583 171 1055 221 ANNOTATIONES.
1449 180 1550 231 545

118 307 121 311 ·
197 289 299 342 Pog.
333 289 426 332 185.
458 292 522 333 18.
546 287 617 331 καὶ
634 286 729 339 τούς
749 287 927 344 κόμητας
953 287 1102 345 αὐτοῦ’]
1133 290 1374 344 Hesychius:
1409 289 1551 347 Κόμης

88 339 235 399 ἅρχων,
265 341 436 398 ἡγεμών.
493 345 637 385 Verum
661 346 857 387 Comitum
874 349 986 388 varia
1004 354 1118 389 erant
1145 348 1383 402 diversaque
1403 364 1549 391 mune-

86 413 158 452 ra,
184 400 236 440 de
252 401 398 453 quibus
421 401 521 442 Vide
539 402 703 442 Meursii
727 405 904 446 Glossar.

197 459 301 510 Pag.
331 461 424 501 186.
449 459 490 501 4.
540 461 615 500 τοῦ
657 456 786 501 αὐτοῦ
820 458 945 513 μηνὸς
971 460 1043 510 τοίς
1077 460 1230 516 ἡμέρας
1259 458 1545 515 ἐκολόβωσεν]

83 512 189 553 hanc
210 512 365 554 dierum
399 515 543 554 mensis
569 514 688 568 hujus
716 516 999 557 decurtationis
1031 533 1187 558 causam
1214 519 1411 571 reperisse
1439 533 1480 558 se
1504 519 1548 557 in

84 569 324 621 quibusdam
345 571 476 613 Dionis
493 572 701 623 Excerptis
720 573 800 612 MS.
818 574 943 613 refert
965 575 1022 614 Cl.
1040 576 1254 614 Salmasius
1274 576 1440 614 Plinian.
1469 577 1548 615 Ex-

84 626 195 667 ercit.
215 627 258 665 in
278 627 399 666 Solin.
429 627 498 666 ubi
528 634 658 667 tamen
687 628 785 668 haec
811 632 943 669 omnia
971 631 1021 670 de
1043 633 1229 684 Camillo,
1256 632 1360 672 sicut
1380 639 1420 673 et
1440 631 1548 686 apud

83 682 268 732 Sumam,
297 696 375 722 non
397 690 527 722 autem
544 684 593 723 de
614 685 779 734 Manlio,
809 694 1034 726 narrantur.

197 739 296 791 Pag.
330 742 422 782 186.
454 743 518 783 19.
550 739 619 781 καὶ
639 737 860 795 περιζώσας
879 739 1002 784 αὐτόν
1021 748 1182 796 σχοῖνον
1198 740 1407 797 μάσσινον]
1440 744 1548 794 Quid

81 793 163 834 hoc
179 795 440 845 vocabulum,
470 793 686 848 μάσσινον,
716 798 785 847 sit,
814 812 896 837 non
916 799 1044 838 habeo
1066 800 1220 840 dicere:
1250 815 1325 840 nec
1352 803 1452 840 enim
1482 803 1547 840 in-

80 851 243 891 venitur
262 852 372 904 apud
393 853 579 902 Suidam,
613 867 686 892 nec
713 854 954 905 Cedrenum3
987 857 1055 907 qui
1086 863 1218 896 tamen
1244 865 1414 909 uterque
1442 857 1547 897 hanc

79 906 285 947 Februarii
305 915 472 948 narrant
490 909 759 950 historiolam:
788 911 930 950 Suidas
942 943 955 963 ‚
983 912 1052 952 καὶ
1077 910 1145 953 διοέ
1164 916 1281 955 τοῦτο
1302 914 1544 968 γυμνωθέν-

79 978 129 1004 τα
156 960 280 1006 αὐτὸν
306 968 379 1017 τῆς
408 966 599 1018 ἐσθῆτος,
648 966 717 1007 καὶ
749 969 903 1021 ’θρυΐνη
937 968 1231 1022 περιβληθέντα
1260 966 1427 1024 ψιάθῳ,
1469 977 1544 1012 etc.

80 1019 305 1069 cedrenus,
334 1021 403 1062 καὶ
427 1020 606 1075 ἐκβαλών
635 1023 708 1072 ἔξω
739 1027 813 1076 τῆς
835 1008 983 1074 πόλεως
1012 1023 1185 1078 γυμνὸν,
1213 1023 1359 1082 ψιάθῳ
1385 1029 1544 1082 θρυΐνῳ

75 1076 415 1130 περιβεβλημένον
442 1079 512 1120 καὶ
532 1081 693 1136 σχοινὶῳ
712 1077 787 1131 τὴν
809 1075 942 1132 ὀσφύν
970 1081 1304 1136 περιεζωσμένον,
1335 1089 1410 1126 etc.
1440 1084 1544 1123 forte

77 1133 264 1173 vocabuli
282 1134 362 1173 vim
381 1135 629 1186 ignorantes,
659 1137 890 1176 omiserunt.

188 1189 288 1243 Pag.
321 1195 414 1234 186.
448 1195 518 1235 23.
566 1197 650 1239 τοῖς
678 1189 933 1247 βερνοὲκλοις,
977 1189 1089 1237 τοῦτ’
1132 1192 1232 1246 ἔστι,
1272 1191 1541 1249 περιπόλοις,]

78 1245 289 1299 βὲρνακλοι
311 1247 377 1286 isti
402 1249 510 1300 apud
545 1249 705 1288 Suidam
740 1255 831 1288 sunt
864 1250 906 1290 οἱ
927 1248 1218 1303 ’ὑπηρετοῦντες
1250 1254 1310 1308 τῷ
1338 1249 1542 1309 δημάρχῳ,

30 1351 33 1356 ¹
84 1301 245 1343 Tribuni
263 1303 468 1346 ministri.-
494 1303 576 1347 v‘nd
594 1309 676 1347 τῶν
693 1302 1002 1360 ὑπηρετούντων
1021 1310 1078 1365 τῷ
1085 1304 1283 1365 δημάρχῳ
1300 1311 1380 1350 τῶν
1400 1313 1542 1351 καλου-

77 1358 211 1413 μένων
227 1357 469 1414 βερνοὶκλων.

189 1414 288 1467 Pag.
322 1420 414 1459 186.
453 1417 523 1460 24.
569 1414 826 1470 βαλισσήνοις
858 1415 1025 1471 {inintens-
1051 1417 1213 1462 τύπτειν
1252 1416 1425 1473 αὕτόν,]
1468 1418 1541 1474 βά-

75 1474 195 1522 κλον,
229 1471 407 1512 Baculus
435 1475 667 1526 frequenter
712 1477 890 1515 occurrit
927 1476 1034 1529 apud
1073 1478 1248 1517 Graecos
1276 1479 1538 1518 recentiores:

77 1528 176 1581 quid
198 1527 456 1582 βαλισσήνοις
475 1544 571 1571 vero
593 1532 667 1579 sit,
696 1532 860 1571 videant
883 1532 1093 1575 doctiores,

187 1587 289 1639 Pag·
320 1589 412 1630 187.
442 1591 481 1630 6.
526 1585 572 1630 το“
604 1584 701 1631 αὕτὸ
736 1592 868 1642 σχῆμα
894 1593 971 1631 τοῦ
1001 1589 1250 1644 φορέματος]
1289 1591 1372 1629 Ser.
1411 1586 1539 1644 φορή-

107 1656 211 1690 ατος.

76 1657 104 1694 μ
187 1696 284 1751 Pag·
315 1701 408 1741 187.
440 1702 504 1741 13.
551 1702 730 1748 Εκθεσις
758 1701 997 1753 Βρουνιχίου
1029 1702 1216 1753 Ρωμαίου
1254 1701 1340 1754 χρ.]
1377 1703 1436 1741 En
1466 1702 1539 1740 tibi

76 1754 225 1792 fontem
247 1768 429 1806 sacrum,
458 1769 507 1795 ex
526 1769 605 1808 quo
629 1757 804 1795 fabulam
833 1757 938 1795 hanc
968 1757 1277 1810 pulcherrimam
1294 1758 1428 1798 hausit
1450 1758 1538 1797 Au-

77 1817 165 1850 ctor
182 1817 332 1851 noster.

189 1865 290 1920 Peg.
323 1870 413 1911 187.
443 1870 509 1911 21.
539 1864 722 1910 ἐκάλεσεν
737 1869 794 1918 εἷς
810 1866 854 1910 τὸ
872 1867 1000 1923 ὄνομα
1016 1873 1088 1912 τοῦ
1109 1872 1228 1912 θείου
1244 1867 1383 1922 αὐτοῦ]
1412 1871 1537 1920 Quin·

74 1924 182 1963 tilem
205 1937 399 1974 mensem,
429 1925 596 1976 lulium,
628 1926 675 1963 ab
707 1925 881 1965 Antonio
906 1926 1151 1966 nominatum
1178 1929 1292 1976 ideo,
1326 1929 1433 1979 quod
1458 1929 1534 1966 isto

74 1993 207 2020 meuse
230 1981 269 2022 C.
296 1981 424 2019 Julius
452 1988 569 2020 natus
597 1983 745 2031 suerat,
783 1984 922 2022 asserit
953 1984 1172 2024 cedrenus:
1211 1983 1235 2026 ό
1264 1982 1421 2032 Ιούλιος
1454 1982 1536 2037 μὴν

74 2033 303 2089 Κνντήλιος
327 2037 495 2092 ἐλέγετο.
525 2034 817 2092 μετωνομάσθη
841 2038 884 2081 δὲ
902 2038 1011 2094 παροὶ
1034 2041 1265 2091 Αντωνίου,
1296 2038 1363 2082 διὰ
1382 2038 1427 2082 vo*
1450 2056 1535 2095 γεν-

74 2097 256 2148 νηθῆναι
276 2090 384 2149 αὐτῷ
404 2098 443 2134 Γ
436 2091 528 2136 ἄϊον
551 2091 726 2135 Ιούλιον.

185 2152 291 2202 Pag.
323 2154 414 2195 188.
446 2151 484 2192 5.
530 2153 709 2199 Αδδοῦς·
741 2148 848 2201 ὅστις
882 2149 1009 2206 ἱερεύς
1024 2146 1099 2205 ἦν]
1140 2152 1290 2205 aliquid
1310 2152 1374 2191 hic
1397 2153 1533 2191 deesse

74 2206 255 2257 videtur-3
286 2215 355 2247 aut
385 2204 492 2256 ὅστις
510 2208 730 2247 redundat:
760 2208 902 2248 deinde
931 2209 1207 2259 scribendum,
1240 2211 1434 2258 Ιαδὸοὗςς
1464 2210 1534 2260 qui

75 2269 211 2303 sextus
236 2270 321 2303 erat
340 2263 578 2303 Judaeorum
606 2265 811 2314 Pontifex,
842 2271 881 2304 et
909 2266 1146 2315 Jannaem,
1171 2280 1251 2306 non
1271 2264 1532 2318 Joachimum,

75 2326 233 2359 secutus
252 2326 333 2368 est.
361 2327 460 2360 teste
483 2320 574 2362 Chr.
595 2321 707 2362 Alex,
734 2322 919 2361 Auctore.

187 2379 290 2429 Pag.
325 2381 416 2420 189.
446 2381 485 2421 3.
528 2375 602 2430 τήν
626 2375 861 2430 Αταλάντην
889 2384 965 2421 etc.
995 2378 1052 2428 εἷς
1085 2379 1239 2429 ταῶνα]
1271 2376 1421 2430 Argum
1444 2377 1531 2428 qui-

77 2431 167 2471 dem
186 2434 227 2471 in
243 2433 441 2473 Pavonem
463 2434 698 2474 conversum
718 2435 896 2486 legimus.

185 2490 291 2540 Pag·
322 2493 413 2533 189-
443 2491 482 2534 4.
516 2488 746 2544 Φιλομήλαν
766 2490 968 2545 θυγατέρα
987 2491 1224 2538 Πανδίωνος
1247 2488 1304 2537 εἷς
1323 2484 1527 2541 χελιδόνα]

76 2543 160 2582 Iino
180 2544 222 2584 in
237 2545 480 2597 manniam,
508 2548 660 2600 Progne
677 2562 771 2588 vero
792 2562 906 2588 soror
926 2549 968 2587 in
990 2547 1252 2588 Hirundinem
1272 2552 1445 2585 mutatae
1463 2546 1530 2584 ‹li-

78 2606 235 2641 cuntur.

188 2655 288 2709 Pag.
320 2662 411 2702 189.
440 2663 479 2703 6.
522 2661 578 2710 εἷς
606 2662 727 2704 λίθον
753 2659 1136 2714 μετεμψυχωθῆναι]
1178 2658 1361 2698 Auctoris
1389 2657 1529 2696 dictio.

75 2726 166 2752 nem
196 2714 342 2764 secuti,
373 2716 424 2759 de
451 2718 615 2758 Animae
645 2725 800 2758 tantum
827 2717 1206 2768 Transmigratione,
1242 2717 1318 2755 ista
1347 2714 1530 2754 reddidi-

75 2783 183 2808 mus:
212 2783 288 2822 pro
324 2779 688 2828 μετεμψυχωθῆναι
716 2782 846 2814 tamen
873 2776 1021 2813 rectius
1047 2773 1232 2820 dixisset,
1271 2787 1529 2825 μεταμορφω-

74 2813 227 2879 θῆναιε
267 2827 317 2867 de
350 2832 530 2881 corporis
560 2832 662 2872 enim
694 2831 1040 2880 transmutatione,
1080 2842 1161 2869 non
1187 2828 1237 2868 de
1270 2828 1528 2883 Pythagorica

131 2889 274 2924 Ioannes
301 2889 467 2926 Malalas.
1203 2884 1257 2928 35
