1838 3230
291 191 391 239 350
443 186 674 233 IOANNIS
702 187 982 232 MALALAE
1010 189 1340 235 CHRONOGR.
1398 191 1445 236 L.
1476 191 1590 235 XIII.

291 305 518 365 παρθένον·
555 308 622 350 καὶ
648 303 770 349 πάλιν
799 305 983 362 ἀπῆλθεν
1012 307 1137 359 αὐτὸς
1165 309 1219 358 εἲς
1246 307 1321 360 τὰς
1338 311 1519 362 Γαλλίας
1542 307 1744 370 τυραννή-

291 391 381 426 σας.
452 372 740 424 Κωνστάντιος
763 375 808 417 δὲ
826 374 883 417 ἔτι
904 373 1033 431 κόμης
1056 376 1112 420 ὢν
1136 376 1240 431 μετὰ
1258 377 1487 434 Ἀλαρίχσυ,
1514 382 1746 430 πιστευθεὶς

289 444 384 501 παρ’
418 443 545 486 αὐτοῦ’
577 442 650 497 τὴν
678 440 801 499 κόρην
830 446 1083 498 Πλακιὸιάν,
1115 447 1307 500 δυνηθεὶς
1330 445 1473 500 ἔλαβεν
1492 445 1640 502 αὐτήν·
1675 449 1743 491 καὶ

289 511 429 570 φυγῶν
452 511 522 554 τὸν
548 508 759 566 Ἀλάριχον
782 510 927 567 ἤγαγεν
957 512 1084 567 αὐτὴν
1113 513 1216 570 πρὸς
1239 513 1310 556 τὸν
1336 515 1508 567 βασιλέα
1532 512 1740 573 Ὁνῶριον.

289 582 355 623 καὶ
377 579 623 636 εὐχαριστῶν
645 578 757 637 αὐτῷ
779 577 1007 636 ὃὉνώριος
1024 582 1208 636 ἐποίησεν
1226 581 1350 625 αὐτὸν
1369 581 1645 638 συγκλητικόν,
1675 584 1775 628 καὶὸ

170 655 203 690 Ο
226 652 272 691 47
296 648 482 699 ἐξέδωκεν
515 646 625 704 αὐτῷ
659 646 733 702 τὴν
761 649 992 690 Πλακιδίαν
1021 650 1077 698 εἷς
1103 657 1296 703 γυναῖκα,
1324 652 1390 692 καὶ
1412 651 1596 706 ἐποίησεν
1619 650 1745 694 αῧτόν

289 716 460 772 βασιλέα
487 716 528 758 ἓν
553 713 707 772 Ῥώμῃ·
744 717 786 765 ἐξ
817 710 866 771 ’ἧς
898 715 1008 770 ἴσχεν
1034 717 1122 760 υἱὸν
1154 716 1175 760 ὅ
1206 717 1329 768 αὐτὸς
1345 717 1654 772 Κωνστάντιος,
1697 717 1744 762 ὃν

291 782 451 827 ἐκάλεσε
472 780 793 827 Βαλεντινιανόν.
863 785 930 826 καὶ
949 783 1036 839 ἅμα
1053 787 1328 844 Κωνσταντίῳ
1347 784 1557 842 γενόμενος
1575 785 1597 831 ὃ
1613 784 1744 831 Ὁνώ-

293 869 379 909 ριος
408 853 470 894 ἐπὶ
498 856 572 907 τῆς
601 850 728 894 αὐτοῦ
756 853 965 906 βασιλείας
1005 852 1133 896 ἀνεῖλε
1161 854 1257 903 τούς
1286 854 1489 912 τέσσαρας
1518 852 1745 912 τυράννους

236 920 480 964 ΟἌτταλον
510 921 577 963 καὶ
602 919 879 974 Σεβαστιανὸν
904 922 970 962 καὶ
991 919 1190 976 Μάξιμον
1219 923 1287 964 καὶ
1304 920 1506 966 Κώνσταν
1526 923 1623 974 τοὺς
1642 939 1742 978 συγ-
1754 928 1799 969 10

289 987 524 1045 κλητικούς,
571 989 712 1038 οἵτινες
753 988 932 1044 ἀντῆραν
972 989 1083 1048 αὐτῷ
1119 988 1469 1041 ὖπονοθεύσαντες
1493 990 1565 1034 τὸν
1597 993 1742 1047 δῆμον.

288 1057 392 1112 μετὰ
419 1058 462 1099 δὲ
488 1056 536 1099 τὸ
560 1060 812 1114 φονευθῆναι
833 1056 983 1107 αὐτοὺς
1001 1059 1067 1100 καὶ
1086 1058 1160 1108 τὰς
1179 1058 1319 1108 οὐσίας
1337 1058 1471 1102 αὐτῶν
1487 1061 1745 1114 δημευθῆναι

290 1124 415 1175 ἐάσας
446 1124 517 1168 τὸν
547 1123 836 1167 Κωνστάντιον
866 1125 908 1167 ἐν
943 1129 995 1182 τῇ
1020 1124 1154 1183 Ῥώμῃ
1184 1124 1410 1180 βασιλεύειν
1431 1122 1558 1182 ἦλθεν
1578 1124 1600 1170 ὅ
1621 1126 1746 1176 αὐτὸς

285 1192 479 1250 Ὁνώριος
505 1193 546 1236 ἐν
573 1191 1000 1237 Κωνσταντινουπόλει
1027 1193 1255 1247 βασιλεύων
1280 1194 1383 1249 μετὰ
1417 1195 1641 1238 Θεοδοσίου
1669 1198 1743 1238 τοῦ

288 1266 448 1320 μικροῦ.
1754 1273 1800 1310 15

385 1329 433 1373 Ὁ
455 1329 498 1371 δὲ
518 1326 817 1381 Κωνστάντιος,
849 1329 1040 1383 βασιλεὺς
1057 1327 1214 1385 Ῥώμης
1222 1363 1236 1383 ,
1269 1334 1436 1390 τελευτᾷ
1456 1331 1546 1391 islep
1569 1327 1744 1390 θανάτῳ

286 1398 351 1442 ἐπὶ
373 1402 447 1454 τῆς
464 1398 672 1451 βασιλείας
691 1400 756 1439 καὶ
777 1399 877 1452 ζωῆς
892 1395 1086 1454 Ὁνωριόυ
1102 1411 1112 1422 ·
1148 1400 1216 1440 καὶ
1241 1396 1498 1455 τυραννήσας
1528 1403 1745 1454 συγκλητι-

287 1465 358 1517 κός
380 1483 441 1516 τις
461 1463 630 1520 ὀνόματι
642 1463 857 1520 Ἰωάννης,
895 1469 976 1508 τῶν
996 1466 1130 1509 ἄλλων
1148 1470 1419 1522 συγκλητικῶν
1433 1465 1745 1522 συμποιησαμέ-

287 1552 368 1579 νων
386 1533 470 1590 μετ’
498 1533 638 1586 αῧτοῦ,
660 1532 860 1587 βασιλεύει
882 1534 923 1576 ἓν
947 1538 998 1590 τῇ
1014 1532 1161 1591 Ῥώμῃ.
1215 1536 1281 1577 καὶ
1301 1535 1420 1590 γνοὺς
1435 1538 1558 1577 τοῦτο
1578 1532 1600 1577 ὁ
1613 1531 1745 1577 Ὁνώ-

161 1615 195 1650 o
219 1614 265 1650 48
290 1620 375 1661 ριος
404 1599 554 1658 ἐμάνη·
591 1603 658 1645 καὶ
684 1599 791 1661 νόσῳ
821 1603 992 1657 βληθεὶς
1016 1599 1279 1660 ὑδρωπιάσας
1302 1607 1490 1664 τελευτᾷ,
1527 1601 1585 1645 ὢν
1607 1602 1799 1649 imum-20

287 1676 370 1716 τῶν
391 1668 479 1726 μβ’.

380 1782 437 1816 20.
461 1774 693 1824 ὑδροπιοὶσοις
716 1778 806 1820 Ox.,
829 1773 1066 1823 ὑδρωπιάσας
1088 1776 1154 1812 ch.

291 1871 510 1916 virguncula,
543 1880 653 1904 secum
677 1868 846 1915 abreptis,
879 1868 915 1902 in
938 1868 1085 1904 Galliam
1115 1879 1271 1903 reversus
1295 1870 1367 1913 est,
1402 1867 1616 1915 tyrannidem
1636 1879 1744 1914 usque

290 1917 436 1961 agitans.
482 1915 698 1950 Constantius
721 1922 831 1949 autem
855 1915 990 1959 quidam
1015 1915 1148 1956 ComeS,
1187 1913 1245 1959 qui
1268 1915 1461 1950 Alarichum
1483 1918 1626 1956 secutus,
1662 1915 1744 1950 Pla-

293 1963 416 1996 cidiam
439 1961 602 2005 virginem
634 1960 697 1995 sibi
720 1960 948 1995 concreditam
981 1960 1120 2002 habuit;
1160 1964 1300 2005 arrepta
1322 1960 1515 2002 occasione,
1551 1959 1745 1994 Alarichum

293 2007 436 2051 effugit,
473 2018 612 2050 eamque
634 2006 783 2041 Honorio
808 2005 1010 2052 Imperatori
1040 2005 1200 2040 reducem
1222 2006 1327 2040 dedit.
1374 2005 1479 2050 Cujus
1501 2004 1584 2040 facti
1605 2004 1641 2039 in
1663 2016 1746 2049 gra-

291 2053 395 2093 tiam,
425 2052 595 2086 Honorius
619 2051 849 2086 Constantium
872 2051 917 2086 ad
939 2051 1151 2086 Senatoriam
1174 2051 1372 2096 dignitatem
1393 2050 1566 2104 provexit:
1605 2049 1686 2096 quin
1709 2053 1746 2086 et

293 2096 448 2133 Placidia
479 2096 512 2131 ei
533 2096 568 2130 in
601 2109 739 2131 uxorem
762 2097 862 2139 data,
903 2097 940 2131 in
962 2096 1095 2141 imperii
1125 2096 1226 2131 etiam
1264 2100 1467 2139 consortium
1496 2107 1568 2131 eum
1599 2095 1744 2130 admisit.

294 2142 494 2178 Constantio
518 2153 559 2176 ex
581 2143 734 2177 Placidia
756 2146 853 2177 natus
886 2147 936 2177 est
958 2143 1063 2184 filius,
1101 2141 1230 2176 nomine
1253 2141 1515 2176 Valentinianus.
1570 2141 1745 2175 Honorius

293 2189 430 2233 itaque,
454 2187 650 2222 Constantio
675 2188 710 2221 in
732 2188 830 2232 regni
853 2187 1049 2222 societatem
1071 2187 1221 2228 adscito,
1249 2191 1395 2232 quatuor
1416 2187 1560 2221 rebelles
1580 2185 1654 2220 illos
1677 2186 1744 2220 Se-

295 2239 451 2274 natores,
475 2233 646 2275 Attalum,
670 2233 922 2275 Sebastianum,
945 2233 1129 2267 Maximum
1152 2237 1188 2266 et
1210 2232 1447 2274 Constantem,
1473 2231 1531 2276 qui
1554 2231 1685 2277 plebem
1707 2231 1745 2266 in

295 2283 412 2325 partes
433 2290 508 2312 suas
531 2278 725 2319 allicientes,
756 2277 957 2322 Imperatori
980 2278 1150 2322 negotium
1172 2277 1392 2318 facesserunt,
1415 2288 1436 2310 e
1457 2276 1568 2311 medio
1590 2276 1743 2318 sustulit3

294 2324 391 2359 bonis
415 2335 531 2358 eorum
554 2324 745 2369 publicatis·
799 2323 966 2358 Honorius
989 2328 1122 2365 autem,
1159 2323 1299 2368 imperio
1322 2322 1520 2357 Occidentis
1542 2321 1743 2356 Constantio

294 2370 446 2411 tradito,
463 2368 541 2447 gpse
564 2368 887 2414 Constantinopolim
906 2369 1123 2411 contendens,
1145 2368 1338 2403 Theodosio
1360 2367 1490 2403 Juniori
1511 2379 1584 2402 sese
1605 2367 1745 2412 Imperii

292 2415 417 2450 socium
441 2426 461 2448 a
482 2414 604 2458 junxit.

385 2459 537 2504 Contigit
560 2463 691 2501 autem,
713 2458 850 2492 vivente
873 2458 984 2492 adhuc
1000 2463 1036 2494 et
1050 2461 1212 2503 regnante
1228 2457 1391 2499 Honorio,
1416 2456 1652 2492 Constantium
1670 2457 1744 2492 Ro-

292 2516 422 2541 manum
444 2505 684 2551 Imperatorem
707 2516 726 2539 e
748 2503 834 2538 vivis
862 2504 1043 2538 excedere:
1073 2508 1151 2549 post
1175 2515 1286 2549 quem,
1308 2503 1453 2538 Joannes
1476 2503 1610 2548 quidam
1633 2503 1743 2536 Sena-

292 2555 370 2592 tor,
402 2551 616 2594 tyrannidem
639 2550 822 2596 arripiens,
855 2549 1057 2584 Senatorum
1089 2549 1294 2594 reliquorum
1316 2561 1382 2594 ope
1403 2550 1532 2591 fretus,
1563 2548 1743 2594 Imperium

292 2595 492 2630 Occidentis
525 2595 660 2631 invasit.
714 2597 791 2638 Quo
816 2594 952 2635 audito,
989 2594 1158 2628 Honorius
1178 2594 1213 2628 in
1234 2595 1383 2628 furorem
1414 2597 1509 2629 actus
1531 2598 1604 2637 esu
1642 2596 1679 2629 et
1700 2602 1743 2627 ex

294 2651 385 2687 aqua
406 2640 573 2676 intercute
594 2643 770 2685 laborans,
793 2643 942 2676 mortuus
964 2642 1016 2673 est
1038 2639 1161 2674 aetatis
1183 2651 1269 2676 anno
1293 2650 1380 2676 xnu-
