1838 3230
426 168 1059 219 CHRONOGRAPHIA.
1115 168 1266 214 L.1x.
1360 151 1365 156 ”
1482 174 1582 221 219

109 288 255 347 αῧτῆν,
276 288 468 347 δηλιι’σας
485 294 539 349 τῇ
549 286 798 349 Κλεοπάτρᾳ
820 291 964 332 δοῦναι
986 288 1061 345 τὴν
1080 287 1218 332 πόλιν
1246 288 1334 347 ᾔδει
1353 288 1432 345 γὰρ
1454 288 1583 346 αὗτὴν
1608 298 1641 333 Ο
1665 299 1734 335 282

107 358 254 419 πρῴην
273 360 378 414 μετὰ
397 364 474 404 τοῦ
495 360 712 416 Καίσαρος
729 357 900 401 Ἰουλίου
919 359 983 400 ἐπὶ
1004 358 1079 413 τὴν
1106 358 1315 414 Αἴγυπτον
1335 356 1484 402 ἐλθών.
1555 357 1581 414 ἦ
1606 367 1639 403 D

109 429 158 472 δὲ
173 426 426 487 Κλεοπάτρα
442 426 720 485 ἀπεδήλωσεν
739 427 868 486 αὐτῷ,
887 425 1209 470 ὖπονοθεύσασα
1229 425 1368 480 αὐτόν,
1400 425 1456 478 ὥς
1479 428 1583 485 ἐρῶ-

109 513 167 541 σα
183 495 325 542 αὐτοῦ.
394 495 417 542 ὅ
437 492 512 542 οὖν
527 494 741 547 Ἀντώνιος
760 494 960 552 ἠπατήθη
982 497 1047 539 καὶ
1067 495 1186 552 ἔρωτι
1202 498 1375 552 βληθεὶς
1394 497 1582 553 ἐφίλησεν

77 565 242 622 δαῦτὴν
261 567 330 610 καὶ
348 563 529 623 ὑπετάγη
551 565 670 623 αὐτῇ.
724 560 774 621 ἦν
795 565 840 608 δὲ
860 565 1091 620 κονδοειδὴς
1111 563 1137 621 ἦ
1156 563 1418 622 Κλεοπάτρα,
1439 565 1584 623 εὐπρε-

109 635 190 690 πὴς
210 636 256 679 δὲ
277 633 385 678 πάνυ
405 637 471 679 καὶ
489 632 680 690 μυστική.
751 636 817 676 καὶ
839 635 1036 690 δεξαμένη
1056 635 1127 677 τὸν
1144 632 1359 677 Ἀντώνιον
1377 635 1418 677 ἓν
1438 638 1487 691 τῇ
1506 632 1584 677 πό-

16 738 29 761 ,
109 707 169 747 λει
202 705 271 748 καὶ
299 704 353 748 τὰ
381 702 524 759 πλήθη
557 703 686 746 αὐτοῦ
715 701 906 759 ἐγαμήθη
933 703 1059 761 αὐτῷ.
1130 705 1197 745 καὶ
1231 702 1372 746 λοιπὸν
1402 701 1423 746 ὃ
1458 703 1584 754 αὐτὸς

103 772 320 823 Ἀντώνιος
336 772 478 827 λαβὼν
497 772 626 827 αὐτὴν
643 779 815 828 γυναῖκα
833 770 1101 828 ἐτυράννησεν
1117 771 1203 825 ἅμα
1223 772 1328 830 αὐτῇ
1343 770 1580 825 Ῥωμαίους.

109 842 178 884 καὶ
198 839 520 899 καταφρονήσας
541 843 606 884 καὶ
628 839 939 894 ἀποταξάμενος
962 846 1012 898 τῇ
1033 841 1160 884 αὐτοῦ
1183 843 1352 898 γυναικί,
1390 845 1441 898 τῇ
1462 841 1584 884 ἀδελ-

55 918 100 953 10
111 914 171 968 φῇ
191 914 267 954 τοῦ
283 908 534 968 Αὐγούστου
548 910 836 965 Ὀκταβιανοῦ,
859 912 926 953 καὶ
946 910 1183 966 συναγαγών
1206 909 1305 953 ἄλλο
1323 914 1486 965 πλῆθος
1505 928 1585 953 πο-

109 976 185 1033 λύ,
219 977 559 1036 προτρεψάμενος
579 979 624 1022 δὲ
645 980 710 1022 καὶ
732 979 903 1035 Πέρσας
923 981 990 1022 καὶ
1010 979 1142 1023 πολλὰ
1165 978 1306 1029 αὐτοῖς
1329 976 1586 1034 συνταξάμε-

109 1065 203 1101 νος,
242 1047 418 1104 ποιήσας
447 1052 571 1091 πλοΐα
606 1046 829 1104 δρομώνων
850 1052 1035 1102 πολλῶν,
1074 1046 1359 1098 καταπλεύσας
1377 1047 1457 1092 ἀπὸ
1471 1047 1586 1091 Ἀλε-

111 1118 326 1175 ξανδρείας
346 1115 512 1174 ὥρμησε
534 1116 640 1160 κατὰ
659 1115 870 1172 Ῥωμαίων
888 1117 992 1172 μετὰ
1019 1121 1093 1172 τῆς
1114 1115 1409 1174 Κλεοπάτρας,
1446 1134 1584 1173 παρα-
1607 1130 1640 1165 Ε

110 1190 252 1240 λαβεῖν
273 1186 348 1242 τὴν
370 1186 499 1242 αὐτὴν
511 1183 670 1242 Ῥιίμην
688 1184 954 1240 βουλόμενος,
980 1186 1048 1229 διὰ
1067 1190 1142 1241 τῆς
1161 1186 1375 1243 λεγομένης
1391 1186 1585 1245 Ἠπείρου

57 1263 102 1300 15
107 1252 264 1313 χώρας,
297 1254 435 1298 θέλων
454 1255 640 1298 ἀνελθεῖν
660 1256 701 1298 ἐν
716 1253 863 1313 Ῥώμῃ.

211 1325 299 1367 ,Καὶ
327 1325 584 1380 γνωσθείσης
614 1328 687 1379 τῆς
710 1323 905 1379 τοιαύτης
926 1325 1167 1381 τυραννίδος
1179 1324 1398 1368 Ἀντωνίου
1424 1326 1491 1367 καὶ
1513 1328 1589 1380 τῆς
1612 1335 1645 1370 Ο
1669 1337 1739 1373 283

109 1390 384 1448 Κλεοπάτρας
398 1393 441 1436 ἓν
459 1397 510 1450 τῇ
527 1390 687 1450 Ῥώμῃ,
725 1393 879 1444 εὐθέως
900 1391 921 1436 ὃ
945 1393 1069 1444 αὐτὸς
1084 1393 1355 1446 Ὄκταβιανός
1378 1391 1586 1437 ὠπλίσατο

110 1461 198 1506 κατ’
219 1461 357 1506 αὐτῶν
377 1463 446 1505 καὶ
468 1461 537 1505 διὰ
557 1461 631 1517 τὴν
652 1462 851 1506 εὐτέλειαν
871 1467 946 1517 τῆς
970 1460 1098 1506 αὑτοῦ
1121 1462 1323 1520 ἀδελφῆς,
1361 1461 1424 1506 ὅτι
1454 1481 1587 1521 περιε-

111 1527 316 1591 φρόνησεν
335 1531 466 1586 αὐτὴν
484 1529 505 1575 ὅ
525 1530 649 1581 αὐτὸς
669 1530 896 1582 Ἀντώνιος.
969 1533 1036 1575 καὶ
1060 1531 1204 1586 ἔλαβεν
1228 1530 1248 1574 ὁ
1272 1531 1396 1582 αὐτὸς
1416 1532 1588 1588 Αὕγου·

55 1605 210 1650 maroc
229 1600 460 1657 στρατηγὸν
481 1598 672 1654 δυνατόν,
711 1602 754 1643 ἐκ
776 1605 849 1657 τῆς
872 1599 1101 1657 συγκλήτου
1125 1599 1419 1655 ἐπιλεξάμενος,
1455 1599 1588 1658 Ma'p-
1612 1612 1644 1647 V
1667 1614 1713 1650 93

113 1686 186 1712 κον
207 1669 431 1725 Ἀγρίππαν
457 1666 652 1723 ὀνόματι,
701 1672 769 1712 καὶ
799 1670 950 1723 ἔζευξεν
981 1669 1094 1728 αὐτῷ
1126 1670 1200 1725 τὴν
1231 1668 1381 1713 ἑαυτοῦ
1409 1670 1592 1728 ἀδελφὴν

107 1738 344 1792 Ὀκταρἰάν.
416 1739 484 1781 καὶ
506 1737 696 1794 ὥρμησεν
726 1739 807 1781 ἀπὸ
830 1743 904 1794 τῆς
920 1737 1079 1794 Ῥώμης
1103 1737 1189 1793 ἅμα
1211 1742 1269 1798 τῷ
1291 1738 1402 1798 αὐτῷ
1423 1739 1588 1796 Ἀγρίπ-

113 1824 173 1867 πᾳ
197 1810 413 1865 στρατηγῷ
437 1808 504 1849 καὶ
532 1812 835 1863 στρατιωτικῶν
865 1805 1076 1861 δυνάμεων
1106 1807 1247 1851 αὐτοῦ.
1319 1810 1386 1850 καὶ
1416 1807 1589 1864 φθάσας

111 1875 189 1932 τὴν
201 1875 399 1934 Ἤπειρον
424 1873 567 1932 χώραν
601 1877 656 1925 εἷς
684 1874 812 1919 τόπον
842 1874 1056 1933 λεγόμενον
1087 1875 1312 1933 Λευκάτην
1346 1877 1588 1936 συνέκρουσε

205 1987 239 2023 1.
261 1982 344 2033 ᾔδει
361 1985 442 2028 Ch„
461 1980 535 2031 ἤδη
555 1985 623 2020 ΟΧ.
678 1986 712 2022 3.
735 1982 1039 2031 ὑπονοθεύσασα]
1059 1982 1356 2024 ὑπονοθούσασα
1372 1988 1439 2023 Ox.
1495 1987 1527 2022 7.
1551 1988 1588 2024 ἐ-

202 2031 358 2079 γαμήθη
376 2032 453 2076 ch„
477 2030 681 2078 ήγαμήθην
699 2033 766 2067 Ox.
825 2034 879 2069 12.
903 2032 1095 2079 δρομάνων
1116 2034 1184 2069 Ox.
1240 2034 1296 2071 17.
1321 2031 1498 2071 ὁπλίσατο
1517 2035 1587 2071 Ox.

113 2123 306 2171 Cleopatra
326 2123 534 2172 postulabat.
584 2124 649 2159 llla
674 2135 757 2160 vero
784 2125 929 2159 Ant-onio
954 2128 1074 2168 antea,
1107 2137 1184 2161 cum
1208 2127 1390 2162 Caesarem
1414 2127 1450 2162 in
1471 2128 1588 2173 Aegy-

115 2175 211 2217 ptum
235 2171 418 2206 comitatus
441 2175 513 2213 est,
538 2171 620 2205 satis
643 2177 747 2213 nota,
771 2171 881 2204 literis
901 2171 1102 2207 adulatoriis
1126 2184 1199 2207 eum
1222 2173 1438 2215 sollicitavit3
1470 2174 1588 2219 suique

115 2227 231 2252 amore
254 2217 392 2252 tandem
426 2223 584 2262 captum,
629 2216 760 2262 sibique
782 2217 949 2253 subditum
972 2218 1102 2253 habuit.
1149 2219 1238 2254 Erat
1265 2225 1377 2255 autem
1401 2220 1591 2265 Cleopatra

114 2266 250 2298 statura
272 2267 384 2306 curta,
410 2263 520 2298 forma
542 2274 625 2298 vero
649 2263 893 2310 praecellente,
916 2263 1123 2310 ingenioque
1141 2266 1267 2300 subtili.
1315 2266 1497 2300 Antonium
1520 2266 1590 2300 ita-

115 2320 200 2354 que,
224 2309 480 2354 exercitumque
503 2309 576 2354 ejus
600 2309 635 2343 in
658 2311 774 2344 urbem
798 2309 983 2355 recipiens,
1015 2310 1123 2357 ipsum
1146 2310 1210 2346 sibi
1233 2312 1369 2358 accepit
1391 2313 1590 2357 conjugem3

115 2353 265 2400 novique
298 2354 458 2401 deinceps
489 2367 564 2389 eam
596 2355 680 2389 fecit
705 2356 867 2390 Antonius
897 2355 1031 2402 imperii
1062 2364 1274 2400 consortem3
1321 2370 1431 2392 uxore
1462 2358 1590 2403 priore,

115 2399 173 2437 Au'
194 2400 259 2436 usti
280 2412 419 2443 sorore,
458 2404 576 2447 spreta
598 2401 861 2448 repudiataque.
917 2403 1082 2438 Antonius
1105 2403 1250 2447 deinde,
1289 2404 1418 2439 coactis
1440 2403 1591 2450 undique

116 2457 157 2480 co
196 2444 224 2480 is
247 2458 330 2493 quas
352 2447 468 2493 potuit
490 2447 660 2491 maximis,
683 2448 798 2483 Persis
822 2460 959 2494 quoque
981 2449 1017 2483 in
1034 2449 1118 2484 belli
1139 2450 1357 2493 societatem,
1382 2449 1500 2485 liberis
1524 2450 1592 2484 suis

116 2502 162 2537 po
176 2488 420 2530 licitationibus
444 2493 601 2528 adductis
612 2505 629 2542 ς]
668 2493 834 2530 confectis
866 2494 1017 2541 plurimis
1040 2495 1204 2539 navibus,
1239 2497 1375 2530 classem
1399 2496 1464 2529 sibi
1487 2496 1592 2531 ador·-

116 2539 191 2571 nat.
235 2538 444 2574 Alexandria
467 2551 552 2575 vero
567 2565 578 2582 ,
603 2551 671 2574 una
695 2552 767 2575 cum
792 2540 1000 2587 Cleopatra,
1025 2542 1175 2585 solvens,
1199 2542 1234 2576 in
1256 2542 1424 2576 Romanas
1449 2541 1591 2578 ditiones

117 2582 279 2628 impetum
302 2585 404 2620 fecitz
446 2585 610 2631 urbisque
632 2586 737 2631 ipsius
761 2587 949 2632 potiundae
971 2600 1032 2634 spe
1056 2589 1185 2630 fretus,
1221 2599 1284 2634 per
1306 2586 1453 2633 Epirum
1475 2588 1592 2634 regio-

116 2640 193 2665 nem
217 2641 349 2665 cursum
372 2642 465 2667 suum
490 2632 616 2666 ducere
638 2631 800 2667 instituit.

213 2679 380 2720 Augustus
403 2681 517 2712 autem
542 2677 678 2723 cognito
701 2679 843 2714 Antonii
867 2683 903 2714 et
919 2679 1131 2727 Cleopatrae
1155 2678 1315 2721 consilio3
1341 2683 1376 2714 et
1398 2679 1492 2714 urbis
1509 2692 1591 2715 con-

117 2721 328 2764 servandae,
359 2723 566 2769 sororisque,
599 2725 642 2758 ab
666 2725 814 2760 Antonio
839 2730 1000 2772 spretae,
1034 2725 1261 2760 vindicandae
1288 2737 1410 2768 causa,
1451 2730 1487 2760 et
1515 2726 1591 2772 ipse

118 2777 214 2801 arma
237 2769 349 2802 sumit.
396 2767 539 2803 Deiecto
562 2768 683 2815 itaque
706 2770 769 2805 sibi
793 2771 890 2806 Duce
914 2783 953 2806 ex
980 2771 1202 2807 Senatoribus
1227 2771 1276 2805 M-
1299 2773 1475 2818 Agrippa,
1513 2772 1589 2808 viro

117 2818 255 2848 strenuo
269 2839 280 2856 ,
306 2824 490 2858 soron-eque
514 2815 666 2851 Octavia
688 2816 721 2851 ei
743 2817 779 2851 in
803 2830 942 2853 uxorem
967 2818 1070 2859 data,
1094 2818 1203 2852 Roma
1226 2816 1368 2860 relicta,
1395 2829 1467 2855 curn
1492 2831 1591 2853 exer-

116 2858 188 2894 citu
222 2865 344 2895 contra
375 2859 557 2895 Antonium
590 2861 707 2898 movit.
755 2864 908 2910 Cumque
940 2864 1146 2907 Leucatem‚
1188 2862 1290 2910 Epiri
1311 2866 1591 2911 promontorium,
