1838 3230
230 220 327 267 196
624 211 916 258 IOANNIS
946 213 1287 259 MALALAE

226 335 415 379 σίλευσαν
436 333 572 378 αὐτῶν
591 334 631 377 οἷ
653 330 890 382 Μακεδόνες
914 333 952 375 οἳ
970 334 1239 376 συνασπισταὶ
1259 337 1332 376 τοῦ
1355 332 1483 377 αὐτοῦ
1499 331 1685 385 Ἀλεξάνὸ

207 425 209 427 ·
228 405 328 459 δρου
363 402 506 452 καθώς
538 399 747 451 διετάξατο
777 399 916 450 οὕτως.
989 406 1060 456 τῆς
1080 403 1345 451 ΠΙακεδονιάς
1363 404 1427 444 καὶ
1448 406 1522 458 τῆς
1539 401 1685 457 Εὐρώ-

173 485 207 520 Ε
230 489 309 526 πης
326 469 459 526 πάσης
479 477 640 526 κρατεῖν
659 471 726 512 καὶ
755 467 980 523 βασιλεύειν
1014 472 1215 513 Φίλιππον
1251 469 1322 512 τὸν
1349 469 1526 527 ἀδελφὸν
1557 470 1684 513 αὐτοῦ

225 540 297 582 τὸν
324 540 427 581 ἴδιον
457 538 528 580 τὸν
557 539 732 591 μείζονα.
802 539 868 579 καὶ
898 538 1152 591 ἐβασίλευσεν
1181 536 1202 580 ὃ
1230 539 1453 590 Φίλιππος,
1491 539 1558 580 καὶ
1579 537 1683 592 μετὰ

228 609 431 649 Φίλιππον
453 607 684 659 ἐβασίλευσε
703 602 998 661 Κάσσανδρος,
1036 608 1101 647 καὶ
1121 605 1223 659 μετὰ
1245 604 1527 661 Κάσσανδρον
1543 606 1715 659 want-³5

223 679 372 717 λευσαν
394 674 432 715 οἳ
452 676 592 723 παῖδες
612 678 685 716 τοῦ
705 673 831 715 αὐτοῦ
853 671 1145 729 Κασσάνδρου,
1177 675 1242 715 καὶ
1263 673 1348 727 μετ’
1374 673 1524 723 αὐτοὺς
1543 675 1685 727 ἐβασί-

223 746 339 784 λευσε
359 740 621 798 Δημήτριος,
660 743 725 784 καὶ
744 740 847 794 μετὰ
864 739 1103 796 Δημήτριον
1122 742 1380 795 ἐβασίλευσεν
1400 739 1686 797 ὃἨπειρώτης

222 808 415 867 Πύῤῥος,
454 811 521 851 καὶ
548 808 652 863 μετά
680 807 850 865 Πύῤῥον
879 809 949 851 τὸν
980 808 1230 865 Ἠπειρώτην
1260 811 1491 863 ἐβασίλευσε
1517 810 1685 852 Μελέα-

220 895 317 934 γρος
335 880 401 920 καὶ
423 877 538 919 ἄλλοι
560 882 740 931 βασιλεῖς
766 875 811 926 (ἐξ
839 877 1104 930 ἐβασίλευσαν
1140 878 1215 926 ἕως
1243 882 1317 932 τῆς
1342 878 1551 930 βασιλείας
1569 881 1682 933 Περ-

79 958 112 991 O
136 956 205 992 250
228 946 329 996 σε’ως
359 949 431 988 τοῦ
454 944 719 1000 ἸΙπειρώτου.
792 947 859 987 καὶ
895 943 1111 1000 ἐκράτησεν
1139 943 1163 1000 ἦ
1197 947 1382 999 βασιλεία
1413 945 1549 988 αὐτῶν
1577 946 1680 1000 μετὰ
1694 944 1738 988 10

221 1014 296 1069 τὴν
315 1014 502 1068 τελευτὴν
519 1011 780 1070 Ἀλεξάνδρου
800 1012 866 1068 ἔτη
889 1011 982 1069 ρνζ.

100 1092 132 1126 V
156 1093 202 1128 83
328 1086 416 1136 Τῆς
444 1082 488 1123 δὲ
515 1080 730 1136 Αἰγύπτου
758 1079 890 1135 πάσης
917 1082 982 1122 καὶ
1002 1085 1074 1135 τῆς
1092 1078 1261 1135 Λιβύης
1279 1075 1330 1134 ἦν
1350 1077 1641 1135 διαταξάμενος
1660 1078 1681 1123 ὃ

221 1149 346 1199 αὐτὸς
358 1149 622 1204 Ἀλέξανδρος
641 1156 800 1205 κρατεῖν
827 1151 893 1190 καὶ
912 1147 1136 1203 βασιλεύειν
1154 1136 1412 1202 Πτολεμαῖον
1436 1148 1507 1190 τὸν
1531 1147 1682 1204 Λάγου

219 1218 291 1260 τὸν
323 1215 597 1274 ἀστρονόμον·
636 1216 680 1266 ὃς
702 1218 956 1271 ἐβασίλευσεν
982 1218 1220 1272 Αἰγυπτίων
1243 1211 1284 1258 ἐν
1307 1221 1364 1274 τῷ
1383 1220 1466 1258 τῶν
1484 1214 1682 1259 Μακεδό-

219 1303 302 1329 νων
329 1284 465 1343 κράτει
493 1285 560 1340 ἔτη
591 1282 678 1339 μβ’.
750 1282 934 1342 δεύτερος
963 1286 1007 1326 δὲ
1032 1285 1225 1339 βασιλεὺς
1252 1287 1512 1339 Πτολεμαῖος
1542 1282 1564 1327 ὅ
1592 1284 1680 1335 υἱὸς
1692 1279 1736 1328 15

221 1354 363 1397 αὐτοῦ.

315 1421 404 1463 Ἐπὶ
437 1421 480 1463 δὲ
511 1424 584 1475 τῆς
604 1419 729 1463 αὐτοῦ
750 1421 959 1475 βασιλείας
975 1423 1048 1462 τοῦ
1070 1418 1195 1461 αὗτοῢ
1216 1419 1479 1472 Πτολεμαίου
1499 1421 1574 1461 τοῢ
1590 1418 1680 1461 υἶοῦ

219 1487 370 1545 Λάγου
405 1486 725 1545 ἧρμηνεύθησαν
759 1489 800 1531 αἴ
832 1490 968 1542 βίβλοι
1001 1492 1082 1530 τῶν
1110 1487 1317 1530 Ἰουδαίων
1346 1485 1545 1542 ἑλληνιστὶ
1567 1486 1680 1543 παρὰ

179 1605 181 1607 ,
221 1561 304 1599 τῶν
346 1554 408 1610 οβ’
447 1555 702 1600 διδασκάλων
739 1556 795 1598 δι’
829 1555 989 1611 ἡμερῶν
1024 1553 1110 1609 οβ’·
1154 1550 1261 1610 ’ἦσαν
1298 1554 1376 1611 γὰρ
1414 1555 1681 1611 γεγραμμέναι

221 1623 428 1680 ἓβραϊστί·
478 1622 545 1666 οἷα
587 1629 660 1667 τοῦ
703 1624 829 1667 αὐτοῦ
861 1624 1122 1677 Πτολεμαίου
1150 1623 1428 1677 βουληθέντος
1452 1623 1736 1678 ἀναγνῶναιΞο

220 1693 279 1734 δι’
298 1691 530 1747 Ἑλληνικῆς
550 1691 738 1748 φράσεως
758 1692 830 1746 τὴν
852 1690 1023 1745 δύναμιν
1046 1695 1127 1734 τῶν
1146 1690 1377 1733 Ἰουδαϊκῶν
1392 1691 1575 1744 βιβλίων.

321 1760 446 1802 Μετὰ
467 1761 511 1802 δὲ
532 1760 605 1814 τὴν
628 1762 838 1813 βασιλειάν
863 1759 987 1802 αὐτοῦ
1012 1760 1245 1812 ἐβασίλευσε
1269 1760 1404 1813 τρίτος
1423 1762 1681 1812 Πτολεμαῖος

169 1838 200 1872 Β
224 1825 245 1870 ὃ
269 1826 526 1884 Φιλάδελφος
545 1827 613 1883 ἔτη
638 1826 711 1881 λζ’,
754 1829 820 1870 καὶ
840 1826 924 1882 μετ’
950 1827 1074 1870 αὐτὸν
1095 1827 1327 1882 ἐβασίλευσε
1350 1826 1541 1883 τέταρτος
1561 1829 1680 1869 Πτο-

313 1948 346 1982 6.
382 1945 418 1981 οἳ
447 1948 577 1987 παῖδες
603 1946 672 1982 τοῦ
695 1944 814 1982 αὐτοῦ
832 1943 1084 1990 Ἀλεξάνδρου]
1122 1945 1399 1988 „Scribendum‚
1423 1942 1676 1990 Κασσάνδρου.

312 1993 535 2026 Cassandrum
558 1992 644 2026 enim
667 1993 703 2026 in
728 2004 833 2037 regno
864 1996 1071 2038 exceperunt
1094 1992 1282 2036 Antigonus
1307 1995 1341 2025 et
1363 1991 1572 2034 Alexander,
1605 1992 1676 2036 ejus

312 2037 386 2073 filii.
432 2038 520 2071 Vide
544 2038 765 2073 Eusebium.“
788 2038 852 2072 Ch.
948 2041 1002 2075 13.
1025 2041 1260 2081 Πτολομαῖον
1283 2038 1351 2072 Ox-

222 2139 332 2181 niam,
364 2149 557 2183 omnemque
581 2140 666 2175 adeo
690 2141 887 2186 Europam,
921 2139 1100 2185 occupavit
1122 2139 1318 2185 Philippus,
1353 2138 1537 2173 Alexandri
1564 2140 1676 2174 frater

220 2191 302 2219 natu
332 2185 447 2228 major.
509 2185 667 2231 Philippo
702 2186 861 2220 successit
892 2186 1099 2220 Cassander:
1135 2186 1222 2218 hunc
1253 2189 1460 2229 exceperunt
1493 2184 1676 2219 Alexandri

220 2230 302 2264 filii:
341 2235 416 2275 post
446 2231 506 2264 hos
539 2231 696 2274 regnavit
719 2231 929 2265 Demetrius:
971 2235 1050 2276 post
1070 2229 1296 2271 Demetrium,
1333 2231 1484 2273 Pyrrhus
1507 2230 1674 2275 Epiroten

220 2276 388 2320 Pyrrhum
413 2275 546 2329 excepit
568 2275 603 2308 in
625 2287 731 2319 regno
758 2276 956 2320 Meleager3
987 2276 1198 2320 Meleagrum
1221 2286 1318 2319 reges
1341 2275 1399 2309 alii
1421 2285 1479 2316 vx,
1503 2287 1607 2319 usque
1630 2275 1674 2309 ad

219 2332 360 2365 regnum
383 2321 510 2364 Pyrrhi
532 2321 708 2365 Epirotae.
755 2321 905 2356 Duravit
926 2321 1043 2366 itaque
1067 2332 1182 2356 eorum
1204 2319 1399 2366 imperium,
1436 2324 1513 2366 post
1534 2325 1673 2354 mortem

222 2365 427 2407 Alexandri,
467 2377 570 2400 annos
594 2377 698 2400 cnvn.

313 2411 463 2456 Aegypti
496 2416 606 2446 autem
637 2410 761 2452 omnis,
799 2415 901 2456 atque
936 2412 1066 2457 Libyae
1088 2422 1203 2455 regem
1238 2410 1458 2445 constituerat
1479 2409 1673 2444 Alexander

219 2456 449 2491 Ptolomaeum
471 2457 715 2498 Astronomum,
738 2457 825 2500 Lagi
847 2457 968 2491 filium:
1003 2457 1060 2502 qui
1083 2456 1243 2501 regnavit
1266 2455 1451 2500 Aegyptiis,
1473 2455 1552 2498 jure
1575 2456 1673 2500 regni

220 2501 471 2544 Macedonico,
506 2514 611 2537 annos
633 2513 718 2536 xml.
765 2502 856 2536 Huic
879 2502 914 2536 in
948 2514 1053 2546 regno
1077 2502 1238 2536 successit
1259 2502 1474 2535 Ptolomaeus
1495 2501 1671 2544 secundus,

222 2548 294 2590 ejus
318 2547 416 2584 filius.

310 2592 536 2637 Temporibus
558 2596 669 2626 autem
690 2592 877 2627 Ptolomaei
899 2591 999 2636 regis,
1023 2592 1110 2636 Lagi
1133 2591 1207 2631 filii,
1230 2601 1340 2625 sacras
1362 2589 1565 2625 Judaeorum
1588 2590 1672 2625 scri-

220 2640 341 2682 pturas
371 2638 406 2671 in
430 2639 599 2672 Graecam
622 2638 769 2682 linguam
797 2638 1038 2672 transtulerunt
1060 2647 1157 2670 nxxn
1188 2636 1373 2677 Doctores,
1410 2635 1504 2670 intra
1527 2636 1672 2682 spatium

220 2682 351 2716 dierum
374 2694 481 2717 Lxxn.
527 2683 658 2728 Lingua
682 2683 768 2718 enim
789 2684 946 2717 Hebraea
975 2681 1102 2727 scripta
1123 2682 1260 2715 fuerunt
1282 2681 1393 2716 Biblia
1415 2681 1493 2716 illa:
1532 2692 1670 2726 quornm

220 2727 287 2760 vim
322 2729 533 2773 prehendere
564 2729 700 2775 cupiens
733 2729 967 2770 Ptolomaeus,
1001 2727 1037 2761 in
1059 2727 1228 2761 Graecam
1250 2726 1398 2771 linguam
1427 2738 1468 2762 ea
1490 2726 1670 2761 transferri

223 2773 372 2807 curavit.

309 2818 392 2852 Post
415 2819 513 2862 hujus
535 2822 693 2862 mortem,
725 2819 845 2854 tertius
867 2816 1024 2863 regnavit
1045 2818 1257 2852 Ptolomaeus
1279 2817 1540 2862 Philadelphus,
1565 2827 1667 2850 annos

220 2873 356 2897 xxxvm
394 2865 482 2898 hunc
505 2865 641 2911 excepit
674 2869 813 2911 quartus
835 2865 1047 2900 Ptolomaeus
1070 2864 1277 2909 Evergetes,
1317 2868 1353 2899 et
1382 2862 1542 2908 regnavit
1563 2871 1666 2896 annos
