<?xml version="1.0" encoding="UTF-8"?>
<!DOCTYPE html PUBLIC "-//W3C//DTD XHTML 1.0 Transitional//EN"
    "http://www.w3.org/TR/xhtml1/DTD/xhtml1-transitional.dtd">
<html xmlns="http://www.w3.org/1999/xhtml" xml:lang="en" lang="en">
 <head>
  <title>
</title>
<meta http-equiv="Content-Type" content="text/html;charset=utf-8" />
  <meta name='ocr-system' content='tesseract 3.04.00' />
  <meta name='ocr-capabilities' content='ocr_page ocr_carea ocr_par ocr_line ocrx_word'/>
</head>
<body>
  <div class='ocr_page' id='page_1' title='image "./corpusscriptorum28niebuoft_0776.png"; bbox 0 0 1838 3230; ppageno 0'>
   <div class='ocr_carea' id='block_1_1' title="bbox 301 153 1155 205">
    <p class='ocr_par' dir='ltr' id='par_1_1' title="bbox 301 153 1155 205">
     <span class='ocr_line' id='line_1_1' title="bbox 301 153 1155 205; baseline -0.008 0"><span class='ocrx_word' id='word_1_1' title='bbox 301 156 400 205; x_wconf 83' lang='lat'><strong>694</strong></span> <span class='ocrx_word' id='word_1_2' title='bbox 887 153 1155 199; x_wconf 81' lang='lat' dir='ltr'>BENTLEII</span> 
     </span>
    </p>
   </div>
   <div class='ocr_carea' id='block_1_2' title="bbox 304 265 1742 378">
    <p class='ocr_par' dir='ltr' id='par_1_2' title="bbox 304 265 1742 378">
     <span class='ocr_line' id='line_1_2' title="bbox 304 265 1742 322; baseline 0.002 -15"><span class='ocrx_word' id='word_1_3' title='bbox 304 266 571 307; x_wconf 82' lang='lat' dir='ltr'><strong>controversia</strong></span> <span class='ocrx_word' id='word_1_4' title='bbox 592 265 693 306; x_wconf 82' lang='lat' dir='ltr'><strong>desit</strong></span> <span class='ocrx_word' id='word_1_5' title='bbox 711 280 853 307; x_wconf 88' lang='lat' dir='ltr'><strong>nomen</strong></span> <span class='ocrx_word' id='word_1_6' title='bbox 870 268 1054 311; x_wconf 79' lang='lat' dir='ltr'><strong>Pastoris.</strong></span> <span class='ocrx_word' id='word_1_7' title='bbox 1109 268 1215 308; x_wconf 83' lang='lat' dir='ltr'><strong>Haec</strong></span> <span class='ocrx_word' id='word_1_8' title='bbox 1239 268 1382 320; x_wconf 82' lang='lat' dir='ltr'><strong>habui,</strong></span> <span class='ocrx_word' id='word_1_9' title='bbox 1411 268 1512 308; x_wconf 85' lang='lat' dir='ltr'><strong>Milli</strong></span> <span class='ocrx_word' id='word_1_10' title='bbox 1536 268 1742 322; x_wconf 72' lang='lat' dir='ltr'><strong>jucundis-</strong></span> 
     </span>
     <span class='ocr_line' id='line_1_3' title="bbox 304 322 1742 378; baseline 0.001 -16"><span class='ocrx_word' id='word_1_11' title='bbox 304 325 422 372; x_wconf 89' lang='lat' dir='ltr'><strong>sime&#39;,</strong></span> <span class='ocrx_word' id='word_1_12' title='bbox 454 337 552 375; x_wconf 88' lang='lat' dir='ltr'><strong>quae</strong></span> <span class='ocrx_word' id='word_1_13' title='bbox 578 322 627 362; x_wconf 85' lang='lat' dir='ltr'><strong>de</strong></span> <span class='ocrx_word' id='word_1_14' title='bbox 647 324 879 363; x_wconf 81' lang='lat' dir='ltr'><strong>Alcmaeone</strong></span> <span class='ocrx_word' id='word_1_15' title='bbox 907 331 945 364; x_wconf 90' lang='lat' dir='ltr'><strong>et</strong></span> <span class='ocrx_word' id='word_1_16' title='bbox 962 324 1237 365; x_wconf 85' lang='lat' dir='ltr'><strong>Alcmaeonide</strong></span> <span class='ocrx_word' id='word_1_17' title='bbox 1261 339 1351 375; x_wconf 86' lang='lat' dir='ltr'><strong>ore,</strong></span> <span class='ocrx_word' id='word_1_18' title='bbox 1393 331 1440 364; x_wconf 87' lang='lat' dir='ltr'><strong>ut</strong></span> <span class='ocrx_word' id='word_1_19' title='bbox 1470 326 1631 378; x_wconf 77' lang='lat' dir='ltr'><strong>opinor,</strong></span> <span class='ocrx_word' id='word_1_20' title='bbox 1663 325 1742 364; x_wconf 83' lang='lat' dir='ltr'><strong>alio</strong></span> 
     </span>
    </p>
   </div>
   <div class='ocr_carea' id='block_1_3' title="bbox 271 379 1743 432">
    <p class='ocr_par' dir='ltr' id='par_1_3' title="bbox 271 379 1743 432">
     <span class='ocr_line' id='line_1_4' title="bbox 271 379 1743 432; baseline 0 -13"><span class='ocrx_word' id='word_1_21' title='bbox 271 430 273 432; x_wconf 14' lang='lat' dir='ltr'>q</span> <span class='ocrx_word' id='word_1_22' title='bbox 303 380 454 419; x_wconf 88' lang='lat' dir='ltr'><strong>indicta</strong></span> <span class='ocrx_word' id='word_1_23' title='bbox 473 379 664 418; x_wconf 83' lang='lat' dir='ltr'><strong>dicerem:</strong></span> <span class='ocrx_word' id='word_1_24' title='bbox 697 394 775 418; x_wconf 91' lang='lat' dir='ltr'><strong>non</strong></span> <span class='ocrx_word' id='word_1_25' title='bbox 805 380 905 418; x_wconf 92' lang='lat' dir='ltr'><strong>enim</strong></span> <span class='ocrx_word' id='word_1_26' title='bbox 933 380 1064 432; x_wconf 84' lang='lat' dir='ltr'><strong>placet</strong></span> <span class='ocrx_word' id='word_1_27' title='bbox 1092 394 1227 419; x_wconf 89' lang='lat' dir='ltr'><strong>eorum</strong></span> <span class='ocrx_word' id='word_1_28' title='bbox 1253 381 1374 431; x_wconf 86' lang='lat' dir='ltr'><strong>ratio,</strong></span> <span class='ocrx_word' id='word_1_29' title='bbox 1403 381 1472 432; x_wconf 87' lang='lat' dir='ltr'><strong>qui</strong></span> <span class='ocrx_word' id='word_1_30' title='bbox 1497 394 1586 421; x_wconf 88' lang='lat' dir='ltr'><strong>cum</strong></span> <span class='ocrx_word' id='word_1_31' title='bbox 1613 394 1743 420; x_wconf 87' lang='lat' dir='ltr'><strong>merae</strong></span> 
     </span>
    </p>
   </div>
   <div class='ocr_carea' id='block_1_4' title="bbox 186 1934 282 1971">
    <p class='ocr_par' dir='ltr' id='par_1_4' title="bbox 186 1934 282 1971">
     <span class='ocr_line' id='line_1_5' title="bbox 186 1934 282 1971; baseline 0.01 -2"><span class='ocrx_word' id='word_1_32' title='bbox 186 1934 282 1971; x_wconf 74' lang='lat'><strong>021</strong></span> 
     </span>
    </p>
   </div>
   <div class='ocr_carea' id='block_1_5' title="bbox 190 2318 288 2355">
    <p class='ocr_par' dir='ltr' id='par_1_5' title="bbox 190 2318 288 2355">
     <span class='ocr_line' id='line_1_6' title="bbox 190 2318 288 2355; baseline 0.051 -5"><span class='ocrx_word' id='word_1_33' title='bbox 190 2318 288 2355; x_wconf 84' lang='lat' dir='ltr'><strong>v13</strong></span> 
     </span>
    </p>
   </div>
   <div class='ocr_carea' id='block_1_6' title="bbox 304 435 1748 1209">
    <p class='ocr_par' dir='ltr' id='par_1_6' title="bbox 304 435 1742 544">
     <span class='ocr_line' id='line_1_7' title="bbox 305 435 1742 490; baseline 0.001 -16"><span class='ocrx_word' id='word_1_34' title='bbox 305 435 528 474; x_wconf 84' lang='lat' dir='ltr'><strong>corniculae</strong></span> <span class='ocrx_word' id='word_1_35' title='bbox 548 435 651 485; x_wconf 86' lang='lat' dir='ltr'><strong>sint,</strong></span> <span class='ocrx_word' id='word_1_36' title='bbox 680 436 929 475; x_wconf 79' lang='lat' dir='ltr'><strong>emendicatis</strong></span> <span class='ocrx_word' id='word_1_37' title='bbox 951 436 1043 475; x_wconf 89' lang='lat' dir='ltr'><strong>hinc</strong></span> <span class='ocrx_word' id='word_1_38' title='bbox 1067 436 1159 476; x_wconf 86' lang='lat' dir='ltr'><strong>inde</strong></span> <span class='ocrx_word' id='word_1_39' title='bbox 1179 437 1324 490; x_wconf 87' lang='lat' dir='ltr'><strong>plumis</strong></span> <span class='ocrx_word' id='word_1_40' title='bbox 1345 449 1547 488; x_wconf 85' lang='lat' dir='ltr'><strong>germanos</strong></span> <span class='ocrx_word' id='word_1_41' title='bbox 1567 449 1742 489; x_wconf 75' lang='lat' dir='ltr'><strong>pavones</strong></span> 
     </span>
     <span class='ocr_line' id='line_1_8' title="bbox 304 492 616 544; baseline -0.007 -14"><span class='ocrx_word' id='word_1_42' title='bbox 304 505 345 530; x_wconf 84' lang='lat' dir='ltr'><strong>se</strong></span> <span class='ocrx_word' id='word_1_43' title='bbox 366 492 616 544; x_wconf 83' lang='lat' dir='ltr'><strong>pollicentur.</strong></span> 
     </span>
    </p>

    <p class='ocr_par' dir='ltr' id='par_1_7' title="bbox 304 545 1748 1209">
     <span class='ocr_line' id='line_1_9' title="bbox 417 545 1744 598; baseline 0.001 -13"><span class='ocrx_word' id='word_1_44' title='bbox 417 548 506 596; x_wconf 85' lang='lat' dir='ltr'><strong>Pag.</strong></span> <span class='ocrx_word' id='word_1_45' title='bbox 535 545 626 589; x_wconf 84' lang='lat'><strong>104.</strong></span> <span class='ocrx_word' id='word_1_46' title='bbox 661 546 783 585; x_wconf 80' lang='lat' dir='ltr'><strong>Multa</strong></span> <span class='ocrx_word' id='word_1_47' title='bbox 817 553 951 587; x_wconf 84' lang='lat' dir='ltr'><strong>narrat</strong></span> <span class='ocrx_word' id='word_1_48' title='bbox 979 547 1137 586; x_wconf 87' lang='lat' dir='ltr'><strong>Malelas</strong></span> <span class='ocrx_word' id='word_1_49' title='bbox 1167 547 1215 587; x_wconf 89' lang='lat' dir='ltr'><strong>de</strong></span> <span class='ocrx_word' id='word_1_50' title='bbox 1244 549 1411 598; x_wconf 78' lang='lat' dir='ltr'><strong>Proeto,</strong></span> <span class='ocrx_word' id='word_1_51' title='bbox 1438 547 1682 587; x_wconf 75' lang='lat' dir='ltr'><strong>Stheneboea</strong></span> <span class='ocrx_word' id='word_1_52' title='bbox 1704 554 1744 587; x_wconf 88' lang='lat' dir='ltr'><strong>et</strong></span> 
     </span>
     <span class='ocr_line' id='line_1_10' title="bbox 305 599 1742 668; baseline 0.001 -25"><span class='ocrx_word' id='word_1_53' title='bbox 305 602 630 668; x_wconf 82' lang='lat' dir='ltr'><strong>Bellerophonte,</strong></span> <span class='ocrx_word' id='word_1_54' title='bbox 661 601 801 650; x_wconf 75' lang='grc' dir='ltr'><em>καθώς</em></span> <span class='ocrx_word' id='word_1_55' title='bbox 833 599 1105 656; x_wconf 82' lang='grc' dir='ltr'><em>συνεγράψατο</em></span> <span class='ocrx_word' id='word_1_56' title='bbox 1132 600 1357 656; x_wconf 74' lang='grc' dir='ltr'><em>Εὐριπίδης</em></span> <span class='ocrx_word' id='word_1_57' title='bbox 1385 603 1410 644; x_wconf 78' lang='grc' dir='ltr'><em>ὁ</em></span> <span class='ocrx_word' id='word_1_58' title='bbox 1427 601 1606 657; x_wconf 77' lang='grc' dir='ltr'><em>τραγικος</em></span> <span class='ocrx_word' id='word_1_59' title='bbox 1626 618 1742 655; x_wconf 83' lang='grc' dir='ltr'><em>ποιη-</em></span> 
     </span>
     <span class='ocr_line' id='line_1_11' title="bbox 305 654 1743 711; baseline 0 -14"><span class='ocrx_word' id='word_1_60' title='bbox 305 674 377 709; x_wconf 82' lang='grc' dir='ltr'><strong>της</strong></span> <span class='ocrx_word' id='word_1_61' title='bbox 397 654 605 710; x_wconf 81' lang='grc' dir='ltr'><em>πληρωσας</em></span> <span class='ocrx_word' id='word_1_62' title='bbox 633 655 676 698; x_wconf 82' lang='grc' dir='ltr'><strong>τὸ</strong></span> <span class='ocrx_word' id='word_1_63' title='bbox 708 659 850 709; x_wconf 79' lang='grc' dir='ltr'><em>δρᾶμα.</em></span> <span class='ocrx_word' id='word_1_64' title='bbox 905 659 1084 710; x_wconf 87' lang='lat' dir='ltr'><strong>Intellige</strong></span> <span class='ocrx_word' id='word_1_65' title='bbox 1111 659 1161 698; x_wconf 87' lang='lat' dir='ltr'><strong>de</strong></span> <span class='ocrx_word' id='word_1_66' title='bbox 1185 660 1315 698; x_wconf 83' lang='lat' dir='ltr'><strong>fabula</strong></span> <span class='ocrx_word' id='word_1_67' title='bbox 1343 658 1600 709; x_wconf 73' lang='lat' dir='ltr'><strong>Stheneboea,</strong></span> <span class='ocrx_word' id='word_1_68' title='bbox 1630 660 1743 711; x_wconf 77' lang='lat' dir='ltr'><strong>cujus</strong></span> 
     </span>
     <span class='ocr_line' id='line_1_12' title="bbox 306 712 1743 765; baseline 0 -13"><span class='ocrx_word' id='word_1_69' title='bbox 306 714 452 753; x_wconf 89' lang='lat' dir='ltr'><strong>mentio</strong></span> <span class='ocrx_word' id='word_1_70' title='bbox 484 713 528 751; x_wconf 88' lang='lat' dir='ltr'><strong>fit</strong></span> <span class='ocrx_word' id='word_1_71' title='bbox 556 712 662 764; x_wconf 85' lang='lat' dir='ltr'><strong>apud</strong></span> <span class='ocrx_word' id='word_1_72' title='bbox 698 713 958 765; x_wconf 84' lang='lat' dir='ltr'><strong>Athenaeum,</strong></span> <span class='ocrx_word' id='word_1_73' title='bbox 996 715 1230 764; x_wconf 78' lang='lat' dir='ltr'><strong>stobaeum,</strong></span> <span class='ocrx_word' id='word_1_74' title='bbox 1273 715 1380 755; x_wconf 84' lang='lat' dir='ltr'><strong>alios.</strong></span> <span class='ocrx_word' id='word_1_75' title='bbox 1445 715 1571 753; x_wconf 74' lang='lat' dir='ltr'><strong>Julius</strong></span> <span class='ocrx_word' id='word_1_76' title='bbox 1601 714 1743 754; x_wconf 83' lang='lat' dir='ltr'><strong>Pollux</strong></span> 
     </span>
     <span class='ocr_line' id='line_1_13' title="bbox 305 746 1744 834; baseline 0 -26"><span class='ocrx_word' id='word_1_77' title='bbox 305 767 376 809; x_wconf 90' lang='lat' dir='ltr'><strong>lib.</strong></span> <span class='ocrx_word' id='word_1_78' title='bbox 401 773 440 810; x_wconf 82' lang='lat'><strong>3.</strong></span> <span class='ocrx_word' id='word_1_79' title='bbox 467 783 552 821; x_wconf 88' lang='lat' dir='ltr'><strong>cap.</strong></span> <span class='ocrx_word' id='word_1_80' title='bbox 576 769 615 811; x_wconf 82' lang='grc'><strong>4.</strong></span> <span class='ocrx_word' id='word_1_81' title='bbox 645 769 815 822; x_wconf 79' lang='grc' dir='ltr'><em>Εἴρηται</em></span> <span class='ocrx_word' id='word_1_82' title='bbox 834 769 877 810; x_wconf 85' lang='grc' dir='ltr'><strong>δὲ</strong></span> <span class='ocrx_word' id='word_1_83' title='bbox 894 767 1089 822; x_wconf 78' lang='grc' dir='ltr'><em>ξεναπάτη</em></span> <span class='ocrx_word' id='word_1_84' title='bbox 1106 786 1185 824; x_wconf 82' lang='grc' dir='ltr'><strong>παρ</strong></span> <span class='ocrx_word' id='word_1_85' title='bbox 1191 746 1436 834; x_wconf 55' lang='grc' dir='ltr'><em>’,Εὐριπίδῃ</em></span> <span class='ocrx_word' id='word_1_86' title='bbox 1492 771 1643 808; x_wconf 81' lang='lat' dir='ltr'><strong>Nomen</strong></span> <span class='ocrx_word' id='word_1_87' title='bbox 1658 776 1744 809; x_wconf 85' lang='lat' dir='ltr'><strong>tra—</strong></span> 
     </span>
     <span class='ocr_line' id='line_1_14' title="bbox 306 824 1744 876; baseline 0.001 -14"><span class='ocrx_word' id='word_1_88' title='bbox 306 825 469 876; x_wconf 86' lang='lat' dir='ltr'><strong>goediae</strong></span> <span class='ocrx_word' id='word_1_89' title='bbox 493 838 573 864; x_wconf 89' lang='lat' dir='ltr'><strong>non</strong></span> <span class='ocrx_word' id='word_1_90' title='bbox 603 832 905 874; x_wconf 74' lang='lat' dir='ltr'><strong>commemorat3</strong></span> <span class='ocrx_word' id='word_1_91' title='bbox 942 826 1098 864; x_wconf 85' lang='lat' dir='ltr'><strong>aliunde</strong></span> <span class='ocrx_word' id='word_1_92' title='bbox 1123 833 1252 865; x_wconf 86' lang='lat' dir='ltr'><strong>tamen</strong></span> <span class='ocrx_word' id='word_1_93' title='bbox 1278 827 1420 865; x_wconf 81' lang='lat' dir='ltr'><strong>scimus</strong></span> <span class='ocrx_word' id='word_1_94' title='bbox 1451 824 1554 864; x_wconf 82' lang='lat' dir='ltr'><strong>hanc</strong></span> <span class='ocrx_word' id='word_1_95' title='bbox 1585 839 1668 864; x_wconf 85' lang='lat' dir='ltr'><strong>esse</strong></span> <span class='ocrx_word' id='word_1_96' title='bbox 1692 825 1744 864; x_wconf 85' lang='lat' dir='ltr'><strong>de</strong></span> 
     </span>
     <span class='ocr_line' id='line_1_15' title="bbox 306 877 1745 932; baseline 0.003 -14"><span class='ocrx_word' id='word_1_97' title='bbox 306 895 384 932; x_wconf 86' lang='lat' dir='ltr'><strong>qua</strong></span> <span class='ocrx_word' id='word_1_98' title='bbox 412 881 585 930; x_wconf 76' lang='lat' dir='ltr'><strong>agimus,</strong></span> <span class='ocrx_word' id='word_1_99' title='bbox 616 879 907 920; x_wconf 80' lang='lat' dir='ltr'><strong>Stheneboeam.</strong></span> <span class='ocrx_word' id='word_1_100' title='bbox 965 877 1214 932; x_wconf 80' lang='grc' dir='ltr'><em>Ξεναπάτας,</em></span> <span class='ocrx_word' id='word_1_101' title='bbox 1250 882 1302 921; x_wconf 86' lang='lat' dir='ltr'><strong>ait</strong></span> <span class='ocrx_word' id='word_1_102' title='bbox 1330 881 1492 920; x_wconf 80' lang='lat' dir='ltr'><strong>Photius</strong></span> <span class='ocrx_word' id='word_1_103' title='bbox 1521 881 1603 924; x_wconf 89' lang='lat' dir='ltr'><strong>MS.</strong></span> <span class='ocrx_word' id='word_1_104' title='bbox 1633 881 1745 929; x_wconf 79' lang='grc' dir='ltr'><em>ἰδίως</em></span> 
     </span>
     <span class='ocr_line' id='line_1_16' title="bbox 305 933 1745 989; baseline -0.001 -12"><span class='ocrx_word' id='word_1_105' title='bbox 305 936 371 977; x_wconf 76' lang='grc' dir='ltr'><strong>ἐπὶ</strong></span> <span class='ocrx_word' id='word_1_106' title='bbox 394 952 475 976; x_wconf 90' lang='grc' dir='ltr'><em>των</em></span> <span class='ocrx_word' id='word_1_107' title='bbox 505 965 655 975; x_wconf 88' lang='grc'><strong>......</strong></span> <span class='ocrx_word' id='word_1_108' title='bbox 685 933 780 976; x_wconf 85' lang='grc' dir='ltr'><em>όταν</em></span> <span class='ocrx_word' id='word_1_109' title='bbox 809 953 864 989; x_wconf 83' lang='grc' dir='ltr'><strong>μη</strong></span> <span class='ocrx_word' id='word_1_110' title='bbox 894 940 1066 978; x_wconf 85' lang='grc' dir='ltr'><em>τοιοῦτοι</em></span> <span class='ocrx_word' id='word_1_111' title='bbox 1097 937 1269 978; x_wconf 84' lang='grc' dir='ltr'><em>πνέωσιν</em></span> <span class='ocrx_word' id='word_1_112' title='bbox 1298 935 1437 989; x_wconf 68' lang='grc' dir='ltr'><em>ἄνεμοι</em></span> <span class='ocrx_word' id='word_1_113' title='bbox 1455 937 1498 979; x_wconf 80' lang='grc' dir='ltr'><em>ἐν</em></span> <span class='ocrx_word' id='word_1_114' title='bbox 1518 941 1601 984; x_wconf 82' lang='grc' dir='ltr'><em>τοῖς</em></span> <span class='ocrx_word' id='word_1_115' title='bbox 1623 934 1745 977; x_wconf 81' lang='grc' dir='ltr'><em>πελά-</em></span> 
     </span>
     <span class='ocr_line' id='line_1_17' title="bbox 304 989 1746 1059; baseline 0 -27"><span class='ocrx_word' id='word_1_116' title='bbox 304 1004 437 1058; x_wconf 60' lang='lat' dir='ltr'><strong>yson»,</strong></span> <span class='ocrx_word' id='word_1_117' title='bbox 468 991 597 1033; x_wconf 84' lang='grc' dir='ltr'><em>ὁποῖοι</em></span> <span class='ocrx_word' id='word_1_118' title='bbox 614 991 656 1032; x_wconf 81' lang='grc' dir='ltr'><em>ἐν</em></span> <span class='ocrx_word' id='word_1_119' title='bbox 673 995 755 1039; x_wconf 83' lang='grc' dir='ltr'><em>τοῖς</em></span> <span class='ocrx_word' id='word_1_120' title='bbox 776 993 937 1044; x_wconf 86' lang='grc' dir='ltr'><em>λιμέσιν.</em></span> <span class='ocrx_word' id='word_1_121' title='bbox 994 989 1220 1045; x_wconf 70' lang='grc' dir='ltr'><em>Εὐριπίδης</em></span> <span class='ocrx_word' id='word_1_122' title='bbox 1235 993 1470 1059; x_wconf 83' lang='grc' dir='ltr'><em>Σθενεβοία.</em></span> <span class='ocrx_word' id='word_1_123' title='bbox 1532 993 1599 1040; x_wconf 87' lang='grc' dir='ltr'><strong>Τίς</strong></span> <span class='ocrx_word' id='word_1_124' title='bbox 1619 990 1746 1046; x_wconf 83' lang='grc' dir='ltr'><em>ανδροι</em></span> 
     </span>
     <span class='ocr_line' id='line_1_18' title="bbox 305 1033 1748 1100; baseline -0.001 -13"><span class='ocrx_word' id='word_1_125' title='bbox 305 1063 395 1087; x_wconf 90' lang='grc' dir='ltr'><em>τινα</em></span> <span class='ocrx_word' id='word_1_126' title='bbox 423 1045 653 1095; x_wconf 81' lang='grc' dir='ltr'><em>ξεναπάταν.</em></span> <span class='ocrx_word' id='word_1_127' title='bbox 710 1048 844 1086; x_wconf 87' lang='lat' dir='ltr'><strong>Scribe</strong></span> <span class='ocrx_word' id='word_1_128' title='bbox 871 1055 999 1087; x_wconf 83' lang='lat' dir='ltr'><strong>autem</strong></span> <span class='ocrx_word' id='word_1_129' title='bbox 1029 1049 1069 1086; x_wconf 91' lang='lat' dir='ltr'><strong>in</strong></span> <span class='ocrx_word' id='word_1_130' title='bbox 1099 1050 1260 1087; x_wconf 88' lang='lat' dir='ltr'><strong>Polluce</strong></span> <span class='ocrx_word' id='word_1_131' title='bbox 1285 1033 1513 1100; x_wconf 78' lang='grc' dir='ltr'><em>ξεναπάτης.</em></span> <span class='ocrx_word' id='word_1_132' title='bbox 1568 1049 1748 1100; x_wconf 84' lang='lat' dir='ltr'><strong>Apparet</strong></span> 
     </span>
     <span class='ocr_line' id='line_1_19' title="bbox 305 1103 1746 1156; baseline 0.001 -16"><span class='ocrx_word' id='word_1_133' title='bbox 305 1103 359 1140; x_wconf 83' lang='lat' dir='ltr'><strong>ita</strong></span> <span class='ocrx_word' id='word_1_134' title='bbox 379 1103 654 1153; x_wconf 83' lang='lat' dir='ltr'><strong>corrigendum</strong></span> <span class='ocrx_word' id='word_1_135' title='bbox 674 1116 777 1150; x_wconf 87' lang='lat' dir='ltr'><strong>esse,</strong></span> <span class='ocrx_word' id='word_1_136' title='bbox 809 1117 898 1143; x_wconf 87' lang='lat' dir='ltr'><strong>cum</strong></span> <span class='ocrx_word' id='word_1_137' title='bbox 919 1118 969 1143; x_wconf 85' lang='lat' dir='ltr'><strong>ex</strong></span> <span class='ocrx_word' id='word_1_138' title='bbox 988 1104 1169 1143; x_wconf 84' lang='lat' dir='ltr'><strong>hocloco</strong></span> <span class='ocrx_word' id='word_1_139' title='bbox 1189 1104 1340 1152; x_wconf 80' lang='lat' dir='ltr'><strong>Photii3</strong></span> <span class='ocrx_word' id='word_1_140' title='bbox 1366 1111 1451 1145; x_wconf 88' lang='lat' dir='ltr'><strong>tum</strong></span> <span class='ocrx_word' id='word_1_141' title='bbox 1480 1117 1530 1142; x_wconf 88' lang='lat' dir='ltr'><strong>ex</strong></span> <span class='ocrx_word' id='word_1_142' title='bbox 1545 1104 1746 1156; x_wconf 81' lang='lat' dir='ltr'><strong>Euripidis</strong></span> 
     </span>
     <span class='ocr_line' id='line_1_20' title="bbox 305 1158 1747 1209; baseline 0.001 -13"><span class='ocrx_word' id='word_1_143' title='bbox 305 1158 460 1207; x_wconf 85' lang='lat' dir='ltr'><strong>Medea,</strong></span> <span class='ocrx_word' id='word_1_144' title='bbox 490 1172 590 1209; x_wconf 88' lang='lat' dir='ltr'><strong>quae</strong></span> <span class='ocrx_word' id='word_1_145' title='bbox 618 1159 659 1196; x_wconf 87' lang='lat' dir='ltr'><strong>in</strong></span> <span class='ocrx_word' id='word_1_146' title='bbox 687 1166 861 1197; x_wconf 87' lang='lat' dir='ltr'><strong>extrema</strong></span> <span class='ocrx_word' id='word_1_147' title='bbox 886 1160 1020 1198; x_wconf 77' lang='lat' dir='ltr'><strong>fabula</strong></span> <span class='ocrx_word' id='word_1_148' title='bbox 1044 1160 1100 1199; x_wconf 88' lang='lat' dir='ltr'><strong>sic</strong></span> <span class='ocrx_word' id='word_1_149' title='bbox 1134 1161 1264 1198; x_wconf 84' lang='lat' dir='ltr'><strong>Jasoni</strong></span> <span class='ocrx_word' id='word_1_150' title='bbox 1287 1160 1497 1198; x_wconf 87' lang='lat' dir='ltr'><strong>convitium</strong></span> <span class='ocrx_word' id='word_1_151' title='bbox 1523 1159 1640 1207; x_wconf 84' lang='lat' dir='ltr'><strong>facit,</strong></span> <span class='ocrx_word' id='word_1_152' title='bbox 1680 1160 1747 1206; x_wconf 86' lang='grc' dir='ltr'><strong>Τίς</strong></span> 
     </span>
    </p>
   </div>
   <div class='ocr_carea' id='block_1_7' title="bbox 307 1210 1750 2816">
    <p class='ocr_par' dir='ltr' id='par_1_8' title="bbox 307 1210 1746 1319">
     <span class='ocr_line' id='line_1_21' title="bbox 307 1210 1746 1270; baseline 0.001 -18"><span class='ocrx_word' id='word_1_153' title='bbox 307 1212 350 1252; x_wconf 78' lang='grc' dir='ltr'><strong>δὲ</strong></span> <span class='ocrx_word' id='word_1_154' title='bbox 371 1211 481 1253; x_wconf 79' lang='grc' dir='ltr'><em>κλύει</em></span> <span class='ocrx_word' id='word_1_155' title='bbox 508 1226 580 1254; x_wconf 86' lang='grc' dir='ltr'><strong>σου</strong></span> <span class='ocrx_word' id='word_1_156' title='bbox 600 1210 697 1260; x_wconf 81' lang='grc' dir='ltr'><em>θεος</em></span> <span class='ocrx_word' id='word_1_157' title='bbox 714 1212 743 1266; x_wconf 73' lang='grc' dir='ltr'><em>ἢ</em></span> <span class='ocrx_word' id='word_1_158' title='bbox 761 1217 912 1269; x_wconf 84' lang='grc' dir='ltr'><em>δαίμων</em></span> <span class='ocrx_word' id='word_1_159' title='bbox 941 1219 1014 1256; x_wconf 83' lang='grc' dir='ltr'><strong>τοῦ</strong></span> <span class='ocrx_word' id='word_1_160' title='bbox 1041 1213 1270 1270; x_wconf 80' lang='grc' dir='ltr'><em>ψευδόρκου</em></span> <span class='ocrx_word' id='word_1_161' title='bbox 1299 1216 1367 1258; x_wconf 80' lang='grc' dir='ltr'><strong>καὶ</strong></span> <span class='ocrx_word' id='word_1_162' title='bbox 1388 1214 1627 1267; x_wconf 68' lang='grc' dir='ltr'><em>ξειναπάτας</em></span> <span class='ocrx_word' id='word_1_163' title='bbox 1655 1213 1746 1253; x_wconf 79' lang='lat' dir='ltr'><strong>Ari-</strong></span> 
     </span>
     <span class='ocr_line' id='line_1_22' title="bbox 307 1268 701 1319; baseline -0.003 -13"><span class='ocrx_word' id='word_1_164' title='bbox 307 1268 515 1319; x_wconf 81' lang='lat' dir='ltr'><strong>stophanes</strong></span> <span class='ocrx_word' id='word_1_165' title='bbox 539 1269 701 1319; x_wconf 83' lang='lat' dir='ltr'><strong>Vespis.</strong></span> 
     </span>
    </p>

    <p class='ocr_par' dir='ltr' id='par_1_9' title="bbox 520 1321 1506 1378">
     <span class='ocr_line' id='line_1_23' title="bbox 520 1321 1506 1378; baseline 0.004 -15"><span class='ocrx_word' id='word_1_166' title='bbox 520 1324 635 1370; x_wconf 77' lang='grc' dir='ltr'><em>Εἴτις</em></span> <span class='ocrx_word' id='word_1_167' title='bbox 650 1323 788 1375; x_wconf 69' lang='grc' dir='ltr'><em>ὑμῶν,</em></span> <span class='ocrx_word' id='word_1_168' title='bbox 819 1341 849 1365; x_wconf 92' lang='grc' dir='ltr'><em>ω</em></span> <span class='ocrx_word' id='word_1_169' title='bbox 835 1321 1033 1376; x_wconf 64' lang='lat' dir='ltr'><strong>³esoewt,</strong></span> <span class='ocrx_word' id='word_1_170' title='bbox 1056 1325 1130 1378; x_wconf 76' lang='grc' dir='ltr'><em>τὴν</em></span> <span class='ocrx_word' id='word_1_171' title='bbox 1148 1325 1248 1378; x_wconf 79' lang='grc' dir='ltr'><em>ἒμην</em></span> <span class='ocrx_word' id='word_1_172' title='bbox 1267 1325 1364 1367; x_wconf 78' lang='grc' dir='ltr'><em>ἰδών</em></span> <span class='ocrx_word' id='word_1_173' title='bbox 1381 1323 1506 1378; x_wconf 78' lang='grc' dir='ltr'><em>φύσιν</em></span> 
     </span>
    </p>

    <p class='ocr_par' dir='ltr' id='par_1_10' title="bbox 523 1377 1530 1434">
     <span class='ocr_line' id='line_1_24' title="bbox 523 1377 1530 1434; baseline 0.001 -14"><span class='ocrx_word' id='word_1_174' title='bbox 523 1377 628 1420; x_wconf 84' lang='grc' dir='ltr'><em>,Εἶτα</em></span> <span class='ocrx_word' id='word_1_175' title='bbox 647 1377 842 1432; x_wconf 77' lang='grc' dir='ltr'><em>θαυμάζει</em></span> <span class='ocrx_word' id='word_1_176' title='bbox 863 1378 904 1434; x_wconf 88' lang='grc' dir='ltr'><strong>μ’</strong></span> <span class='ocrx_word' id='word_1_177' title='bbox 927 1381 1030 1434; x_wconf 87' lang='grc' dir='ltr'><em>ὅοων</em></span> <span class='ocrx_word' id='word_1_178' title='bbox 1051 1381 1169 1433; x_wconf 82' lang='grc' dir='ltr'><em>μέσον</em></span> <span class='ocrx_word' id='word_1_179' title='bbox 1188 1381 1530 1434; x_wconf 77' lang='grc' dir='ltr'><em>διεσφηκωμένον,</em></span> 
     </span>
    </p>

    <p class='ocr_par' dir='ltr' id='par_1_11' title="bbox 523 1434 1476 1506">
     <span class='ocr_line' id='line_1_25' title="bbox 523 1434 1476 1506; baseline 0.003 -32"><span class='ocrx_word' id='word_1_180' title='bbox 523 1438 622 1482; x_wconf 84' lang='grc' dir='ltr'><em>Ητις</em></span> <span class='ocrx_word' id='word_1_181' title='bbox 640 1434 755 1487; x_wconf 70' lang='grc' dir='ltr'><em>ἡμῶν</em></span> <span class='ocrx_word' id='word_1_182' title='bbox 775 1436 805 1488; x_wconf 71' lang='grc' dir='ltr'><strong>’ἡ</strong></span> <span class='ocrx_word' id='word_1_183' title='bbox 820 1434 969 1477; x_wconf 64' lang='lat' dir='ltr'><strong>&#39;alvom</strong></span> <span class='ocrx_word' id='word_1_184' title='bbox 988 1439 1102 1487; x_wconf 80' lang='grc' dir='ltr'><em>τῆςδε</em></span> <span class='ocrx_word' id='word_1_185' title='bbox 1126 1441 1196 1488; x_wconf 80' lang='grc' dir='ltr'><strong>τῆς</strong></span> <span class='ocrx_word' id='word_1_186' title='bbox 1215 1437 1476 1506; x_wconf 78' lang='grc' dir='ltr'><em>ἐγκεντρίδος,</em></span> 
     </span>
    </p>

    <p class='ocr_par' dir='ltr' id='par_1_12' title="bbox 307 1489 1750 2087">
     <span class='ocr_line' id='line_1_26' title="bbox 520 1489 1496 1556; baseline 0.002 -27.015"><span class='ocrx_word' id='word_1_187' title='bbox 520 1489 678 1545; x_wconf 81' lang='grc' dir='ltr'><em>Ῥαδίως</em></span> <span class='ocrx_word' id='word_1_188' title='bbox 697 1490 772 1544; x_wconf 68' lang='grc' dir='ltr'><strong>ἐγώ</strong></span> <span class='ocrx_word' id='word_1_189' title='bbox 794 1490 961 1542; x_wconf 79' lang='grc' dir='ltr'><em>διδάξω,</em></span> <span class='ocrx_word' id='word_1_190' title='bbox 990 1490 1068 1547; x_wconf 72' lang='grc' dir='ltr'><em>κᾶν</em></span> <span class='ocrx_word' id='word_1_191' title='bbox 1089 1489 1262 1556; x_wconf 79' lang='grc' dir='ltr'><em>άμουσος</em></span> <span class='ocrx_word' id='word_1_192' title='bbox 1280 1495 1306 1549; x_wconf 76' lang='grc' dir='ltr'><em>ῄ</em></span> <span class='ocrx_word' id='word_1_193' title='bbox 1328 1491 1371 1533; x_wconf 87' lang='grc' dir='ltr'><strong>τὸ</strong></span> <span class='ocrx_word' id='word_1_194' title='bbox 1387 1494 1496 1545; x_wconf 78' lang='grc' dir='ltr'><em>πρίν.</em></span> 
     </span>
     <span class='ocr_line' id='line_1_27' title="bbox 308 1545 1748 1599; baseline 0.003 -15"><span class='ocrx_word' id='word_1_195' title='bbox 308 1545 541 1584; x_wconf 78' lang='lat' dir='ltr'><strong>Scholiastes</strong></span> <span class='ocrx_word' id='word_1_196' title='bbox 574 1552 733 1585; x_wconf 81' lang='lat' dir='ltr'><strong>annotat</strong></span> <span class='ocrx_word' id='word_1_197' title='bbox 762 1547 812 1584; x_wconf 88' lang='lat' dir='ltr'><strong>ad</strong></span> <span class='ocrx_word' id='word_1_198' title='bbox 837 1561 994 1586; x_wconf 85' lang='lat' dir='ltr'><strong>versum</strong></span> <span class='ocrx_word' id='word_1_199' title='bbox 1017 1548 1294 1586; x_wconf 88' lang='lat' dir='ltr'><strong>novissimum:</strong></span> <span class='ocrx_word' id='word_1_200' title='bbox 1333 1547 1354 1589; x_wconf 85' lang='grc' dir='ltr'><em>ὅ</em></span> <span class='ocrx_word' id='word_1_201' title='bbox 1380 1549 1505 1599; x_wconf 78' lang='grc' dir='ltr'><em>στίχος</em></span> <span class='ocrx_word' id='word_1_202' title='bbox 1535 1546 1579 1587; x_wconf 79' lang='grc' dir='ltr'><strong>ἐκ</strong></span> <span class='ocrx_word' id='word_1_203' title='bbox 1599 1550 1748 1589; x_wconf 81' lang='grc' dir='ltr'><em>Σθενε-</em></span> 
     </span>
     <span class='ocr_line' id='line_1_28' title="bbox 308 1597 1748 1655; baseline 0 -13"><span class='ocrx_word' id='word_1_204' title='bbox 308 1603 421 1654; x_wconf 86' lang='grc' dir='ltr'><em>βοίας</em></span> <span class='ocrx_word' id='word_1_205' title='bbox 451 1597 687 1654; x_wconf 83' lang='grc' dir='ltr'><em>Ευριπίδου.</em></span> <span class='ocrx_word' id='word_1_206' title='bbox 742 1603 846 1640; x_wconf 85' lang='lat' dir='ltr'><strong>Bene</strong></span> <span class='ocrx_word' id='word_1_207' title='bbox 877 1604 945 1655; x_wconf 88' lang='lat' dir='ltr'><strong>pol</strong></span> <span class='ocrx_word' id='word_1_208' title='bbox 973 1604 1143 1653; x_wconf 83' lang='lat' dir='ltr'><strong>factum,</strong></span> <span class='ocrx_word' id='word_1_209' title='bbox 1173 1603 1281 1654; x_wconf 83' lang='lat' dir='ltr'><strong>quod</strong></span> <span class='ocrx_word' id='word_1_210' title='bbox 1307 1617 1378 1641; x_wconf 89' lang='lat' dir='ltr'><strong>nos</strong></span> <span class='ocrx_word' id='word_1_211' title='bbox 1406 1603 1607 1652; x_wconf 82' lang='lat' dir='ltr'><strong>docuerit,</strong></span> <span class='ocrx_word' id='word_1_212' title='bbox 1643 1603 1748 1642; x_wconf 87' lang='lat' dir='ltr'><strong>unde</strong></span> 
     </span>
     <span class='ocr_line' id='line_1_29' title="bbox 307 1656 1750 1710; baseline 0.002 -15"><span class='ocrx_word' id='word_1_213' title='bbox 307 1659 475 1696; x_wconf 80' lang='lat' dir='ltr'><strong>tralatus</strong></span> <span class='ocrx_word' id='word_1_214' title='bbox 505 1659 558 1695; x_wconf 87' lang='lat' dir='ltr'><strong>sit</strong></span> <span class='ocrx_word' id='word_1_215' title='bbox 586 1656 653 1694; x_wconf 90' lang='lat' dir='ltr'><strong>hic</strong></span> <span class='ocrx_word' id='word_1_216' title='bbox 684 1658 830 1710; x_wconf 82' lang='grc' dir='ltr'><em>στίχος,</em></span> <span class='ocrx_word' id='word_1_217' title='bbox 868 1658 976 1709; x_wconf 87' lang='lat' dir='ltr'><strong>quod</strong></span> <span class='ocrx_word' id='word_1_218' title='bbox 1010 1659 1165 1710; x_wconf 90' lang='lat' dir='ltr'><strong>quidem</strong></span> <span class='ocrx_word' id='word_1_219' title='bbox 1191 1659 1284 1696; x_wconf 83' lang='lat' dir='ltr'><strong>alias</strong></span> <span class='ocrx_word' id='word_1_220' title='bbox 1316 1658 1565 1699; x_wconf 76' lang='lat' dir='ltr'><strong>nesciremus.</strong></span> <span class='ocrx_word' id='word_1_221' title='bbox 1619 1657 1750 1709; x_wconf 80' lang='lat' dir='ltr'><strong>Atque</strong></span> 
     </span>
     <span class='ocr_line' id='line_1_30' title="bbox 310 1713 1750 1764; baseline 0.001 -14"><span class='ocrx_word' id='word_1_222' title='bbox 310 1726 354 1751; x_wconf 89' lang='lat' dir='ltr'><strong>ea</strong></span> <span class='ocrx_word' id='word_1_223' title='bbox 373 1714 498 1763; x_wconf 86' lang='lat' dir='ltr'><strong>gratia</strong></span> <span class='ocrx_word' id='word_1_224' title='bbox 518 1726 596 1750; x_wconf 90' lang='lat' dir='ltr'><strong>non</strong></span> <span class='ocrx_word' id='word_1_225' title='bbox 616 1713 703 1751; x_wconf 87' lang='lat' dir='ltr'><strong>leve</strong></span> <span class='ocrx_word' id='word_1_226' title='bbox 722 1720 929 1764; x_wconf 67' lang='lat' dir='ltr'><strong>peccatum</strong></span> <span class='ocrx_word' id='word_1_227' title='bbox 950 1714 986 1752; x_wconf 88' lang='lat' dir='ltr'><strong>ei</strong></span> <span class='ocrx_word' id='word_1_228' title='bbox 1005 1714 1303 1753; x_wconf 84' lang='lat' dir='ltr'><strong>condonabitur.</strong></span> <span class='ocrx_word' id='word_1_229' title='bbox 1359 1714 1567 1752; x_wconf 88' lang='lat' dir='ltr'><strong>Enimvero</strong></span> <span class='ocrx_word' id='word_1_230' title='bbox 1593 1727 1672 1752; x_wconf 88' lang='lat' dir='ltr'><strong>non</strong></span> <span class='ocrx_word' id='word_1_231' title='bbox 1690 1720 1750 1752; x_wconf 88' lang='lat' dir='ltr'><strong>to-</strong></span> 
     </span>
     <span class='ocr_line' id='line_1_31' title="bbox 308 1769 1750 1821; baseline 0.001 -16"><span class='ocrx_word' id='word_1_232' title='bbox 308 1774 373 1806; x_wconf 89' lang='lat' dir='ltr'><strong>tus</strong></span> <span class='ocrx_word' id='word_1_233' title='bbox 394 1775 554 1817; x_wconf 61' lang='lat' dir='ltr'><strong>versus,</strong></span> <span class='ocrx_word' id='word_1_234' title='bbox 585 1774 629 1805; x_wconf 88' lang='lat' dir='ltr'><strong>ut</strong></span> <span class='ocrx_word' id='word_1_235' title='bbox 651 1769 719 1806; x_wconf 87' lang='lat' dir='ltr'><strong>ille</strong></span> <span class='ocrx_word' id='word_1_236' title='bbox 755 1769 1013 1819; x_wconf 80' lang='lat' dir='ltr'><strong>existimavit,</strong></span> <span class='ocrx_word' id='word_1_237' title='bbox 1044 1770 1111 1807; x_wconf 90' lang='lat' dir='ltr'><strong>sed</strong></span> <span class='ocrx_word' id='word_1_238' title='bbox 1136 1784 1228 1821; x_wconf 85' lang='lat' dir='ltr'><strong>pars</strong></span> <span class='ocrx_word' id='word_1_239' title='bbox 1259 1769 1528 1808; x_wconf 83' lang='lat' dir='ltr'><strong>tantummodo</strong></span> <span class='ocrx_word' id='word_1_240' title='bbox 1554 1770 1750 1821; x_wconf 85' lang='lat' dir='ltr'><strong>posterior</strong></span> 
     </span>
     <span class='ocr_line' id='line_1_32' title="bbox 310 1823 1750 1875; baseline 0.001 -14"><span class='ocrx_word' id='word_1_241' title='bbox 310 1837 360 1861; x_wconf 86' lang='lat' dir='ltr'><strong>ex</strong></span> <span class='ocrx_word' id='word_1_242' title='bbox 381 1824 569 1875; x_wconf 85' lang='lat' dir='ltr'><strong>Euripide</strong></span> <span class='ocrx_word' id='word_1_243' title='bbox 588 1829 656 1862; x_wconf 85' lang='lat' dir='ltr'><strong>est.</strong></span> <span class='ocrx_word' id='word_1_244' title='bbox 711 1824 808 1862; x_wconf 82' lang='lat' dir='ltr'><strong>Nam</strong></span> <span class='ocrx_word' id='word_1_245' title='bbox 838 1824 880 1861; x_wconf 88' lang='lat' dir='ltr'><strong>in</strong></span> <span class='ocrx_word' id='word_1_246' title='bbox 905 1824 966 1862; x_wconf 86' lang='lat' dir='ltr'><strong>his</strong></span> <span class='ocrx_word' id='word_1_247' title='bbox 1000 1825 1118 1864; x_wconf 82' lang='lat' dir='ltr'><strong>rebus</strong></span> <span class='ocrx_word' id='word_1_248' title='bbox 1147 1825 1266 1863; x_wconf 86' lang='lat' dir='ltr'><strong>verba</strong></span> <span class='ocrx_word' id='word_1_249' title='bbox 1293 1823 1389 1863; x_wconf 87' lang='lat' dir='ltr'><strong>mihi</strong></span> <span class='ocrx_word' id='word_1_250' title='bbox 1409 1824 1496 1862; x_wconf 83' lang='lat' dir='ltr'><strong>dari</strong></span> <span class='ocrx_word' id='word_1_251' title='bbox 1511 1824 1618 1862; x_wconf 77' lang='lat' dir='ltr'><strong>haud</strong></span> <span class='ocrx_word' id='word_1_252' title='bbox 1634 1824 1750 1863; x_wconf 83' lang='lat' dir='ltr'><strong>facile</strong></span> 
     </span>
     <span class='ocr_line' id='line_1_33' title="bbox 309 1879 1749 1930; baseline 0.002 -15"><span class='ocrx_word' id='word_1_253' title='bbox 309 1879 461 1930; x_wconf 85' lang='lat' dir='ltr'><strong>patior,</strong></span> <span class='ocrx_word' id='word_1_254' title='bbox 492 1879 579 1930; x_wconf 86' lang='lat' dir='ltr'><strong>qui,</strong></span> <span class='ocrx_word' id='word_1_255' title='bbox 609 1884 656 1916; x_wconf 87' lang='lat' dir='ltr'><strong>ut</strong></span> <span class='ocrx_word' id='word_1_256' title='bbox 685 1880 785 1928; x_wconf 89' lang='lat' dir='ltr'><strong>scis,</strong></span> <span class='ocrx_word' id='word_1_257' title='bbox 817 1880 1031 1929; x_wconf 82' lang='lat' dir='ltr'><strong>fragmenta</strong></span> <span class='ocrx_word' id='word_1_258' title='bbox 1063 1880 1233 1918; x_wconf 85' lang='lat' dir='ltr'><strong>onmium</strong></span> <span class='ocrx_word' id='word_1_259' title='bbox 1268 1881 1475 1919; x_wconf 85' lang='lat' dir='ltr'><strong>Poetarum</strong></span> <span class='ocrx_word' id='word_1_260' title='bbox 1508 1881 1749 1918; x_wconf 86' lang='lat' dir='ltr'><strong>Graecorum</strong></span> 
     </span>
     <span class='ocr_line' id='line_1_34' title="bbox 312 1934 1748 1987; baseline 0.001 -17"><span class='ocrx_word' id='word_1_261' title='bbox 312 1947 400 1971; x_wconf 91' lang='lat' dir='ltr'><strong>cum</strong></span> <span class='ocrx_word' id='word_1_262' title='bbox 434 1934 770 1973; x_wconf 83' lang='lat' dir='ltr'><strong>emendationibus</strong></span> <span class='ocrx_word' id='word_1_263' title='bbox 802 1941 838 1973; x_wconf 89' lang='lat' dir='ltr'><strong>et</strong></span> <span class='ocrx_word' id='word_1_264' title='bbox 870 1936 974 1973; x_wconf 85' lang='lat' dir='ltr'><strong>notis</strong></span> <span class='ocrx_word' id='word_1_265' title='bbox 1002 1936 1146 1986; x_wconf 85' lang='lat' dir='ltr'><strong>grande</strong></span> <span class='ocrx_word' id='word_1_266' title='bbox 1179 1949 1280 1987; x_wconf 83' lang='lat' dir='ltr'><strong>opus</strong></span> <span class='ocrx_word' id='word_1_267' title='bbox 1312 1936 1428 1974; x_wconf 88' lang='lat' dir='ltr'><strong>edere</strong></span> <span class='ocrx_word' id='word_1_268' title='bbox 1456 1935 1748 1973; x_wconf 72' lang='lat' dir='ltr'><strong>constitueram:</strong></span> 
     </span>
     <span class='ocr_line' id='line_1_35' title="bbox 309 1989 1749 2045; baseline 0.003 -19"><span class='ocrx_word' id='word_1_269' title='bbox 309 2002 441 2039; x_wconf 84' lang='lat' dir='ltr'><strong>nunc,</strong></span> <span class='ocrx_word' id='word_1_270' title='bbox 471 1996 517 2027; x_wconf 86' lang='lat' dir='ltr'><strong>ut</strong></span> <span class='ocrx_word' id='word_1_271' title='bbox 542 1990 669 2040; x_wconf 82' lang='lat' dir='ltr'><strong>aiunt,</strong></span> <span class='ocrx_word' id='word_1_272' title='bbox 698 1993 827 2038; x_wconf 79' lang='grc' dir='ltr'><em>Αλλος</em></span> <span class='ocrx_word' id='word_1_273' title='bbox 853 1991 963 2045; x_wconf 78' lang='grc' dir='ltr'><em>βίος,</em></span> <span class='ocrx_word' id='word_1_274' title='bbox 999 1989 1094 2045; x_wconf 71' lang='grc' dir='ltr'><em>ἄλλη</em></span> <span class='ocrx_word' id='word_1_275' title='bbox 1130 1991 1273 2034; x_wconf 82' lang='grc' dir='ltr'><em>δίαιτα.</em></span> <span class='ocrx_word' id='word_1_276' title='bbox 1329 1990 1561 2031; x_wconf 81' lang='lat' dir='ltr'><strong>Plutarchus</strong></span> <span class='ocrx_word' id='word_1_277' title='bbox 1587 1993 1749 2042; x_wconf 80' lang='grc' dir='ltr'><em>Συμπο-</em></span> 
     </span>
     <span class='ocr_line' id='line_1_36' title="bbox 312 2045 593 2087; baseline -0.004 0"><span class='ocrx_word' id='word_1_278' title='bbox 312 2048 461 2087; x_wconf 75' lang='grc' dir='ltr'><em>σιακῶν</em></span> <span class='ocrx_word' id='word_1_279' title='bbox 491 2049 527 2086; x_wconf 84' lang='grc'><em>1.</em></span> <span class='ocrx_word' id='word_1_280' title='bbox 557 2045 593 2086; x_wconf 87' lang='grc'><em>5.</em></span> 
     </span>
    </p>

    <p class='ocr_par' dir='ltr' id='par_1_13' title="bbox 527 2097 1510 2172">
     <span class='ocr_line' id='line_1_37' title="bbox 527 2097 1510 2172; baseline 0.004 -34"><span class='ocrx_word' id='word_1_281' title='bbox 527 2102 623 2147; x_wconf 74' lang='grc' dir='ltr'><strong>Πῶς</strong></span> <span class='ocrx_word' id='word_1_282' title='bbox 639 2100 788 2152; x_wconf 69' lang='grc' dir='ltr'><em>εἴρηται</em></span> <span class='ocrx_word' id='word_1_283' title='bbox 811 2100 854 2142; x_wconf 81' lang='grc' dir='ltr'><strong>τὸ</strong></span> <span class='ocrx_word' id='word_1_284' title='bbox 886 2121 935 2132; x_wconf 71' lang='lat'><strong>-⁶</strong></span> <span class='ocrx_word' id='word_1_285' title='bbox 968 2123 1017 2130; x_wconf 95' lang='lat'><strong>—-</strong></span> <span class='ocrx_word' id='word_1_286' title='bbox 1050 2123 1099 2133; x_wconf 90' lang='lat'><strong>-·-</strong></span> <span class='ocrx_word' id='word_1_287' title='bbox 1130 2099 1347 2172; x_wconf 79' lang='grc' dir='ltr'><em>Μουσικην</em></span> <span class='ocrx_word' id='word_1_288' title='bbox 1368 2097 1411 2142; x_wconf 84' lang='grc' dir='ltr'><strong>δ’</strong></span> <span class='ocrx_word' id='word_1_289' title='bbox 1433 2098 1510 2156; x_wconf 72' lang='grc' dir='ltr'><strong>ἄρα</strong></span> 
     </span>
    </p>

    <p class='ocr_par' dir='ltr' id='par_1_14' title="bbox 314 2153 1749 2816">
     <span class='ocr_line' id='line_1_38' title="bbox 528 2153 1393 2213; baseline 0.002 -19"><span class='ocrx_word' id='word_1_290' title='bbox 528 2158 645 2205; x_wconf 80' lang='grc' dir='ltr'><em>Ερως</em></span> <span class='ocrx_word' id='word_1_291' title='bbox 663 2154 855 2206; x_wconf 84' lang='grc' dir='ltr'><em>διδάσκει,</em></span> <span class='ocrx_word' id='word_1_292' title='bbox 884 2154 962 2212; x_wconf 63' lang='grc' dir='ltr'><em>πρὶν</em></span> <span class='ocrx_word' id='word_1_293' title='bbox 980 2155 1154 2209; x_wconf 63' lang='grc' dir='ltr'><em>ἄμουσος</em></span> <span class='ocrx_word' id='word_1_294' title='bbox 1172 2153 1201 2213; x_wconf 75' lang='grc' dir='ltr'><em>ᾗ</em></span> <span class='ocrx_word' id='word_1_295' title='bbox 1227 2156 1271 2198; x_wconf 78' lang='grc' dir='ltr'><strong>τό</strong></span> <span class='ocrx_word' id='word_1_296' title='bbox 1287 2157 1393 2210; x_wconf 82' lang='grc' dir='ltr'><em>πρίν.</em></span> 
     </span>
     <span class='ocr_line' id='line_1_39' title="bbox 314 2198 1749 2276; baseline 0.003 -29"><span class='ocrx_word' id='word_1_297' title='bbox 314 2210 441 2276; x_wconf 88' lang='lat' dir='ltr'><strong>Quem</strong></span> <span class='ocrx_word' id='word_1_298' title='bbox 474 2224 543 2261; x_wconf 87' lang='lat' dir='ltr'><strong>ego</strong></span> <span class='ocrx_word' id='word_1_299' title='bbox 574 2211 705 2249; x_wconf 84' lang='lat' dir='ltr'><strong>locum</strong></span> <span class='ocrx_word' id='word_1_300' title='bbox 738 2198 926 2262; x_wconf 84' lang='lat' dir='ltr'><strong>admiror,</strong></span> <span class='ocrx_word' id='word_1_301' title='bbox 957 2226 1045 2250; x_wconf 88' lang='lat' dir='ltr'><strong>cum</strong></span> <span class='ocrx_word' id='word_1_302' title='bbox 1070 2213 1151 2251; x_wconf 85' lang='lat' dir='ltr'><strong>sine</strong></span> <span class='ocrx_word' id='word_1_303' title='bbox 1177 2199 1305 2251; x_wconf 88' lang='lat' dir='ltr'><strong>dubio</strong></span> <span class='ocrx_word' id='word_1_304' title='bbox 1326 2213 1560 2263; x_wconf 83' lang='lat' dir='ltr'><strong>depravatus</strong></span> <span class='ocrx_word' id='word_1_305' title='bbox 1580 2212 1652 2261; x_wconf 82' lang='lat' dir='ltr'><strong>sit,</strong></span> <span class='ocrx_word' id='word_1_306' title='bbox 1681 2225 1749 2251; x_wconf 87' lang='lat' dir='ltr'><strong>ne-</strong></span> 
     </span>
     <span class='ocr_line' id='line_1_40' title="bbox 314 2267 1748 2318; baseline 0.001 -15"><span class='ocrx_word' id='word_1_307' title='bbox 314 2267 408 2303; x_wconf 85' lang='lat' dir='ltr'><strong>mini</strong></span> <span class='ocrx_word' id='word_1_308' title='bbox 436 2279 609 2317; x_wconf 79' lang='lat' dir='ltr'><strong>unquam</strong></span> <span class='ocrx_word' id='word_1_309' title='bbox 643 2267 684 2304; x_wconf 90' lang='lat' dir='ltr'><strong>in</strong></span> <span class='ocrx_word' id='word_1_310' title='bbox 716 2268 973 2318; x_wconf 86' lang='lat' dir='ltr'><strong>suspicionem</strong></span> <span class='ocrx_word' id='word_1_311' title='bbox 1003 2268 1166 2309; x_wconf 87' lang='lat' dir='ltr'><strong>venisse</strong></span> <span class='ocrx_word' id='word_1_312' title='bbox 1228 2269 1286 2306; x_wconf 84' lang='lat' dir='ltr'><strong>Ita</strong></span> <span class='ocrx_word' id='word_1_313' title='bbox 1317 2267 1520 2316; x_wconf 83' lang='lat' dir='ltr'><strong>exhibent,</strong></span> <span class='ocrx_word' id='word_1_314' title='bbox 1558 2274 1602 2305; x_wconf 90' lang='lat' dir='ltr'><strong>ut</strong></span> <span class='ocrx_word' id='word_1_315' title='bbox 1628 2269 1748 2318; x_wconf 87' lang='lat' dir='ltr'><strong>vulgo</strong></span> 
     </span>
     <span class='ocr_line' id='line_1_41' title="bbox 314 2322 1749 2374; baseline 0.001 -16"><span class='ocrx_word' id='word_1_316' title='bbox 314 2322 480 2371; x_wconf 82' lang='lat' dir='ltr'><strong>legitur,</strong></span> <span class='ocrx_word' id='word_1_317' title='bbox 521 2323 703 2360; x_wconf 77' lang='lat' dir='ltr'><strong>Erasmus</strong></span> <span class='ocrx_word' id='word_1_318' title='bbox 729 2328 770 2360; x_wconf 88' lang='lat' dir='ltr'><strong>et</strong></span> <span class='ocrx_word' id='word_1_319' title='bbox 795 2323 871 2362; x_wconf 86' lang='lat' dir='ltr'><strong>Jos.</strong></span> <span class='ocrx_word' id='word_1_320' title='bbox 894 2324 1065 2374; x_wconf 82' lang='lat' dir='ltr'><strong>Scaliger</strong></span> <span class='ocrx_word' id='word_1_321' title='bbox 1093 2324 1132 2361; x_wconf 88' lang='lat' dir='ltr'><strong>in</strong></span> <span class='ocrx_word' id='word_1_322' title='bbox 1159 2323 1396 2372; x_wconf 77' lang='lat' dir='ltr'><strong>Pioverbii53</strong></span> <span class='ocrx_word' id='word_1_323' title='bbox 1433 2324 1487 2360; x_wconf 88' lang='lat' dir='ltr'><strong>ita</strong></span> <span class='ocrx_word' id='word_1_324' title='bbox 1516 2323 1675 2361; x_wconf 88' lang='lat' dir='ltr'><strong>Grotius</strong></span> <span class='ocrx_word' id='word_1_325' title='bbox 1706 2324 1749 2361; x_wconf 86' lang='lat' dir='ltr'><strong>in</strong></span> 
     </span>
     <span class='ocr_line' id='line_1_42' title="bbox 315 2377 1749 2431; baseline 0.001 -16"><span class='ocrx_word' id='word_1_326' title='bbox 315 2377 535 2428; x_wconf 77' lang='lat' dir='ltr'><strong>Exceiptis.</strong></span> <span class='ocrx_word' id='word_1_327' title='bbox 592 2379 688 2429; x_wconf 90' lang='lat' dir='ltr'><strong>Spes</strong></span> <span class='ocrx_word' id='word_1_328' title='bbox 712 2383 834 2415; x_wconf 87' lang='lat' dir='ltr'><strong>tamen</strong></span> <span class='ocrx_word' id='word_1_329' title='bbox 867 2385 945 2427; x_wconf 87' lang='lat' dir='ltr'><strong>est,</strong></span> <span class='ocrx_word' id='word_1_330' title='bbox 976 2386 1020 2416; x_wconf 89' lang='lat' dir='ltr'><strong>ut</strong></span> <span class='ocrx_word' id='word_1_331' title='bbox 1042 2392 1146 2417; x_wconf 88' lang='lat' dir='ltr'><strong>nunc</strong></span> <span class='ocrx_word' id='word_1_332' title='bbox 1172 2380 1251 2431; x_wconf 84' lang='lat' dir='ltr'><strong>jam</strong></span> <span class='ocrx_word' id='word_1_333' title='bbox 1278 2378 1414 2416; x_wconf 88' lang='lat' dir='ltr'><strong>dehinc</strong></span> <span class='ocrx_word' id='word_1_334' title='bbox 1440 2385 1518 2416; x_wconf 86' lang='lat' dir='ltr'><strong>tam</strong></span> <span class='ocrx_word' id='word_1_335' title='bbox 1543 2385 1659 2429; x_wconf 85' lang='lat' dir='ltr'><strong>turpe</strong></span> <span class='ocrx_word' id='word_1_336' title='bbox 1683 2393 1749 2416; x_wconf 89' lang='lat' dir='ltr'><strong>er-</strong></span> 
     </span>
     <span class='ocr_line' id='line_1_43' title="bbox 316 2433 1749 2483; baseline 0.001 -13"><span class='ocrx_word' id='word_1_337' title='bbox 316 2439 444 2470; x_wconf 82' lang='lat' dir='ltr'><strong>ratum</strong></span> <span class='ocrx_word' id='word_1_338' title='bbox 475 2446 525 2470; x_wconf 81' lang='lat' dir='ltr'><strong>ex</strong></span> <span class='ocrx_word' id='word_1_339' title='bbox 554 2434 661 2472; x_wconf 89' lang='lat' dir='ltr'><strong>libris</strong></span> <span class='ocrx_word' id='word_1_340' title='bbox 691 2440 730 2472; x_wconf 88' lang='lat' dir='ltr'><strong>et</strong></span> <span class='ocrx_word' id='word_1_341' title='bbox 752 2434 937 2472; x_wconf 86' lang='lat' dir='ltr'><strong>memoria</strong></span> <span class='ocrx_word' id='word_1_342' title='bbox 965 2433 1165 2473; x_wconf 82' lang='lat' dir='ltr'><strong>hominum</strong></span> <span class='ocrx_word' id='word_1_343' title='bbox 1198 2435 1617 2483; x_wconf 80' lang='lat' dir='ltr'><strong>ause1·atur.Legent</strong></span> <span class='ocrx_word' id='word_1_344' title='bbox 1647 2435 1749 2472; x_wconf 89' lang='lat' dir='ltr'><strong>enim</strong></span> 
     </span>
     <span class='ocr_line' id='line_1_44' title="bbox 319 2486 1747 2540; baseline 0 -12"><span class='ocrx_word' id='word_1_345' title='bbox 319 2490 386 2538; x_wconf 86' lang='lat' dir='ltr'><strong>qui</strong></span> <span class='ocrx_word' id='word_1_346' title='bbox 405 2488 572 2538; x_wconf 76' lang='lat' dir='ltr'><strong>sapient,</strong></span> <span class='ocrx_word' id='word_1_347' title='bbox 602 2487 812 2540; x_wconf 80' lang='grc' dir='ltr'><em>μουσικον,</em></span> <span class='ocrx_word' id='word_1_348' title='bbox 843 2503 921 2527; x_wconf 89' lang='lat' dir='ltr'><strong>non</strong></span> <span class='ocrx_word' id='word_1_349' title='bbox 947 2488 1151 2540; x_wconf 74' lang='grc' dir='ltr'><em>μουσικην.</em></span> <span class='ocrx_word' id='word_1_350' title='bbox 1207 2487 1417 2529; x_wconf 81' lang='grc' dir='ltr'><em>Μουσικὸν</em></span> <span class='ocrx_word' id='word_1_351' title='bbox 1445 2486 1638 2536; x_wconf 72' lang='grc' dir='ltr'><em>διδάσκει,</em></span> <span class='ocrx_word' id='word_1_352' title='bbox 1667 2490 1693 2528; x_wconf 92' lang='lat' dir='ltr'><strong>i.</strong></span> <span class='ocrx_word' id='word_1_353' title='bbox 1715 2504 1747 2528; x_wconf 88' lang='lat' dir='ltr'><strong>e.</strong></span> 
     </span>
     <span class='ocr_line' id='line_1_45' title="bbox 316 2540 1749 2596; baseline 0.001 -14"><span class='ocrx_word' id='word_1_354' title='bbox 316 2541 487 2593; x_wconf 73' lang='grc' dir='ltr'><em>ποιητήν</em></span> <span class='ocrx_word' id='word_1_355' title='bbox 517 2540 789 2591; x_wconf 83' lang='grc' dir='ltr'><em>άποδείκνυσι,</em></span> <span class='ocrx_word' id='word_1_356' title='bbox 817 2555 968 2596; x_wconf 77' lang='lat' dir='ltr'><strong>poetam</strong></span> <span class='ocrx_word' id='word_1_357' title='bbox 999 2543 1150 2584; x_wconf 75' lang='lat' dir='ltr'><strong>reddit.-</strong></span> <span class='ocrx_word' id='word_1_358' title='bbox 1180 2545 1298 2591; x_wconf 82' lang='lat' dir='ltr'><strong>Quasi</strong></span> <span class='ocrx_word' id='word_1_359' title='bbox 1325 2544 1401 2582; x_wconf 88' lang='lat' dir='ltr'><strong>hoc</strong></span> <span class='ocrx_word' id='word_1_360' title='bbox 1432 2546 1584 2582; x_wconf 85' lang='lat' dir='ltr'><strong>senario</strong></span> <span class='ocrx_word' id='word_1_361' title='bbox 1614 2545 1749 2583; x_wconf 81' lang='lat' dir='ltr'><strong>Latine</strong></span> 
     </span>
     <span class='ocr_line' id='line_1_46' title="bbox 317 2598 1748 2651; baseline 0.001 -16"><span class='ocrx_word' id='word_1_362' title='bbox 317 2598 489 2636; x_wconf 82' lang='lat' dir='ltr'><strong>dixeris:</strong></span> <span class='ocrx_word' id='word_1_363' title='bbox 526 2599 647 2638; x_wconf 89' lang='lat' dir='ltr'><strong>Amor</strong></span> <span class='ocrx_word' id='word_1_364' title='bbox 671 2608 826 2651; x_wconf 84' lang='lat' dir='ltr'><strong>poetam</strong></span> <span class='ocrx_word' id='word_1_365' title='bbox 858 2600 922 2638; x_wconf 80' lang='lat' dir='ltr'><strong>vel</strong></span> <span class='ocrx_word' id='word_1_366' title='bbox 956 2600 1074 2645; x_wconf 78' lang='lat' dir='ltr'><strong>facit,</strong></span> <span class='ocrx_word' id='word_1_367' title='bbox 1109 2601 1174 2638; x_wconf 91' lang='lat' dir='ltr'><strong>vcl</strong></span> <span class='ocrx_word' id='word_1_368' title='bbox 1210 2600 1369 2640; x_wconf 83' lang='lat' dir='ltr'><strong>invenit.</strong></span> <span class='ocrx_word' id='word_1_369' title='bbox 1425 2600 1500 2638; x_wconf 85' lang='lat' dir='ltr'><strong>Ars</strong></span> <span class='ocrx_word' id='word_1_370' title='bbox 1534 2600 1679 2638; x_wconf 84' lang='lat' dir='ltr'><strong>Musica</strong></span> <span class='ocrx_word' id='word_1_371' title='bbox 1709 2607 1748 2638; x_wconf 85' lang='lat' dir='ltr'><strong>et</strong></span> 
     </span>
     <span class='ocr_line' id='line_1_47' title="bbox 317 2653 1748 2707; baseline 0.003 -18"><span class='ocrx_word' id='word_1_372' title='bbox 317 2653 489 2691; x_wconf 85' lang='lat' dir='ltr'><strong>studium</strong></span> <span class='ocrx_word' id='word_1_373' title='bbox 508 2655 696 2694; x_wconf 85' lang='lat' dir='ltr'><strong>musicum</strong></span> <span class='ocrx_word' id='word_1_374' title='bbox 720 2662 778 2693; x_wconf 87' lang='lat' dir='ltr'><strong>est</strong></span> <span class='ocrx_word' id='word_1_375' title='bbox 796 2656 959 2706; x_wconf 86' lang='lat' dir='ltr'><strong>poetica.</strong></span> <span class='ocrx_word' id='word_1_376' title='bbox 1015 2656 1235 2693; x_wconf 83' lang='lat' dir='ltr'><strong>Terentius:</strong></span> <span class='ocrx_word' id='word_1_377' title='bbox 1266 2653 1305 2692; x_wconf 79' lang='lat' dir='ltr'><strong>Is</strong></span> <span class='ocrx_word' id='word_1_378' title='bbox 1336 2654 1410 2693; x_wconf 69' lang='lat' dir='ltr'><strong>sibi</strong></span> <span class='ocrx_word' id='word_1_379' title='bbox 1435 2670 1650 2707; x_wconf 81' lang='lat' dir='ltr'><strong>responsum</strong></span> <span class='ocrx_word' id='word_1_380' title='bbox 1674 2654 1748 2694; x_wconf 77' lang='lat' dir='ltr'><strong>hoc</strong></span> 
     </span>
     <span class='ocr_line' id='line_1_48' title="bbox 318 2707 1748 2763; baseline 0.001 -18"><span class='ocrx_word' id='word_1_381' title='bbox 318 2707 483 2757; x_wconf 60' lang='lat' dir='ltr'><strong>habeta,-</strong></span> <span class='ocrx_word' id='word_1_382' title='bbox 513 2711 553 2747; x_wconf 80' lang='lat' dir='ltr'><strong>in</strong></span> <span class='ocrx_word' id='word_1_383' title='bbox 570 2710 695 2750; x_wconf 77' lang='lat' dir='ltr'><strong>medio</strong></span> <span class='ocrx_word' id='word_1_384' title='bbox 717 2709 889 2750; x_wconf 78' lang='lat' dir='ltr'><strong>omnibus</strong></span> <span class='ocrx_word' id='word_1_385' title='bbox 908 2708 1083 2748; x_wconf 84' lang='lat' dir='ltr'><strong>Palmam</strong></span> <span class='ocrx_word' id='word_1_386' title='bbox 1105 2725 1180 2747; x_wconf 78' lang='lat' dir='ltr'><strong>esse</strong></span> <span class='ocrx_word' id='word_1_387' title='bbox 1204 2712 1394 2762; x_wconf 75' lang='lat' dir='ltr'><strong>positam,</strong></span> <span class='ocrx_word' id='word_1_388' title='bbox 1424 2713 1491 2763; x_wconf 81' lang='lat' dir='ltr'><strong>qui</strong></span> <span class='ocrx_word' id='word_1_389' title='bbox 1521 2720 1638 2748; x_wconf 80' lang='lat' dir='ltr'><strong>artem</strong></span> <span class='ocrx_word' id='word_1_390' title='bbox 1664 2719 1748 2746; x_wconf 78' lang='lat' dir='ltr'><strong>ira-</strong></span> 
     </span>
     <span class='ocr_line' id='line_1_49' title="bbox 319 2763 1748 2816; baseline 0.001 -15"><span class='ocrx_word' id='word_1_391' title='bbox 319 2772 425 2802; x_wconf 77' lang='lat' dir='ltr'><strong>ctant</strong></span> <span class='ocrx_word' id='word_1_392' title='bbox 455 2764 666 2806; x_wconf 74' lang='lat' dir='ltr'><strong>ZVIusicam.</strong></span> <span class='ocrx_word' id='word_1_393' title='bbox 734 2767 789 2806; x_wconf 81' lang='lat' dir='ltr'><strong>Ea</strong></span> <span class='ocrx_word' id='word_1_394' title='bbox 814 2771 941 2807; x_wconf 81' lang='lat' dir='ltr'><strong>autem</strong></span> <span class='ocrx_word' id='word_1_395' title='bbox 968 2765 1194 2816; x_wconf 73' lang='lat' dir='ltr'><strong>significatio</strong></span> <span class='ocrx_word' id='word_1_396' title='bbox 1218 2768 1288 2808; x_wconf 83' lang='grc' dir='ltr'><strong>τοῦ</strong></span> <span class='ocrx_word' id='word_1_397' title='bbox 1314 2763 1512 2807; x_wconf 83' lang='grc' dir='ltr'><em>διδάσκειν</em></span> <span class='ocrx_word' id='word_1_398' title='bbox 1537 2764 1748 2816; x_wconf 79' lang='lat' dir='ltr'><strong>elegantior</strong></span> 
     </span>
    </p>
   </div>
  </div>
 </body>
</html>
