1838 3230
29 739 31 741 ·
72 698 274 781 ἓὲἕῖῑῖἰῑὲ
691 689 848 761 Ao
888 706 952 763 Γ
986 705 1039 764 0
1077 707 1140 763 Σ
1223 704 1352 766 [rr

386 827 669 868 ΧΡΟΝῼΝ
707 831 1262 874 ΚΩΝΣΤΑΝΤΙΝΟΤ
1296 834 1658 874 ΒΑΣΙΛΕΩΣ.

236 1116 269 1153 A
294 1083 466 1152 Μετὰ
483 1109 527 1152 δὲ
546 1109 620 1166 τὴν
639 1112 849 1166 βασιλείαν
870 1115 1067 1169 Μαξίμου
1086 1114 1301 1159 Λικιννίου
1322 1114 1579 1169 ἐβασίλευσεν
1599 1112 1620 1158 ὅ
1640 1111 1752 1158 θειό-

288 1195 414 1228 τατος
444 1179 511 1220 καὶ
531 1178 774 1230 πιστότατος
785 1214 798 1234 ,
830 1180 851 1224 ὅ
876 1183 965 1232 υἱὸς
984 1186 1275 1227 Κωνσταντίου
1296 1187 1371 1226 τοῦ
1390 1186 1570 1239 Χλωροῧ
1580 1215 1594 1236 ,
1629 1186 1754 1226 Κων-

289 1252 502 1296 σταντΐνος
530 1244 573 1289 ὅ]
583 1247 707 1303 μέγας
745 1253 796 1305 τῇ
826 1250 903 1307 πρὸ
940 1251 1044 1294 ὄκτὼ
1073 1254 1286 1294 καλανδῶν
1323 1249 1560 1307 αὖγούστων
1590 1252 1654 1293 ἐπὶ
1681 1255 1756 1305 τῆς

288 1311 484 1363 ὑπατείας
496 1313 681 1371 Σεβήρου
702 1317 767 1358 καὶ
778 1321 1044 1372 Μαξιμιανοῦ
1058 1333 1067 1343 ·
1103 1322 1170 1362 καὶ
1190 1319 1316 1374 ἔμεινε
1332 1317 1559 1373 βασιλεύων
1578 1318 1646 1375 ἔτη
1669 1317 1748 1373 λβ’.

289 1376 341 1436 ἦν
369 1382 415 1423 δὲ
432 1380 612 1438 μακρός,
651 1383 828 1441 πυρῥός,
863 1386 1171 1442 μεγαλόψυχος,
1209 1386 1360 1442 ἥσυχος
1368 1420 1381 1440 ,
1417 1385 1628 1444 θεοφιλής.
1760 1399 1783 1434 5

388 1449 454 1491 Ἐν
484 1450 529 1492 δὲ
559 1456 646 1499 τοῖς
671 1451 834 1508 χρόνοις
863 1459 935 1509 τῆς
967 1457 1176 1509 βασιλείας
1199 1454 1327 1498 αὐτοῦ
1348 1452 1523 1509 πόλεμος
1540 1455 1690 1510 ἐγένετο
1708 1454 1750 1498 ἓν

288 1520 342 1574 τῇ
366 1515 477 1559 δύσει
497 1517 645 1573 μέγας·
683 1522 748 1562 καὶ
775 1521 920 1575 ἐξῆλθε
947 1523 1031 1566 κατ’
1051 1523 1185 1566 αὐτῶν
1206 1521 1226 1566 ὃ
1250 1521 1466 1577 θειότατος
1486 1525 1750 1566 Κωνσταντῖ-

286 1602 372 1638 νος,
400 1587 468 1627 καὶ
489 1583 684 1641 ἡττηθεὶς
708 1588 948 1645 ἑφοσσεύετο
971 1590 1049 1634 ὑπὸ
1071 1596 1152 1634 τῶν
1170 1590 1408 1648 βαρβάρων.
1465 1592 1530 1633 καὶ
1550 1588 1750 1644 θλιβόμε-

190 1666 224 1701 o
247 1666 272 1700 2
295 1670 364 1703 νος
393 1655 436 1696 ἓν
465 1657 522 1711 τῷ
552 1655 708 1708 μέλλειν
732 1657 856 1700 αὐτὸν
877 1658 1089 1703 καθεύδειν
1109 1659 1253 1715 ηὔχετο
1276 1659 1482 1716 ῥυσθῆναι
1502 1658 1568 1700 ἄπ’
1592 1657 1748 1701 αὐτῶν·

236 1734 267 1768 Β
290 1723 358 1763 καὶ
387 1719 599 1771 ἕλκυσθεὶς
626 1725 682 1773 εἷς
708 1723 836 1768 ὕπνον
864 1725 941 1770 εἶδε
970 1727 1057 1770 κατ’
1089 1727 1189 1784 ὄναρ
1222 1728 1263 1770 ἐν
1297 1731 1353 1785 τῷ
1374 1726 1534 1784 οὐρανῷ
1555 1724 1748 1782 σταυρόν,
1763 1740 1807 1774 10

291 1791 334 1832 ἐν
357 1784 390 1847 ᾧ
408 1790 672 1846 ἐπεγέγραπτο
682 1824 696 1845 ,
729 1792 796 1836 Ἐν
814 1793 948 1854 τούτῳ
966 1797 1069 1839 νίκα.
1140 1797 1206 1839 καὶ
1228 1794 1425 1851 ἀναγνοὺς
1443 1794 1490 1836 τὸ
1513 1796 1751 1851 ἐπιγεγραμ-

291 1857 413 1912 μένον
446 1859 487 1900 ἐν
523 1863 581 1916 τῷ
615 1865 781 1921 σταυρῷ
812 1865 1054 1920 ὃιυπνίσθη·
1101 1866 1168 1907 καὶ
1210 1863 1391 1913 ἀναστὰς
1421 1863 1582 1918 ἐποίησε
1617 1863 1750 1919 σίγνον

381 1966 419 2003 5.
437 1964 579 2012 πυρῤός
602 1968 690 2012 ch„
710 1968 828 2017 πυρός
850 1972 919 2007 Ox.

688 2127 738 2184 L
777 2129 805 2186 Ι
841 2129 891 2185 Β
932 2130 979 2186 Ε
1020 2130 1075 2185 R
1150 2130 1347 2185 XIII.

292 2249 369 2290 DE
404 2249 803 2292 TEMPORIBUS
844 2253 1273 2293 CONSTANTlNl
1303 2251 1749 2293 IMPERATORIS.

290 2355 509 2420 Maximum
531 2382 718 2418 Licinnium
741 2386 877 2430 excepit
898 2387 933 2422 in
957 2386 1102 2433 Imperio
1125 2385 1363 2421 Constantinus
1385 2387 1552 2431 Magnus,
1580 2385 1748 2421 Constan-

290 2428 333 2462 tii
358 2428 476 2462 Chlori
506 2429 547 2462 F.
571 2429 619 2463 Im
646 2435 761 2465 erutor
784 2431 1009 2468 Fidelissimus
1043 2438 1078 2467 et
1101 2432 1340 2477 pientissimus:
1384 2431 1442 2476 qui
1466 2443 1611 2476 regnare
1635 2431 1749 2477 coepit

291 2485 359 2507 vm
381 2474 460 2510 Kal.
495 2476 658 2519 August1‚
692 2476 819 2510 Severo
843 2482 879 2510 et
910 2477 1116 2512 Maximiano
1141 2478 1233 2512 Coss.
1269 2483 1304 2511 et
1326 2477 1486 2522 regnavit
1511 2489 1614 2512 annos
1637 2487 1747 2512 xxx11.

290 2519 381 2554 Erat
404 2522 516 2554 autem
541 2531 714 2565 procel-m,
737 2522 844 2562 rufus,
869 2524 1107 2567 magnanimus,
1128 2522 1257 2568 ingenii
1280 2522 1390 2557 sedati
1412 2527 1448 2557 et
1469 2522 1543 2558 Deo
1567 2524 1701 2557 charus.

382 2565 491 2608 Hujus
508 2568 569 2599 sub
586 2566 752 2611 Imperio,
776 2568 898 2601 bellum
922 2579 1030 2612 grave
1053 2568 1087 2602 in
1106 2568 1295 2603 Occidente
1318 2572 1471 2602 exortum
1495 2573 1567 2610 est3
1591 2567 1635 2603 ad
1657 2567 1748 2612 quod

291 2609 538 2654 reprimendum
561 2610 781 2647 divinissimus
804 2612 1042 2647 Constantinus
1065 2625 1138 2648 cum
1161 2613 1314 2648 exercitu
1337 2615 1510 2659 profectus
1533 2619 1601 2649 est:
1631 2618 1747 2648 caete-

289 2666 364 2689 rum
387 2655 540 2690 devictus
562 2655 773 2701 Imperator,
798 2669 818 2692 a
843 2658 1005 2692 Barbaris
1028 2659 1180 2702 undique
1202 2659 1413 2703 cingebatur.
1459 2659 1522 2694 His
1544 2659 1662 2703 itaque
1684 2669 1748 2703 po-

290 2699 374 2734 situs
389 2700 566 2746 angustiis,
590 2702 634 2736 ad
654 2714 798 2738 somnum
821 2703 1049 2746 decubiturus‚
1072 2715 1094 2738 a
1109 2704 1183 2740 Deo
1208 2704 1364 2750 precibus
1389 2704 1557 2750 expetivit
1579 2705 1629 2738 his
1652 2702 1746 2738 malis

291 2744 442 2779 liberari.
498 2746 621 2781 Somno
645 2747 766 2783 deinde
789 2754 987 2794 correptus,
1028 2761 1091 2794 per
1114 2749 1261 2794 quietem
1290 2750 1378 2785 vidit
1401 2751 1545 2784 Crucem
1566 2750 1602 2784 in
1626 2749 1746 2791 Coelo,

292 2790 348 2823 cui
369 2790 567 2836 inscriptum
591 2798 687 2828 erat:
715 2795 756 2828 In
775 2795 850 2828 Hoc
864 2796 972 2830 vince.
1018 2795 1176 2830 Perlecta
1198 2801 1309 2830 autem
1331 2796 1568 2841 Inscriptione,
1592 2807 1613 2829 e
1633 2805 1745 2828 somno

293 2837 559 2881 expergefactus
582 2842 644 2874 est.
691 2839 843 2886 Surgens
863 2839 980 2887 itaque
1003 2846 1038 2876 et
1061 2842 1179 2877 efficta
1204 2841 1346 2885 Crucis,
1383 2853 1485 2888 quam
1506 2841 1542 2876 in
1565 2839 1671 2877 Coelo
1693 2839 1746 2875 vi-
