1838 3230
261 166 361 214 294
659 159 950 204 IOANNIS
978 159 1322 204 MALALAE

262 279 433 339 ἕπῄνησε
452 280 548 330 τοὺς
569 278 893 335 ὑπολειφθέντας
913 280 1161 332 Λαοδικεῖς,
1199 280 1267 322 καὶ
1297 278 1430 322 πολλὰ
1458 277 1719 334 αὗτοΐςέχα-

263 350 406 405 ρίσατο
425 350 492 391 καὶ
511 349 665 390 δίκαιον
681 343 969 401 μητροπόλεως
986 346 1159 404 παρέσχε
1176 351 1227 404 τῇ
1247 346 1350 404 αὐτῇ
1375 345 1492 392 πόλει
1524 347 1597 390 τὸν
1619 345 1722 403 χρό-

121 414 154 449 0
177 416 246 474 38}
269 435 340 460 νον
356 421 430 472 τῆς
445 417 652 471 βασιλείας
672 415 799 458 αὐτοῦ
818 416 884 457 καὶ
903 413 1050 469 μόνον,
1088 417 1155 458 καὶ
1175 416 1415 470 Σεπτιμίους
1432 415 1630 458 ἐκέλευσεν
1645 414 1736 457 αὖ·-

212 461 245 496 E
269 485 365 535 τοὺς
384 485 638 540 χρηματίζειν
657 485 713 533 εἷς
729 484 776 526 τὸ
794 483 897 525 ἴδιον
914 482 1039 526 αὐτοῦ
1060 482 1270 538 ἐπώνυμον
1280 516 1294 536 ,
1331 485 1397 526 καὶ
1416 483 1532 534 ἀξίας
1547 486 1723 538 συγκλη-

264 557 386 596 τικῶν
405 552 578 607 παρέσχε
596 558 682 601 τοῖς
701 555 984 606 περισοιθεΐσιν
1002 551 1285 605 ἀξιωματικοΐς
1303 555 1376 606 τῆς
1400 551 1535 594 αὐτῶν
1554 552 1720 594 Λαοδι-
1732 559 1754 595 5

267 621 368 666 κε’ων
387 618 554 672 πόλεως,
578 618 681 662 διότι
699 620 773 662 οὐκ
788 619 972 670 ἐδέξαντο
990 620 1062 663 τὸν
1078 618 1273 676 τύραννον
1290 621 1456 675 Νίγερα,
1479 619 1565 661 ἀλλ’
1588 618 1727 661 ἐπολέ-

267 704 405 744 μησαν
428 688 554 746 αὐτῷ.
623 689 691 730 καὶ
718 687 916 745 παρέσχεν
937 686 1075 738 αὐτοῖς
1092 690 1157 730 καὶ
1178 687 1367 730 σιτωνικὰ
1381 685 1575 744 χρήματα
1594 686 1726 729 πολλοὶ

269 758 337 799 καὶ
364 755 550 799 πολιτικὰ
575 754 767 811 χρήματα
794 754 948 808 πολλά,
981 755 1121 812 ἐτήσια
1150 757 1352 805 θεσπίσας
1381 755 1480 809 ἔχειν
1502 754 1651 804 αὐτοὺς
1672 756 1728 804 εἷς

270 822 558 881 ἐπανόρθωσιν
576 828 651 879 τῆς
669 822 821 873 πόλεως
847 823 1005 876 αὐτῶν,
1041 823 1103 867 ὅτι
1125 822 1190 867 ὅτε
1207 819 1258 879 ἦν
1285 823 1536 880 παραλαβὼν
1555 822 1683 878 αὐτὴν
1705 820 1727 865 ὃ

126 904 159 938 V
183 905 250 940 126
272 894 421 949 Νίγερ,
455 891 597 934 ἔκαυσε
625 894 691 934 καὶ
718 891 887 946 ἔστρεψε
915 894 981 934 καὶ
999 891 1155 942 πάντας
1174 891 1398 948 κατέσφαξε
1417 890 1515 941 τούς
1533 891 1724 934 ἀντιστα-
1738 897 1790 933 10.

269 960 422 1010 θέντας
450 962 517 1003 καὶ
547 958 858 1016 πολεμήσαντας
890 960 1016 1019 αὐτῷ.
1087 960 1213 1003 ἔκτισε
1235 961 1279 1002 δὲ
1300 967 1385 1009 τοΐς
1403 958 1541 1009 αὐτοῖς
1560 959 1728 1002 Λαοδι-

271 1033 405 1072 κεῦσιν
428 1025 449 1070 ὃ
470 1028 652 1085 Σέβηρος
669 1030 735 1071 καὶ
751 1027 928 1071 Ἱππικὸν
945 1030 1011 1071 καὶ
1031 1027 1234 1084 Κυνήγιον
1253 1029 1319 1070 καὶ
1344 1024 1538 1082 δημόσιον
1556 1019 1728 1082 λουτρὸν

270 1097 442 1152 πλησίον
459 1095 569 1139 κάτω
589 1100 662 1139 τοῦ
682 1097 854 1150 λιμένος,
876 1095 1053 1154 εὖρηκὼς
1070 1098 1151 1139 ἐκεῖ·
1165 1093 1307 1152 πηγήν,
1364 1095 1491 1138 ἔκτισε
1509 1095 1554 1138 δὲ
1571 1096 1653 1138 ἐκεῖ·
1661 1095 1729 1138 καὶ

270 1164 319 1208 τὸ
339 1162 549 1220 λεγόμενον
565 1162 808 1222 εΕξάστῳον.

372 1231 533 1275 Ἐλθών
556 1233 600 1285 δὲ
620 1234 685 1275 καὶ
707 1234 748 1274 ἔν
761 1233 980 1291 Ἀντιοχείᾳ
1001 1236 1052 1289 τῇ
1071 1230 1226 1290 μεγάλῃ
1243 1231 1373 1275 πολλὰ
1392 1232 1459 1274 καὶ
1480 1229 1618 1280 αὐτοῖς
1635 1230 1730 1285 ε’χα-
1742 1236 1785 1271 15

278 1300 443 1358 ρίσατο·
481 1298 659 1355 κληδόνα
687 1300 764 1356 γὰρ
793 1302 904 1355 νίκης
935 1299 1089 1343 ἔδωκαν
1112 1301 1224 1358 αὐτῷ
1245 1298 1477 1356 κράζοντες,
1514 1296 1658 1349 ἐξιόντι
1677 1299 1732 1347 εἷς

276 1367 490 1423 ,Αἴγυπτον
519 1368 623 1410 κατὰ
650 1369 833 1425 Νίγερος.
905 1367 1030 1410 ἔκτισε
1056 1369 1099 1410 δὲ
1124 1375 1211 1418 τοῖς
1234 1368 1372 1416 αὐτοῖς
1395 1367 1636 1421 Ἀντιοχεῦσι
1657 1368 1732 1420 δη·-

277 1434 422 1491 μόσιον
443 1436 616 1493 λουτρὸν
634 1437 736 1492 μέγα
755 1435 867 1492 παρὰ
888 1435 934 1478 τὸ
954 1435 1061 1491 ὅρος,
1087 1435 1108 1478 ὃ
1131 1434 1363 1478 ἐπεκάλεσεν
1382 1437 1437 1483 εἷς
1457 1433 1586 1488 ὄνομα
1606 1433 1732 1476 αὐτοῦ

283 1502 547 1560 Σεβηριανόν.
619 1504 795 1546 ἐκέλευσε
828 1505 871 1546 δὲ
898 1511 983 1553 τοῖς
1006 1503 1156 1546 αὐτόθι
1177 1503 1496 1556 πολιτευομένοις
1513 1501 1555 1544 ἔκ
1572 1506 1644 1557 τῆς
1662 1518 1734 1543 πε-

128 1569 174 1603 ’0
197 1570 264 1650 3815}
290 1573 467 1628 ρισσείας
486 1576 569 1614 τῶν
593 1570 894 1626 ἀπομεινάντων
921 1572 1188 1627 ε’γκαυστικῶν
1205 1569 1426 1628 χρημάτων
1441 1571 1483 1612 ἐκ
1501 1574 1584 1612 τῶν
1605 1571 1732 1624 δημο-
1742 1576 1789 1610 20

286 1642 385 1682 σίων
413 1643 495 1682 τῶν
526 1637 731 1682 πεσόντων
751 1641 883 1682 κτίσαι
903 1644 952 1696 τῇ
977 1638 1089 1682 πόλει
1111 1638 1306 1695 δημόσιον
1324 1637 1496 1695 λουτρὸν
1514 1637 1637 1680 ἄλλο·
1675 1639 1735 1680 οἵ·

281 1724 386 1757 τινες
414 1705 713 1762 πολιτευόμενοι
741 1705 1012 1765 ἀγοράσαντες
1043 1707 1116 1762 τὴν
1149 1709 1277 1751 οἰκίαν
1312 1711 1448 1749 πᾶσαν
1478 1710 1551 1760 τῆς
1576 1707 1736 1760 Λιβίας

284 1780 358 1831 τῆς
376 1777 610 1831 πολιτίσσης
630 1778 696 1818 καὶ
713 1776 761 1819 τὸ
778 1776 950 1832 λουτρὸν
970 1776 1096 1832 αὐτῆς
1111 1778 1178 1819 καὶ
1206 1777 1276 1819 τὸν
1308 1780 1436 1832 κῆπον
1470 1773 1630 1817 ἔκτισαν
1659 1775 1741 1829 ἐκεῖΙ

374 1872 431 1928 113
455 1872 698 1952 Λοὸιδικεῦσιν
720 1871 805 1914 Ch.‚
827 1873 1023 1913 Λαοδικεῖς
1046 1872 1114 1907 Ox.
1224 1874 1278 1909 19.
1301 1871 1506 1918 περισσείας
1529 1870 1612 1913 Ch.‚
1635 1881 1735 1915 περι-

376 1927 476 1958 σειας
530 1929 562 1952 x.

285 1993 399 2035 venit3
421 1994 480 2029 ubi
502 1995 647 2030 laudatis
670 1995 729 2041 qui
751 2000 951 2042 supererant
971 1996 1246 2040 Laodicensibus‚
1267 1995 1412 2042 plurima
1433 1994 1482 2030 eis
1502 1993 1646 2039 largitus
1667 1997 1739 2036 θεὶς

280 2041 361 2084 jure
385 2041 487 2074 etiam
509 2041 762 2087 Metropolitico
785 2042 874 2083 urbi,
898 2043 975 2076 dum
996 2042 1187 2088 Imperator
1207 2042 1281 2088 ipse
1303 2041 1446 2081 viveret,
1469 2051 1637 2074 concesso.
1667 2039 1738 2073 Sed

286 2088 322 2119 et
344 2096 366 2119 a
388 2086 522 2120 nomine
543 2087 643 2120 etiam
666 2099 726 2121 suo
755 2088 979 2122 Laodicenses
1011 2089 1192 2133 Septimius
1223 2087 1389 2134 appellari
1418 2085 1545 2126 voluit3
1577 2084 1739 2130 urbisque

285 2131 502 2165 Laodicenae
536 2132 628 2166 cives
659 2133 855 2177 superstites
888 2134 1069 2168 Senatoria
1103 2134 1271 2178 dignitate
1305 2130 1558 2166 cohonestavit:
1618 2142 1738 2176 nempe

286 2177 378 2220 quod
401 2176 546 2221 Nigrum
577 2177 737 2211 rebellem
773 2179 986 2222 rejicientes,
1023 2179 1126 2214 etiam
1159 2179 1256 2213 armis
1278 2177 1527 2222 impetiverant.
1571 2176 1739 2210 Pecunias

287 2222 389 2256 etiam
410 2221 475 2256 illis
498 2222 748 2256 Frumentarias
772 2224 872 2267 plena
894 2235 992 2258 manu
1015 2224 1131 2265 dedit3
1177 2224 1312 2258 Civicas
1335 2233 1487 2276 quoque,
1518 2233 1601 2266 quas
1623 2222 1659 2255 in
1682 2233 1740 2255 ur-

288 2266 340 2300 bis
371 2267 646 2302 instaurationem
682 2269 848 2302 annuatim
875 2269 1050 2304 solvendas
1073 2270 1198 2304 Edicto
1221 2270 1386 2303 decrevxt.
1435 2267 1546 2310 Niger
1573 2266 1659 2301 enim
1683 2278 1742 2300 ur-

288 2313 364 2346 bem
389 2317 522 2357 captam
544 2312 691 2347 funditus
723 2314 865 2355 evertit,
898 2315 1121 2359 incendioque
1158 2313 1324 2355 vastavit3
1358 2311 1485 2346 civibus
1509 2313 1609 2346 etiam
1633 2312 1742 2346 omni-

290 2358 363 2399 bus,
386 2370 422 2391 se
445 2358 478 2392 ei
501 2358 758 2403 opponentibus,
782 2358 1005 2393 internecioni
1028 2360 1126 2397 datis.
1172 2361 1317 2394 Severus
1340 2363 1450 2392 autem
1472 2358 1741 2403 Hippodromum

290 2409 327 2437 et
350 2403 538 2448 cynegium
562 2402 821 2438 Laodicensibus
845 2405 1015 2447 condidit;
1048 2407 1207 2451 fonteque
1228 2402 1388 2444 inferius,
1413 2414 1520 2448 prope
1544 2404 1636 2437 urbis
1658 2415 1742 2449 por·-

290 2453 358 2482 tam
375 2455 527 2494 reperto,
550 2449 711 2483 Balneum
732 2459 866 2493 quoque
888 2450 1063 2486 Publicum
1087 2451 1247 2485 extruxit-
1293 2449 1488 2483 Hexastoon
1508 2448 1624 2491 etiam,
1649 2447 1741 2493 quod.

289 2499 425 2535 vocant,
449 2494 573 2528 ibidem
591 2493 764 2528 excitavit.

382 2539 594 2574 Antiochiam
618 2551 770 2584 magnam
792 2538 914 2572 deinde
937 2540 1088 2582 veniens,
1110 2540 1254 2586 plurima
1275 2539 1376 2574 etiam
1401 2539 1529 2574 civibus
1551 2538 1668 2580 dedit3
1702 2542 1742 2572 ut

291 2584 350 2629 qui
373 2585 513 2618 exeunti
536 2586 568 2619 ei
590 2585 750 2619 adversus
772 2585 915 2628 Nigrum
937 2584 973 2618 in
999 2588 1208 2630 Aegyptum,
1247 2585 1345 2619 elatis
1367 2585 1524 2626 vocibus,
1565 2583 1742 2618 victoriam

292 2629 429 2664 ominati
452 2631 596 2665 fuerant.
643 2629 804 2664 Extruxit
827 2635 939 2664 autem
961 2630 1009 2665 ibi
1033 2633 1076 2664 ad
1099 2636 1240 2665 montem
1262 2631 1423 2664 Balneum
1442 2630 1626 2671 Publicum,
1650 2629 1740 2674 quod

294 2687 315 2708 a
337 2676 470 2709 nomine
492 2687 551 2710 suo
585 2676 803 2710 Severianum
826 2675 979 2709 vocavit:
1019 2676 1183 2710 Mandato
1221 2676 1321 2710 etiam
1342 2675 1599 2721 Magistratibus
1622 2675 1741 2709 Antio·

291 2720 407 2755 chenis
442 2721 543 2763 dato,
575 2721 628 2755 uti
662 2733 705 2755 ex
727 2720 868 2755 materie
891 2721 1110 2763 monastica,
1142 2733 1183 2756 ex
1205 2722 1409 2756 Balneorum
1432 2721 1649 2766 collapsurum
1666 2718 1742 2758 „rui-

292 2765 342 2799 nis
366 2766 521 2808 residua,
561 2766 724 2801 Balneum
758 2766 851 2801 aliud
872 2766 1043 2801 Publicum
1075 2771 1281 2802 extruerent.
1335 2767 1442 2802 Domo
1471 2766 1590 2810 itaque
1622 2764 1742 2799 Liviae

292 2811 474 2856 cujusdam,
512 2811 594 2847 civis
616 2812 857 2855 Antiochenae,
887 2812 1013 2848 Balneo
1037 2812 1115 2848 item
1137 2813 1303 2858 hortoque
1325 2813 1408 2858 ejus,
1434 2812 1547 2859 pretio
1571 2809 1741 2855 coemptis,
