1838 3230
425 142 1058 192 CHRONOGRAPHIA.
1115 142 1164 186 L.
1192 141 1246 186 X.
1467 146 1569 194 267

96 266 294 323 ἥλθεν·ἓν
308 270 368 327 τῷ
386 266 481 326 ἱερῷ
505 269 581 310 τοῦ
598 264 703 316 Διὸς
719 261 935 323 θυσιάσᾳι,
969 265 1038 308 καὶ
1061 262 1222 322 ἀφανὴς
1241 258 1468 319 γενόμενος,
1503 279 1571 305 τε·

97 341 238 398 λευτᾷ,
270 337 375 380 ἐτῶν
388 335 454 391 με’,
479 334 673 378 εἰπόντων
689 331 855 377 πάντων
875 332 937 376 ὅτι
955 331 1119 390 ἐπήρθη
1138 331 1218 376 ἀπὸ
1238 336 1313 388 τῆς
1333 337 1408 389 γῆς
1425 333 1480 382 εἷς
1499 330 1572 375 τὸν

98 405 217 462 ἀέρα,
242 403 299 456 ὥς
315 402 557 462 φιλόσοφος.
629 401 835 461 ἓφονεύθη
857 403 902 445 δὲ
921 404 1090 460 σφαγεὶς
1108 403 1150 445 ἓν
1172 405 1231 460 τῷ
1250 400 1364 460 αὐτῷ
1383 401 1476 459 ἱερῷ
1495 404 1571 443 τοῦ

98 473 205 524 Διὸς
235 471 318 517 ὖπὸ
342 478 417 529 τῆς
444 470 688 529 συγκλήτου,
725 469 781 522 ὥς
798 469 1061 528 ὑπερήφανος
1081 472 1148 514 καὶ
1167 472 1386 527 ἐνυβρίζων
1405 467 1570 520 αὐτούς.

66 544 245 593 ὄοῖτινες
265 543 520 599 συγκλητικοὶ
557 543 752 597 ἐποίησαν
781 540 832 596 ’ἢν
861 539 998 598 ἐφόρει
1015 538 1212 596 χλαμύδα
1238 544 1459 596 πορφυρᾶν
1480 555 1575 596 κρε-

98 615 316 668 μασθῆναι
341 613 397 662 εἶς
416 611 516 666 μίαν
535 609 680 653 ἅλυσιν
702 614 786 653 τῶν
818 608 947 653 ὄντων
971 610 1013 652 ἐν
1033 614 1092 668 τῷ
1117 609 1210 668 ἱερῷ
1231 607 1445 664 κανδήλων
1459 622 1470 632 ·
1506 609 1575 651 καὶ

98 678 249 731 πάντες
268 679 308 723 οἷ
329 677 518 730 εῗσιόντες
550 681 606 730 εἷς
624 679 671 723 τὸ
695 679 802 737 ἱερὸν
831 678 1080 735 ἠπατοῦντο,
1115 679 1344 733 νομίζοντες
1366 675 1428 721 ὅτι
1447 674 1576 734 ε’πῆρ-

99 753 162 805 θη
185 750 242 799 εἷς
259 747 332 791 τὸν
346 748 463 805 ἀέρα.
535 746 725 806 ἐγνώσθη
754 748 799 790 δὲ
817 747 921 802 μετὰ
941 752 1073 791 ταῦτα
1099 746 1160 790 ὅτι
1181 745 1362 805 ἐσφάγη·
1399 748 1467 790 καὶ
1486 746 1572 803 ἔγέ-
1596 759 1630 795 0
1653 756 1722 797 347

99 834 190 862 νετο
212 817 374 874 ταραχὴ
391 814 571 874 μεγάλη,
612 815 715 860 διότι
749 818 804 867 εἷς
823 816 871 860 τὸ
891 817 998 873 ἱερὸν
1018 815 1190 874 ἐσφάγη.

45 897 92 933 10
202 886 330 930 Μετὰ
352 887 398 930 δὲ
416 886 492 942 τὴν
518 885 731 942 ’βασιλείαν
749 887 1009 940 Δομετιανοῦ
1040 887 1274 940 ἐβασίλευσε
1294 887 1463 941 Νερβᾶς
1479 881 1576 926 Λῦ-
1598 889 1631 925 D

99 971 275 1012 γουστος
294 954 384 1006 ξ’τος
404 953 444 998 α’
466 957 533 998 καὶ
551 959 663 1012 μῆνα
683 953 736 999 α’.
784 949 835 1010 ἦν
851 955 896 997 δὲ
916 956 1173 1010 διμοιριαῒος,
1196 954 1339 1011 γε’ρων,
1362 951 1579 1010 εὐόφθαλ-

99 1041 193 1079 μος,
220 1022 482 1081 μακρόρινος,
503 1024 704 1080 εὕσωμος,
723 1022 974 1079 μιξοπόλιος,
994 1021 1260 1080 μελάγχρους,
1287 1018 1422 1075 οὖλος,
1446 1023 1577 1064 δασυ-

100 1091 275 1149 πώγων,
309 1091 484 1149 ἀγαθός.
555 1094 619 1136 ἐπὶ
646 1093 690 1136 δὲ
710 1097 784 1149 τῆς
806 1092 937 1136 αὐτοῦ
958 1094 1169 1147 βασιλείας
1193 1091 1348 1135 ἔπαθεν
1372 1088 1452 1134 ὑπὸ
1476 1095 1578 1134 θεο-

100 1163 250 1218 μηνίας
271 1161 318 1205 τὸ
336 1163 476 1219 τρίτον
495 1162 624 1218 αῧτῆς
642 1159 784 1212 πάθος
798 1160 1107 1216 Διοκαισάρεια,
1143 1159 1260 1212 πόλις
1280 1165 1356 1217 τῆς
1372 1161 1575 1212 Κιλικίας,

47 1239 92 1275 15
103 1232 170 1273 καὶ
188 1228 438 1281 Νικούπολις
456 1233 522 1274 καὶ
543 1229 568 1287 ἡ
588 1229 708 1288 χώρα
738 1230 879 1286 αὐτῆς.
952 1233 1019 1273 καὶ
1042 1230 1197 1281 εὐθέως
1217 1230 1377 1285 ἔπεμψέ
1390 1247 1481 1272 τινα
1502 1230 1585 1272 ἐκεῖ

103 1298 126 1343 ὃ
144 1299 270 1351 αὐτὸς
292 1299 487 1355 βασιλεὺς
514 1299 778 1357 συγκλητικὸν
802 1297 1005 1354 Ῥωμαῖον
1039 1298 1209 1355 ὀνόματι
1237 1298 1408 1356 Ζάρβον
1443 1300 1500 1348 εἰς
1530 1298 1578 1341 τὸ

101 1370 236 1412 κτίσαι
266 1366 395 1424 αὐτήν
403 1401 417 1423 ,
457 1369 682 1424 παρασχών
717 1368 830 1428 αὐτῷ’
854 1368 960 1412 ὀκτὼ
983 1367 1236 1425 κεντηνάρια.
1310 1370 1377 1411 καὶ
1398 1371 1583 1411 καταλα-

99 1437 191 1493 βὼν
211 1438 287 1494 τὴν
307 1439 497 1482 Κιλικίαν
522 1436 544 1482 ὃ
573 1438 698 1489 αὐτὸς
721 1436 894 1494 Ζάρβος
920 1435 941 1481 ὃ
968 1436 1253 1494 συγκλητικός,
1292 1439 1359 1481 καὶ
1391 1435 1583 1493 ἑωρακὼς

101 1506 156 1550 τὰ
186 1505 451 1562 πεπτωκότα,
495 1507 651 1564 πολλὴν
685 1507 870 1563 σπουδὴν
909 1506 1086 1563 θέμενος
1121 1507 1313 1551 ἀνενίωσε
1342 1506 1416 1562 τὴν
1444 1503 1576 1558 πόλιν,
1603 1508 1636 1542 Ο
1660 1506 1730 1545 348

46 1585 94 1620 20
103 1577 253 1629 βελτίω
275 1576 405 1631 αὐτὴν
434 1575 621 1632 ποιήσας.
695 1575 795 1620 ὅθεν
823 1577 890 1618 καὶ
908 1576 964 1626 εἷς
994 1577 1040 1620 τὸ
1063 1576 1190 1619 αὐτοῦ
1215 1575 1346 1630 ὄνομα
1375 1572 1532 1630 ἐκλήθη
1553 1571 1577 1630 ἡ
1602 1555 1635 1589 Ε

103 1642 245 1697 πόλις,
282 1650 364 1688 τῶν
395 1649 573 1688 πολιτῶν
605 1642 954 1701 εὖχαριστούντων
979 1645 1106 1704 αὐτῷ.
1177 1642 1297 1701 ὁγὰρ
1321 1642 1587 1700 συγκλητικὸς

105 1715 163 1763 εἰς
195 1712 326 1768 ὄνομα
357 1718 431 1756 τοῦ
463 1715 667 1768 βασιλέως
695 1717 842 1771 Νερβᾶ
873 1712 1058 1757 ἐκάλεσεν
1091 1713 1221 1769 αὐτὴν
1248 1711 1368 1757 πόλιν
1395 1710 1579 1770 Νερβάν.

199 1825 233 1861 1.
256 1821 319 1859 καὶ
342 1833 406 1858 om.
430 1822 557 1858 Chron.
581 1834 616 1869 p.
640 1825 722 1860 250.
745 1823 790 1858 D.
868 1824 902 1859 5.
925 1820 1125 1869 πορφύραν
1148 1824 1217 1860 Ox.
1297 1824 1350 1859 12.
1379 1819 1488 1863 οὖλός
1514 1823 1583 1859 Ox.

199 1869 254 1907 15.
280 1867 529 1915 Νικούπολις]
555 1870 660 1904 Immo
679 1867 896 1913 Νικόπολις,
917 1874 958 1905 ut
973 1883 1008 1917 p.
1027 1872 1105 1908 127.
1121 1870 1162 1905 C.
1258 1871 1312 1907 18.
1337 1867 1487 1917 Σάρβος
1512 1870 1583 1904 Ox.

106 1972 229 2004 causa,
258 1961 450 2007 ingressus,
473 1961 604 1997 insidiis
625 1961 661 1996 in
685 1974 760 1998 eum
787 1973 808 1997 a
829 1966 948 1998 senatu
972 1962 1131 2005 structis,
1166 1975 1186 1998 e
1208 1961 1320 1998 medio
1344 1963 1496 1997 sublatus
1519 1965 1583 2004 est,

106 2019 182 2043 eum
205 2019 327 2043 annum
359 2012 482 2053 ageret
502 2019 594 2051 xnv3
631 2020 766 2044 rumore
792 2012 907 2043 tamen
929 2009 966 2044 in
989 2009 1149 2056 populum
1172 2020 1311 2055 sparso,
1348 2014 1484 2054 raptum
1508 2020 1584 2043 eum

106 2053 143 2089 in
167 2053 299 2089 coeium
334 2054 458 2096 fuisse,
495 2058 658 2100 tanquam
690 2056 945 2101 Philosophum.
1005 2057 1132 2091 Verum
1155 2055 1214 2090 ilie
1242 2055 1279 2089 in
1302 2055 1397 2090 Jovis
1420 2055 1524 2096 aede,
1563 2066 1585 2089 a.

108 2105 228 2135 senatu
260 2099 391 2135 occisus
414 2106 487 2143 est3
528 2107 567 2136 ut
591 2100 649 2146 qui
682 2101 955 2136 fastuosissimam
978 2101 1014 2136 in
1038 2114 1096 2137 eos
1129 2101 1344 2148 tyrannidem
1368 2101 1584 2136 exercuisset.

108 2146 212 2182 lussit
243 2153 356 2182 nutem
388 2153 527 2182 senatus
556 2147 777 2193 Chiamydem
808 2159 906 2193 quam
937 2149 1097 2194 gestabat
1129 2159 1335 2194 purpuream
1368 2148 1404 2182 in
1438 2147 1583 2192 Templo

109 2192 292 2238 suspendi,
315 2193 359 2228 ab
383 2204 450 2227 una
473 2198 692 2235 catenarum,
716 2206 736 2228 a
761 2194 880 2239 quibus
905 2194 1078 2228 Candelae
1101 2194 1395 2240 appendebantur.
1428 2193 1584 2234 Quicun-

111 2249 178 2284 que
200 2239 318 2285 itaque
340 2239 502 2284 templum
527 2239 696 2284 ingressi,
720 2240 857 2286 decepti
883 2246 980 2283 sunt,
1006 2240 1236 2276 existimantes
1259 2252 1334 2275 eum
1359 2240 1482 2273 Coelos
1503 2239 1585 2272 sub-

111 2283 228 2320 latum.
279 2284 350 2319 Ubi
373 2297 456 2320 vero
480 2286 630 2320 innotuit
654 2286 789 2320 tandem
815 2286 960 2321 occisum
984 2286 1101 2329 fuisse,
1124 2289 1245 2333 ingens
1266 2287 1302 2321 in
1326 2287 1410 2321 urbe
1433 2291 1509 2319 erat
1531 2290 1587 2319 tu-

111 2330 251 2372 muitus3
280 2343 403 2378 nempe
427 2332 517 2377 quod
541 2331 577 2366 in
602 2332 748 2378 Templo
772 2332 976 2368 interfectus
1001 2338 1100 2368 esset.

203 2375 434 2412 Domitianum
455 2378 491 2412 in
514 2377 657 2424 imperio
681 2379 820 2425 excepit
842 2379 963 2414 Nerva
986 2381 1174 2424 Augustus,
1198 2378 1258 2425 qui
1281 2377 1444 2424 regnavit
1466 2388 1588 2411 annum

115 2431 130 2455 1
152 2424 190 2456 et
206 2433 351 2459 mensem
375 2435 400 2460 1.
447 2424 538 2459 Erat
561 2425 618 2459 hic
641 2428 773 2459 statura
791 2426 914 2470 justam
939 2424 1138 2468 excedente,
1161 2437 1274 2467 senex,
1299 2424 1404 2459 oculis
1427 2422 1588 2469 pulchris,

113 2472 263 2510 mausus,
286 2481 434 2516 corpore
450 2471 538 2505 bene
562 2470 761 2515 composito,
786 2472 963 2513 subcanus,
987 2477 1067 2506 cute
1083 2471 1195 2517 nigra,
1220 2471 1359 2516 crispus,
1383 2470 1494 2504 barba
1516 2468 1589 2503 hir-

114 2518 214 2555 suta,
253 2516 400 2551 moribus
423 2516 549 2562 probis.
606 2517 717 2561 Hujus
752 2518 812 2551 sub
836 2517 980 2564 imperio
1013 2517 1163 2552 divinam
1186 2518 1270 2552 iram
1304 2527 1404 2562 passa
1436 2519 1488 2550 est
1510 2515 1589 2550 vice

114 2558 220 2594 tertia
241 2558 488 2605 Diocaesarea,
513 2561 656 2597 Ciliciae
680 2563 780 2605 urbs3
804 2563 984 2610 Nicopolis
1006 2563 1129 2606 etiam,
1153 2563 1319 2607 regioque
1335 2561 1588 2597 circumvicina.

114 2605 238 2650 ltaque
261 2617 302 2640 eo
325 2607 415 2642 misit
437 2608 630 2653 Imperator
652 2608 760 2644 virum
783 2610 1008 2650 senatorium,
1033 2610 1166 2644 nomine
1188 2609 1360 2649 Zarbum3
1384 2607 1520 2643 traditis
1543 2607 1589 2649 ei,

115 2650 150 2685 in
174 2649 267 2685 urbis
299 2652 599 2698 instaurationem,
632 2665 700 2689 vm
723 2655 938 2690 centenariis.
985 2655 1118 2690 Zarbus
1150 2656 1268 2699 itaque
1290 2653 1325 2688 in
1349 2653 1501 2689 Ciliciam
1525 2666 1588 2688 ve-

116 2696 234 2738 niens,
267 2697 328 2731 ubi
349 2699 442 2733 urbis
464 2700 580 2734 ruinas
603 2701 822 2747 inspexisset,
856 2713 982 2736 summa
1004 2713 1073 2747 qua
1095 2700 1211 2747 pot-uit
1233 2711 1336 2744 cura,
1360 2711 1434 2734 eam
1457 2700 1587 2735 instau-

115 2742 210 2777 ravit
232 2746 268 2776 et
290 2743 325 2776 in
347 2743 463 2779 melius
484 2746 620 2782 refecit.
667 2747 791 2793 Itaque
814 2747 917 2783 etiam
941 2747 1051 2790 cives,
1076 2746 1205 2791 gratias
1231 2745 1264 2781 ei
1293 2747 1519 2793 rependentes
1542 2746 1586 2780 ab

116 2789 189 2832 ejus
211 2788 343 2823 nomine
366 2790 482 2824 urbem
514 2792 682 2837 appellari
705 2794 897 2828 voluerunt.
944 2795 1095 2829 Senator
1117 2792 1205 2828 enim
1228 2803 1302 2828 eam
1325 2797 1428 2829 antea
1451 2793 1496 2829 ab
1519 2793 1586 2827 Im-

116 2834 286 2881 peratoris
308 2835 453 2878 nomine,
475 2835 627 2873 Nervam
649 2839 942 2876 denominaverat.
