1838 3230
259 186 357 233 328
654 177 946 223 IOANNIS
973 179 1316 224 MALALAE

260 296 427 354 ἔχοντας
447 295 648 352 κληδόνα,
686 297 808 341 εἰπών
826 299 916 355 περὶ
937 302 1019 342 τῶν
1043 298 1179 343 αὐτῶν
1193 298 1428 355 Ἀντιοχέων
1447 295 1590 355 λόγον,
1622 299 1717 343 δια-

259 364 426 421 βάλλων
454 366 604 416 αὖτοῦς
636 364 692 416 ὥς
718 363 953 422 τυράννους.
1035 369 1102 410 καὶ
1128 368 1332 423 προέθηκε
1358 368 1429 411 τὸν
1461 367 1547 412 κατ’
1573 365 1717 423 ἀὖτῶν

261 434 444 492 ῥηθέντα
465 435 559 491 παρ’
586 434 713 477 αὐτοῦ
741 432 861 490 λόγον
894 433 970 485 ἔξω
998 440 1072 478 τοῦ
1102 437 1302 478 παλατίου
1323 440 1398 491 τῆς
1417 435 1545 491 αὐτῆς
1563 433 1718 486 πόλεως

139 511 172 545 O
198 512 241 546 16
263 505 320 553 εἷς
337 503 383 546 τὸ
404 501 614 558 λεγόμενον
628 499 894 558 Τετρᾷπυλον
915 507 996 546 τῶν
1015 502 1244 560 ἐλεφάντων
1264 505 1434 559 πλησίον
1457 509 1530 560 τῆς
1541 501 1715 559 Ῥηγίας.

363 571 448 614 Καὶ
482 570 661 620 ἐξελθών
688 570 757 613 διὰ
785 575 867 614 τῶν
897 574 1166 628 Κυρηστικῶν
1195 571 1357 627 ἀπῆλθε
1385 571 1488 615 κατὰ
1516 574 1750 627 Περσῶν·5

262 636 559 695 παρερχόμενος
583 639 627 681 δὲ
649 638 716 681 διὰ
732 636 875 695 Κύρου
894 643 967 694 τῆς
997 638 1150 690 πόλεως
1170 640 1211 682 ἓν
1241 645 1291 696 τῇ
1316 638 1433 700 χώρᾳ
1468 638 1569 682 εἶδεν
1598 638 1720 694 ὄχλον

212 711 243 746 C
265 705 422 750 ἑστῶτα
439 707 480 749 ἒν
504 710 562 764 τῷ
581 708 767 765 σπηλαίῳ
791 711 864 750 τοῦ
884 704 998 762 ἁγίου
1018 709 1221 761 Δομετίου
1251 710 1317 750 καὶ
1338 707 1507 763 ἰώμενον
1525 707 1619 764 παρ’
1644 707 1721 750 αὗ-

262 779 351 818 τοῦ.
399 776 466 816 καὶ
488 774 620 833 ε’ρωτᾷ
640 792 753 824 τινας
773 776 835 825 τίς
853 775 962 817 ἐστιν
982 776 1128 826 ἐκεῖνος
1145 774 1164 819 ὅ
1184 774 1455 831 συναγόμενος
1477 775 1620 830 ὅχλος;
1653 776 1722 818 καὶ

261 841 416 896 Ξζιιαθεν
436 840 498 885 ὅτι
517 843 558 884 ἐν
579 847 636 900 τῷ
655 844 841 901 σπηλαίῳ
861 847 935 885 τοῦ
957 841 1078 899 ὄρους
1095 845 1178 895 ἐστὶ
1193 844 1372 899 μοναχός
1389 847 1454 887 καὶ
1475 844 1577 899 πρὸς
1596 843 1722 886 αὐτὸν

264 908 478 966 συνάγεται
506 908 527 953 ὅ
560 909 686 961 ἑστὼς
717 910 858 966 ὄχλος,
891 911 1029 954 θέλων
1061 914 1231 968 ῗαθῆναι
1249 914 1314 954 καὶ
1334 912 1604 968 εὖλογηθῆναι
1621 911 1716 968 παρ’
1731 921 1775 955 10

265 978 406 1021 αὐτοῦ.
477 980 543 1021 καὶ
562 977 738 1034 ἐδήλωσε
760 984 817 1037 τῷ
837 976 936 1036 ἁγίῳ
958 981 1148 1038 Δομετίῳ
1170 978 1190 1022 ὃ
1209 980 1400 1034 βασιλεὺς
1413 979 1631 1029 Ἰουλιανὸς
1654 972 1722 1022 διὰ
1753 1006 1770 1013 ν

265 1046 574 1104 ῥεφερενδαρίου
592 1051 831 1101 χριστιανοῦ
852 1051 986 1089 ταῦτα
1001 1061 1011 1071 ·
1052 1048 1138 1091 Διὰ
1158 1047 1206 1091 τὸ
1227 1048 1368 1103 ἀρέσαι
1387 1053 1445 1106 τῷ
1463 1052 1550 1106 θεῷ
1572 1065 1647 1091 σου
1666 1049 1723 1098 εἰς

263 1114 311 1157 τὸ
331 1112 530 1169 σπήλαιον
551 1117 756 1170 εῗσῆλθες·
793 1114 1029 1170 ἀνθρώποις
1049 1116 1107 1171 μὴ
1128 1116 1223 1159 θέλε
1243 1116 1436 1170 ἀρέσκειν,
1456 1116 1560 1159 ἀλλὰ
1583 1117 1720 1167 ῗδίαζε.

264 1183 333 1224 καὶ
358 1180 636 1237 ἀπεδήλωσεν
666 1183 777 1241 αὐτῷ
809 1181 829 1226 ὃ
860 1182 972 1238 ἅγιος
1000 1183 1295 1238 Δομε’τιος’ὅτι
1325 1183 1396 1234 Ὡς
1424 1189 1481 1243 τῷ
1502 1189 1589 1242 θεῷ
1607 1181 1724 1226 ἐκδό-

266 1247 416 1306 σαντός
433 1267 514 1303 μου
534 1250 608 1303 τὴν
627 1252 764 1305 ψυχὴν
782 1253 846 1293 καὶ
868 1251 913 1293 τὸ
931 1256 1050 1305 σῶμα
1071 1254 1114 1295 ἐκ
1134 1256 1286 1295 πολλοῦ
1304 1251 1454 1309 χρόνου
1474 1254 1516 1295 ἓν
1537 1254 1721 1311 τῷσπη-
1734 1259 1776 1296 15

265 1319 367 1375 λαίῳ
390 1315 524 1375 τούτῳ
549 1319 725 1372 ἐμαυτὸν
748 1319 982 1368 ἀπέκλεισα·
1019 1319 1090 1362 τὸν
1114 1321 1158 1362 δὲ
1176 1319 1277 1374 πρός
1298 1338 1347 1374 με
1370 1319 1584 1375 ἐρχόμενον
1604 1319 1724 1376 ι’)’χλον

266 1386 308 1428 ἓν
330 1387 459 1428 πίστει
479 1385 715 1429 ἃποδιώκειν
738 1386 785 1429 οὗ
807 1385 995 1440 δύναμαι.
1067 1390 1133 1429 καὶ
1153 1389 1352 1430 ἐκέλευσεν
1374 1386 1394 1431 ὅ
1415 1388 1606 1442 βασιλεὺς
1621 1388 1722 1430 Ἰου-

212 1459 245 1494 D
268 1453 406 1503 λιανὸς
427 1453 710 1509 ἀναφραγῆναι
742 1454 789 1497 τὸ
821 1453 1019 1508 σπήλαιον
1038 1457 1171 1505 λίθοις
1190 1455 1378 1511 μεγάλοις
1394 1459 1458 1498 καὶ
1477 1455 1576 1498 εἶναι
1599 1455 1723 1498 αὐτὸν

265 1521 340 1564 τὸν·
357 1522 512 1563 δίκαιον
533 1521 625 1565 ἔσω.
685 1525 750 1564 καὶ
770 1524 813 1564 ἐκ
832 1521 979 1565 τούτου
1001 1522 1215 1578 ἐτελειώθη
1237 1522 1257 1566 ὁ
1277 1523 1386 1579 ἅγιος
1406 1524 1620 1578 Δομέτιος.

143 1595 175 1631 O
201 1596 245 1632 17
370 1591 456 1632 Καὶ
474 1590 623 1631 κατιών
645 1588 666 1632 ὅ
688 1590 810 1640 αὐτὸς
827 1591 1016 1643 βασιλεὺς
1029 1591 1246 1641 Ἰουλιανὸς
1266 1592 1368 1634 κατὰ
1391 1589 1780 1647 Σαββουραρσά-ΞΟ

266 1674 354 1711 κου,
375 1657 774 1715 βασιλέωςΠερσῶν,
795 1659 1055 1716 κατέφθασεν
1071 1661 1111 1702 ἐν
1120 1658 1335 1717 Ἱεραπόλει
1349 1674 1358 1684 ·
1379 1662 1446 1703 καὶ
1465 1660 1632 1715 πέμψας
1649 1677 1725 1702 κα-

360 1801 396 1835 2.
416 1797 622 1844 προσέθηκε
644 1801 711 1835 Ox.
779 1801 812 1836 5.
837 1801 1074 1847 Κηρυστικῶν
1097 1802 1165 1836 Ox.
1236 1803 1289 1836 12.
1314 1800 1410 1845 Διά]
1434 1802 1486 1837 Εἰ
1507 1800 1571 1838 διιὲ
1594 1801 1724 1837 Chron.

360 1846 483 1880 Pasch.
507 1858 541 1892 p.
565 1848 645 1882 297.
668 1846 712 1881 D.
805 1846 860 1884 14.
884 1849 935 1894 τῷ
954 1849 1031 1895 θεῷ
1055 1848 1204 1890 Chron.‚
1227 1847 1295 1883 τοῦ
1315 1849 1412 1883 θεοῦ
1435 1848 1502 1883 Ox-

270 1972 340 2003 tem
362 1979 491 2013 poenas
514 1972 557 2005 ab
581 1971 645 2005 illis
669 1975 874 2014 exacturum,
900 1986 940 2008 eo
965 1973 1053 2018 quod
1077 1973 1220 2007 adversa
1242 1972 1306 2007 sibi
1328 1971 1466 2007 ominati
1489 1973 1610 2008 essent.
1634 1969 1728 2012 Quin

275 2019 312 2048 et
334 2014 532 2048 Orationem
564 2022 685 2051 contra
714 2018 953 2053 Antiochenses
982 2019 1152 2059 condidit3
1192 2018 1228 2052 in
1252 2030 1318 2063 qua
1346 2017 1539 2053 rebellionis
1570 2029 1628 2051 eos
1650 2028 1727 2050 reos

274 2059 432 2105 peragit:
468 2072 567 2105 quam
591 2062 723 2106 quidem
747 2065 945 2098 Orationem
969 2071 1066 2099 extra
1090 2064 1258 2098 Palatium
1281 2064 1542 2104 Antiocheam,
1579 2062 1622 2097 ad
1646 2062 1728 2096 Ele-

274 2105 475 2150 phantorum
499 2106 737 2154 Tetrapylum‚
763 2110 852 2153 quod
879 2122 986 2156 prope
1009 2110 1152 2154 Regiam
1175 2115 1237 2151 est,
1262 2110 1371 2154 palam
1395 2108 1542 2154 appendi
1559 2107 1670 2152 jussit.

367 2150 456 2184 Tum
478 2162 560 2185 vero
585 2159 702 2187 contra
726 2154 847 2189 Persas
870 2167 963 2190 arma
986 2168 1138 2197 movens,
1173 2167 1234 2200 per
1257 2155 1508 2198 Cyrrhesticam
1531 2153 1624 2187 ducit
1646 2152 1726 2188 iter.

277 2196 446 2240 Cyrrhum
469 2201 598 2238 autem,
636 2198 783 2242 regionis
804 2200 892 2235 illius
915 2203 1041 2243 urbem,
1066 2200 1292 2246 praeteriens,
1326 2201 1460 2233 turbam
1483 2198 1659 2243 conspexit
1682 2198 1727 2232 ad

278 2241 317 2275 S.
341 2241 482 2275 Domitii
505 2242 631 2276 Cellam
655 2245 854 2287 astantium,
891 2247 948 2291 qui
973 2248 1015 2280 ab
1040 2259 1079 2281 eo
1113 2246 1303 2280 morborum
1325 2245 1527 2278 sanationem
1551 2245 1726 2289 petebant.

278 2286 503 2332 Interrogatis
525 2292 634 2321 autem
658 2288 872 2333 quibusdam,
906 2293 990 2336 quid
1013 2292 1078 2326 sibi
1100 2292 1202 2326 vellet
1223 2291 1286 2325 iste
1309 2290 1425 2335 populi
1449 2301 1646 2331 concursus,
1670 2301 1727 2323 re-

279 2343 432 2377 sponsum
454 2332 551 2374 tulit3
576 2333 775 2368 Monachum
800 2337 921 2371 montis
943 2338 977 2371 in
1000 2339 1159 2382 spelunca
1181 2337 1327 2380 degere,
1353 2335 1395 2369 ad
1417 2347 1514 2380 quem
1538 2336 1638 2369 turba
1661 2334 1727 2369 ista

280 2383 490 2422 congregata
513 2383 583 2419 est,
614 2380 664 2413 uti
686 2381 875 2415 morborum
897 2395 1029 2416 suorum
1053 2383 1233 2422 medelam,
1257 2387 1291 2415 et
1313 2380 1579 2415 benedictionem
1603 2380 1726 2415 abillo

279 2423 462 2468 accipiant.
507 2423 658 2459 Julianus
679 2424 794 2470 itaque
816 2427 1014 2471 Imperator,
1040 2439 1103 2473 per
1126 2427 1403 2461 Referendarium
1428 2426 1664 2467 Christianum,
1688 2426 1727 2459 S.

280 2467 460 2502 Domitium
480 2470 632 2511 monuit,
654 2472 765 2505 verbis
787 2472 895 2505 hisce=
929 2475 1128 2516 Speluncam
1144 2474 1304 2513 intrasti,
1327 2477 1364 2506 ut
1390 2473 1458 2505 Deo
1477 2477 1535 2505 tuo
1552 2473 1728 2516 placeres:

281 2525 324 2547 ne
342 2515 454 2559 igitur
472 2516 515 2548 dc
538 2516 725 2550 hominibus
748 2518 924 2561 placendis
941 2520 986 2551 sis
1003 2520 1173 2558 solicitus,-
1206 2519 1265 2552 sed
1283 2518 1474 2551 solitariam
1496 2529 1586 2561 agas
1604 2518 1726 2551 vitam.

280 2558 502 2604 Respondens
525 2560 557 2594 ei
579 2562 616 2594 S.
641 2562 823 2596 Domitius:
856 2564 946 2608 Ego,
969 2563 1089 2607 inquit,
1116 2566 1200 2602 Deo,
1226 2564 1282 2606 qui
1299 2575 1419 2606 corpus
1442 2564 1536 2604 mihi,
1561 2564 1729 2596 animum-

283 2616 345 2648 que
366 2606 479 2646 dedit,
503 2607 539 2639 in
557 2607 623 2640 Ιιαο
648 2610 806 2652 spelunca
822 2614 941 2642 memet
959 2610 1159 2643 includendo
1178 2609 1387 2652 jampridem
1406 2609 1598 2642 consecravi
1606 2620 1619 2647 ,·
1659 2609 1731 2642 Po-

278 2651 397 2694 pulum
415 2663 513 2691 vero‚
538 2663 578 2685 ex
596 2654 673 2695 fide
691 2655 738 2687 ad
758 2665 810 2688 me
828 2655 1030 2694 venientem,
1055 2666 1169 2688 arcere
1190 2667 1255 2687 non
1270 2665 1417 2698 possum.
1464 2654 1645 2687 Caeterum
1665 2653 1727 2686 Ju-

281 2695 389 2729 lianus
410 2696 618 2740 Imperator,
643 2699 822 2743 speluncae
843 2711 898 2740 os,
920 2699 1065 2743 aggestis
1086 2699 1253 2743 lapidibus
1277 2699 1478 2742 ingentibus,
1504 2698 1727 2741 occludijus-

283 2739 339 2781 sit,
362 2740 436 2775 viro
456 2742 549 2785 justo
572 2743 662 2777 intus
684 2744 823 2780 incluso.
867 2748 980 2789 Atque
1001 2746 1088 2778 hunc
1112 2744 1201 2778 vitae
1224 2745 1323 2777 finem
1347 2745 1466 2779 habuit
1489 2744 1524 2777 S.
1549 2743 1725 2777 Domitius,

372 2786 560 2831 Imperator
582 2793 691 2823 autem
712 2791 882 2832 Julianus,
905 2790 940 2824 in
959 2791 1260 2830 Sabburarsacem,
1280 2790 1455 2824 Persarum
1477 2801 1604 2833 regem,
1627 2799 1726 2822 exer-

284 2829 384 2865 citum
408 2834 552 2877 ducens,
583 2834 793 2881 Hierapolim
817 2836 929 2879 venit3
960 2835 1062 2871 missis
1084 2835 1119 2870 in
1142 2836 1373 2878 Samosatam,
1398 2833 1646 2882 Euphratesiae
1668 2844 1726 2867 ut-
