1838 3230
271 215 373 262 290
577 241 580 246 -
679 207 962 253 IOANNIS
991 208 1331 253 MALALAE

274 347 369 379 των.
441 330 506 372 καὶ
539 325 751 383 ἀνήγειραν
780 326 892 369 αὐτῶ
921 326 958 369 οἷ
983 326 1194 381 Ἀντιοχεῖς
1221 324 1374 383 στήλην
1393 328 1434 370 ἓν
1455 325 1609 385 Δάφνῃ
1625 343 1732 387 plap-

275 399 473 455 μαρίνην,
512 394 831 451 ἐπιρράψαντες,
865 371 1117 451 Ἀρταβάνης
1136 397 1278 438 αἰωνία
1296 394 1448 481 μνήμη.

372 464 420 507 ‘0
439 466 482 506 δὲ
500 463 622 512 αὐτὸς
641 461 866 516 Κόμμοδος
882 463 1073 516 βασιλευς
1096 463 1289 506 ἀπελθών
1313 465 1367 513 εἷς
1391 464 1463 506 τὸν
1486 461 1595 506 οικον
1617 465 1735 506 Φαυ-

276 534 413 576 στίνου
425 565 439 585 ‚
477 535 692 587 συγγενοῦς
715 529 843 573 αὐτοῦ
855 563 869 583 ,
901 531 980 574 ἀπὸ
1001 531 1216 585 αἶματικοῢ
1232 535 1365 587 χυμοῦ
1388 529 1556 589 ἀθρόως
1579 529 1735 574 ἐτελεύ-

273 617 384 655 τησε.
1745 610 1767 645 5

132 672 165 706 Ο
188 673 258 708 382
382 666 506 710 Μετὰ
537 667 581 711 δὲ
618 664 691 719 τὴν
717 665 925 719 βασιλείαν
957 664 1185 720 Κομμόδου
1222 667 1454 720 ἐβασίλευσε
1483 666 1687 723 Περτίναξ
1713 664 1737 712 ἃ

225 741 256 774 Β
280 738 345 779 καὶ
366 734 550 783 Λούκιος
570 733 812 789 Αὔγουστος
829 738 962 787 μῆνας
981 732 1022 786 β’
1044 736 1110 776 καὶ
1129 733 1283 791 ἡιὲρας
1303 733 1368 789 ιη’.
1428 730 1478 789 ἦν
1499 736 1543 777 δὲ
1560 732 1733 790 μακρός,

277 801 469 859 εὐθώραξ
481 836 494 855 ,
540 803 737 858 ἐπίρινος,
785 799 1010 858 ἅπλόθριξ,
1045 801 1416 859 μεγαλόφθαλμος,
1453 803 1602 858 γε’ρων,
1641 801 1736 845 ὅλο-

277 871 432 920 πόλιος.
504 874 671 928 τελευτᾷ
699 869 743 911 δε
765 870 929 925 σφαγεὶς
948 868 1028 912 ὑπὸ
1051 874 1133 912 τῶν
1156 887 1438 926 στρατιωτιυν,
1475 868 1530 920 ὡς
1547 868 1733 926 ἐξήρχετο

278 958 322 983 εκ
341 944 413 982 τοῦ
437 939 636 980 παλατιου
658 939 713 986 εἷς
732 937 802 979 τὸν
827 935 1045 993 Μάρτιον,
1084 937 1140 980 ὢν
1159 939 1259 981 ε’τῶν
1283 937 1330 982 ο’.
1746 948 1790 981 10

380 1006 505 1049 Μετὰ
535 1007 578 1048 δὲ
609 1005 682 1059 τὴν
711 1006 919 1058 βασιλείαν
949 1006 1202 1062 Περτίνακος
1220 1007 1452 1060 ἐβασίλευσε
1471 1006 1616 1055 Δίδιος
1630 1004 1734 1048 Ἰου-

277 1073 455 1124 λιανὸς
435 1094 456 1118 ο
477 1076 543 1116 καὶ
565 1075 730 1127 Σίλβιος
748 1077 882 1127 μῆνας
903 1071 946 1125 ζ’.
1016 1092 1067 1129 ην
1087 1075 1132 1116 δὲ
1151 1072 1328 1131 μακρός,
1363 1071 1624 1128 μιξοπόλιος,
1663 1073 1735 1116 οὗ·

277 1142 447 1198 λόθριξ,
484 1140 711 1198 σύνοφρυς,
749 1139 1032 1197 ὖπόστραβος,
1070 1140 1471 1199 λεπτοχαράκτηρος,
1507 1143 1731 1198 μελίχρους.

201 1221 206 1277 3'
370 1210 526 1252 ’Ἐκτισε
559 1211 603 1251 δὲ
636 1210 676 1251 ἓν
702 1209 920 1268 Ἀντιοχείᾳ
950 1214 1002 1266 τῇ
1033 1208 1186 1268 μεγάλῃ
1215 1211 1262 1253 τὸ
1289 1209 1500 1266 λεγόμενον
1530 1209 1731 1266 Πλεθρίν,

202 1279 210 1328 ‘3
278 1278 414 1333 ἐπειδὴ
446 1279 501 1327 εις
528 1277 575 1320 τὸ
608 1277 785 1332 θέατρον
813 1278 1023 1320 επετέλουν
1053 1278 1127 1327 τὰς
1151 1276 1284 1328 πάλας
1309 1280 1350 1321 ἐν
1375 1285 1459 1327 τοῖς
1485 1277 1732 1332 ’ᾞΟλυιιπιοις
1747 1283 1789 1317 15

200 1335 206 1354 ³
278 1348 345 1389 καὶ
377 1346 444 1388 διὰ
477 1343 685 1400 μηνύσεως
705 1349 787 1387 τῶν
815 1349 888 1399 τῆς
911 1343 1063 1395 πόλεως
1080 1345 1318 1401 Ἀντιοχείας
1341 1363 1548 1409 κτητορων
1566 1346 1736 1400 δεηθέν-

206 1405 255 1501 ’ῑο
276 1431 360 1457 των
393 1414 590 1470 παρέσχεν
621 1413 760 1462 αὐτοῖς
781 1430 975 1468 χρηματα
1004 1415 1059 1462 εἷς
1096 1413 1142 1455 τὸ
1171 1416 1303 1456 κτίσαι
1335 1413 1382 1456 τὸ
1403 1407 1504 1455 αὐτο
1524 1414 1732 1469 Πλεθρίν·

127 1514 160 1548 0
184 1514 254 1550 383
279 1484 345 1525 καὶ
366 1481 526 1524 ε’κτισαν
548 1481 647 1523 αὐτὸ
668 1482 837 1535 πλησίον
858 1485 931 1523 τοῢ
952 1482 1196 1538 Καισαρίου,
1223 1479 1495 1537 ἀγοράσαντες
1513 1480 1585 1535 τὴν
1605 1482 1734 1523 οἰκίαν

270 1550 489 1604 Ἀσαβίνου
510 1548 816 1602 πολιτευομένου
825 1581 838 1600 ,
870 1548 1071 1591 Ἰουδαίου
1095 1549 1168 1604 τὴν
1188 1551 1436 1606 θρησκείαν,
1473 1551 1642 1603 πλησίον
1659 1552 1733 1590 τοῦ

277 1617 444 1666 Ξυστοῦ
465 1618 622 1659 καὶτοῦ
644 1618 886 1670 Κομμοὸίου
905 1618 1116 1671 δημοσίου.
1186 1615 1340 1673 ἐσφάγη
1368 1618 1412 1659 δὲ
1437 1614 1457 1658 ὃ
1483 1616 1606 1666 αὐτὸς
1626 1616 1731 1658 ’Ῑου-
1742 1623 1790 1657 20

276 1686 413 1735 λιανός
445 1687 591 1734 Δίδιος
617 1682 695 1727 ὕπὸ
722 1686 1056 1741 κουβικουλαρίου
1091 1686 1146 1734 εἲς
1175 1685 1249 1740 τὴν
1279 1684 1409 1740 πηγὴν
1431 1688 1506 1727 τοῦ
1533 1685 1732 1727 παλατίου

365 1806 400 1840 2.
423 1801 653 1860 Ἀρταβάνης
666 1804 800 1840 αἰωνίοι
821 1801 1004 1849 μνήμη],
1007 1803 1128 1845 Forte
1149 1803 1336 1848 legendum,
1355 1800 1604 1860 Ἆρτοιβάνους.
1650 1802 1732 1838 Chr.

365 1850 465 1884 Alex.
489 1851 609 1884 habet.
644 1847 847 1896 Ἀρταβὰνει
871 1850 894 1895 ἡ
918 1848 1042 1907 μνήμη
1068 1851 1226 1884 οείωνίοι.ι
1215 1852 1239 1869 “
1277 1849 1342 1883 Ch.
1397 1849 1492 1882 Fort.
1521 1846 1555 1883 ’A
1555 1846 1731 1894 ρταβάνη.

363 1895 444 1929 Vid.
469 1896 514 1930 ad
536 1907 569 1941 p.
595 1896 672 1931 115.
695 1896 740 1930 Ε.
835 1898 888 1933 16.
914 1894 1121 1941 δεηθέντων
1145 1896 1232 1937 Ch.,
1264 1895 1480 1940 θεηθέντων
1503 1894 1571 1929 Ox.

275 2000 343 2031 tem
375 2008 467 2030 suam
501 1996 548 2030 eis
582 1996 749 2031 donasset.
805 1997 895 2032 Huic
917 1998 1042 2051 itaque
1067 1995 1308 2031 Antiochenses
1339 1999 1482 2030 statuam
1506 1982 1730 2030 Marmoreum

275 2042 321 2075 ad
343 2042 520 2087 Daphnem
544 2047 728 2087 posuerunt
752 2054 825 2077 cum
849 2044 913 2077 hac
937 2042 1181 2088 Inscriptione·
1216 2043 1402 2077 Artabanis
1422 2041 1584 2075 memoria
1609 2042 1731 2085 sempi-

274 2093 385 2122 terna.

367 2132 563 2165 Commodus
587 2136 701 2166 autem
735 2133 943 2177 Imperator,
981 2133 1058 2167 dum
1079 2132 1174 2187 apud
1197 2131 1414 2172 Faustinum,
1448 2130 1730 2184 consanguineum

278 2189 381 2218 suum,
406 2177 685 2218 commorabatur,
709 2178 878 2222 sanguinis
899 2178 994 2212 fluxu
1017 2178 1126 2213 subito
1149 2181 1336 2230 correptus,
1358 2175 1498 2209 interiit.

368 2222 535 2257 Defuncto
569 2222 772 2265 Commodo,
816 2223 993 2269 imperium
1025 2223 1172 2258 obtinuit
1201 2221 1321 2256 Lucius
1352 2221 1514 2255 Pertinax
1546 2222 1729 2265 Augustus,

275 2279 403 2302 menses
427 2278 455 2301 11
478 2273 514 2301 et
535 2267 607 2300 dies
630 2277 727 2302 xv111.
776 2269 866 2303 Erat
892 2274 1004 2304 autem
1027 2279 1201 2315 procerus,
1225 2270 1366 2312 pectore
1387 2266 1496 2308 firmo,
1518 2278 1598 2301 naso
1622 2267 1730 2301 adun-

278 2326 332 2355 co,
357 2313 521 2366 capillitio
547 2312 661 2358 plano,
695 2313 803 2346 oculis
825 2315 1021 2358 grandibus,
1045 2324 1158 2355 senem,
1182 2316 1340 2356 totusque
1362 2323 1473 2345 canus.
1519 2313 1549 2345 A
1572 2311 1729 2345 militibus

277 2363 388 2392 autem
412 2358 538 2392 occisus
562 2362 631 2399 est,
663 2356 742 2391 dum
765 2370 807 2393 ex
831 2360 992 2404 palatio*
981 2372 1017 2393 ιιι
1041 2360 1201 2404 Campum
1225 2357 1386 2392 Martium
1407 2356 1583 2402 procedit,
1607 2357 1729 2392 aetatis

276 2415 356 2438 suae
379 2415 465 2437 anno
487 2414 565 2436 Lxx.

367 2449 452 2482 Post
484 2448 593 2489 hunc,
622 2447 803 2493 imperavit
833 2448 951 2483 Didius
982 2449 1153 2491 Julianus,
1192 2447 1251 2493 qui
1281 2450 1317 2482 et
1339 2446 1484 2489 Silvius,
1516 2457 1643 2481 menses
1664 2457 1728 2481 vn.

276 2494 369 2527 Erat
392 2498 505 2528 autem
525 2504 696 2547 procerus,
728 2494 904 2535 subcanus‚
939 2495 1101 2539 capillitio
1126 2493 1249 2538 crispo,
1277 2492 1402 2537 junctis
1425 2492 1626 2539 superciliis,
1649 2493 1728 2527 sub-

278 2539 427 2579 strabus,
450 2538 539 2572 facie
562 2538 673 2579 tenui,
702 2539 814 2573 colore
840 2539 940 2573 flavo.

368 2583 534 2618 Extruxit
555 2584 610 2618 hic
634 2582 833 2617 Antiochiae
864 2584 1013 2628 Magnae
1037 2585 1212 2619 Plethrum
1235 2582 1328 2628 quod
1349 2586 1483 2618 vocant.
1531 2583 1615 2618 Cum
1640 2582 1727 2617 enim

277 2631 400 2670 antea,
440 2640 529 2673 quae
558 2628 594 2662 in
617 2628 720 2663 Ludis
743 2629 930 2674 olympicis
960 2629 1037 2663 fieri
1067 2630 1241 2670 solebant,
1278 2629 1473 2664 Palaestrae
1502 2628 1538 2662 in
1573 2629 1726 2662 'lheatro

278 2673 430 2716 agitatae
455 2675 613 2716 fuissent,
653 2673 790 2715 Didius,
825 2677 949 2719 rogatu
974 2674 1095 2708 civium
1117 2675 1209 2708 urbis
1232 2673 1451 2716 Antiochiae,
1482 2673 1640 2720 pecunias
1663 2684 1726 2717 po-

278 2719 359 2762 pulo
383 2719 526 2763 largitus
548 2723 616 2760 est,
654 2719 705 2752 ad
721 2699 894 2754 Ple’thrum
920 2719 1171 2753 conficiendum.
1219 2719 1322 2760 Quod
1347 2723 1382 2754 et
1404 2720 1530 2753 factum
1554 2723 1625 2759 est,
1660 2729 1726 2752 non

279 2764 397 2806 procul
422 2776 442 2798 a
465 2764 646 2818 Caesari-03
677 2764 794 2799 Pretio
818 2764 1018 2809 comparatis
1042 2765 1077 2798 in
1099 2764 1134 2798 id
1158 2764 1296 2798 aedibus
1318 2764 1477 2806 Asabini,
1500 2743 1625 2798 Judnei’

277 2808 442 2850 sessione,
483 2809 541 2854 qui
565 2809 667 2843 etiam
691 2821 732 2843 ex
764 2810 854 2845 urbis
877 2809 1134 2855 Magistratibus
1157 2809 1240 2850 fuit,
1278 2820 1388 2855 prope
1410 2809 1468 2853 Xy
1468 2814 1551 2843 stum
1586 2812 1622 2842 et
1675 2807 1725 2841 al-

278 2863 377 2888 neum
401 2853 670 2890 Commodianum
692 2854 774 2891 sitis.
829 2854 947 2890 Didius
970 2859 1080 2891 autem
1112 2854 1281 2898 Julianus,
1319 2854 1398 2890 dum
1421 2855 1465 2890 ad
1488 2855 1614 2891 fontem
1635 2851 1726 2887 intra
