1838 3230
290 159 392 190 xm
787 142 1237 198 PROLEGOMENA.

288 254 493 304 Mddem,
524 257 659 297 eodem
685 271 847 311 prorsus
868 259 986 298 modo
1014 273 1093 312 quo
1121 260 1169 299 ab
1190 261 1289 313 Imp.
1313 258 1565 314 Constantino
1581 264 1732 317 praeci-

287 332 371 364 tato
401 325 623 364 nominatur
656 325 887 378 simpliciter
923 326 1089 367 Ioannes
1117 327 1288 368 Mateta.
1355 329 1424 368 liis
1457 329 1580 381 adde,
1622 332 1732 384 quod

290 405 380 431 cum
400 406 489 432 eum
510 394 663 432 Tzetzes
681 401 981 446 commemorat,
1009 396 1242 435 mentionem
1270 396 1319 435 de
1344 397 1413 435 illo
1439 398 1569 437 facere
1591 399 1747 443 videa-x

287 466 356 498 tur
373 468 559 512 tanquam
580 461 628 500 de
651 461 798 499 Autore
829 476 850 498 a
881 476 920 502 se
944 476 1024 501 non
1053 470 1139 502 ante
1160 470 1393 514 memorato3
1424 478 1512 503 cum
1540 472 1654 505 antea
1667 473 1729 506 ta-

287 542 373 567 men
394 529 435 567 in
463 528 598 567 eodem
619 528 746 579 Opere
767 527 953 568 Joannem
971 528 1257 569 Antiochenam
1285 532 1466 571 citasset:
1501 535 1632 573 Ταῦτα
1657 531 1731 585 μὲν

287 593 467 648 Ιωάννης
509 611 567 642 τις
608 594 712 646 (hoc
741 595 867 646 noto)
900 595 1079 648 Μελέλης
1104 594 1387 651 χρονογράφος.
1458 597 1572 641 Haec
1606 599 1730 641 tradit

287 662 455 703 Joannes
472 661 628 714 quidam
651 660 813 701 Meleles
834 660 1167 716 Chronographus.
1691 714 1694 718 Ι

397 731 442 770 V.
501 729 606 768 Haec
625 743 712 768 cum
730 730 785 768 ita
804 743 845 768 se
863 728 1043 779 habeant,
1062 731 1219 770 Lectori
1237 732 1402 770 liberum
1424 739 1504 771 esto
1522 733 1727 786 judicium,

284 804 419 837 utrum
437 797 539 836 idem
559 797 611 835 sit
630 797 704 835 iste
734 796 795 837 Jo.
817 795 1108 847 Antiochenus,
1139 798 1208 850 qui
1237 813 1260 837 a
1292 799 1427 838 Tzetze
1446 806 1613 852 utroque
1632 801 1728 840 cita-

283 873 373 916 tur,
404 879 493 903 cum
526 863 676 903 Joanne
699 870 832 902 nostro
859 861 1038 909 Malata,
1081 878 1131 902 an
1161 879 1252 904 cum
1275 866 1406 905 altero>
1426 867 1495 906 illo
1523 867 1635 921 cujus
1656 882 1727 907 ex-

283 940 369 972 tant
388 930 734 984 Chronographica
753 932 961 982 Excerpta.
1019 931 1060 969 Si
1089 932 1218 984 placet
1250 940 1509 985 postremum,
1539 941 1622 975 tum
1651 932 1728 974 dici

283 1007 450 1053 oportet,
471 1001 756 1050 Excerptorum
777 999 941 1037 istorum
961 998 1193 1050 scriptorem
1216 1006 1306 1051 post
1327 998 1530 1053 Georgium
1558 1001 1728 1042 Chrono-

279 1067 472 1120 graphum
493 1066 658 1115 vixisse,
690 1066 863 1116 adeoque
890 1065 962 1103 sub
983 1066 1153 1117 Imperio
1173 1064 1374 1116 Heraclii,
1406 1068 1513 1118 quod
1530 1067 1612 1107 Viri
1632 1082 1728 1108 eru-

283 1135 356 1172 diti
382 1134 573 1172 hactenus
606 1139 855 1182 statuerunt„
889 1147 969 1170 non
1003 1132 1205 1172 floruisse:
1242 1134 1338 1172 Nam
1369 1147 1554 1185 expresse
1591 1139 1728 1176 asserit

283 1202 440 1241 Tzetzes
469 1200 652 1239 Chiliasta
681 1199 744 1240 Jo.
771 1198 1058 1238 Antiochenam
1092 1215 1113 1238 a
1139 1214 1180 1239 se
1203 1207 1454 1239 memoratum
1482 1209 1573 1254 post
1601 1202 1727 1242 Geor-

277 1269 386 1320 gium
430 1266 772 1320 Chr-onograplzum
809 1265 1061 1320 (Syncellum
1094 1267 1287 1318 intellige,
1324 1268 1388 1306 vel
1416 1267 1725 1323 Hamartolum)

279 1335 478 1375 claruisse.
537 1335 578 1372 Si
597 1336 708 1386 prius
729 1333 920 1381 arrideat3
950 1340 1033 1372 tum
1053 1334 1156 1373 idem
1177 1336 1250 1373 erit
1271 1334 1480 1374 dicendum
1500 1336 1549 1376 de
1569 1335 1726 1376 Mateta

278 1409 435 1441 nostro:
473 1401 521 1442 de
551 1402 661 1455 cujus
691 1407 815 1440 aetate
846 1414 915 1438 nos
943 1400 1056 1438 infra.
1121 1402 1199 1440 Pro
1227 1409 1428 1454 comperto
1458 1408 1517 1441 est
1554 1402 1724 1453 interim,

277 1483 358 1508 non
377 1471 504 1509 solum
528 1476 663 1509 extare
693 1469 799 1520 apud
827 1469 924 1519 Imp.
958 1466 1201 1508 Constantini
1228 1469 1581 1523 Porphyrogenneti
1601 1467 1725 1509 Colle-

279 1546 414 1576 ctanea
435 1551 484 1577 ex
504 1535 541 1578 J.
564 1535 802 1576 Antiocheni
823 1534 1018 1574 Monachi
1038 1534 1359 1588 chronographia
1378 1537 1626 1586 Fragmenta5
1657 1549 1725 1575 ve-

276 1616 365 1641 rum
390 1603 504 1641 etiam
529 1603 727 1654 hodieque
758 1602 800 1640 in
827 1601 1156 1640 Bibliothecarum
1190 1603 1341 1641 scriniis
1381 1604 1596 1652 asservari,
1635 1616 1724 1642 cum

278 1670 353 1709 alia
372 1677 411 1708 et
431 1671 588 1708 omnino
611 1670 764 1708 diversa
787 1682 835 1707 ex
855 1681 899 1705 eo
920 1668 1141 1720 Excerpta,
1172 1676 1256 1708 tum
1278 1676 1315 1708 et
1341 1670 1466 1722 ipsam
1490 1670 1584 1708 alibi
1600 1669 1725 1708 Chro-

274 1736 533 1788 nographiam
571 1739 782 1788 integram3
821 1735 887 1774 vel
924 1735 1035 1773 aliud
1066 1737 1203 1775 saltem
1230 1737 1583 1789 Archaeologicum
1623 1751 1724 1790 opus

276 1802 688 1852 JoannimAntioclzeno
709 1803 910 1841 tributum.
968 1802 1000 1841 A
1026 1803 1249 1842 doctissimo
1275 1802 1522 1854 Alcmana,
1550 1805 1592 1842 in
1612 1805 1723 1843 Notis

274 1869 485 1908 Historicis
514 1869 566 1909 ad.
594 1871 817 1910 Historiam
849 1869 1057 1909 Arcanum
1087 1872 1297 1924 Procopii,
1326 1873 1584 1924 proferuntur
1613 1872 1722 1922 frag-

275 1943 404 1975 menta
423 1937 503 1975 duo
526 1938 573 1976 de
594 1938 693 1989 Imp.
714 1936 932 1975 Justiniano
961 1950 1010 1975 ex
1027 1936 1088 1979 Jo.
1109 1938 1348 1976 Antiocheni
1374 1936 1500 1991 (quae
1519 1936 1720 1990 appellat)

278 2002 553 2043 collectaneis.-
585 2018 684 2055 quae
706 2003 861 2054 quidem
891 2003 1045 2042 diversa
1067 2005 1185 2043 fuisse
1211 2018 1231 2042 a
1255 2004 1318 2044 Jo.
1340 2003 1578 2043 Antiocheni
1595 2006 1720 2044 Colle-

277 2071 424 2109 ctaneis
443 2068 783 2119 Constantinianis,
815 2083 903 2108 cum
923 2070 965 2108 in
986 2071 1062 2109 illis
1082 2072 1131 2110 de
1156 2070 1376 2109 Justiniano
1398 2070 1493 2108 nihil
1513 2072 1720 2123 quicquam

275 2139 449 2188 legatur,
477 2151 632 2177 necesse
657 2143 726 2175 est.
782 2137 828 2175 In
850 2137 1056 2176 volumine
1078 2139 1228 2177 Graeco
1251 2138 1329 2176 MS.
1354 2137 1620 2181 Bibliothecae
1640 2141 1719 2178 Re-

275 2206 360 2256 giae
389 2207 589 2246 Parisinae
612 2218 717 2244 num.
746 2217 943 2244 Mmccxw.
976 2204 1079 2242 inter
1103 2205 1236 2244 varios
1258 2205 1462 2242 Tractatus
1490 2205 1635 2244 diversi
1657 2222 1721 2246 ar-

273 2273 444 2324 gumenti
464 2278 677 2327 occurrunt
697 2272 893 2322 Excerpta
916 2284 964 2308 ex
982 2269 1043 2310 Jo.
1062 2270 1299 2311 Antiockem'
1312 2269 1500 2311 Chronico
1512 2288 1524 2311 .·
1551 2274 1594 2311 id
1612 2275 1719 2325 quod

274 2340 475 2390 colligitur
507 2353 557 2377 ex
587 2339 718 2377 Indice
746 2339 998 2376 Tractatuunn
1035 2337 1142 2375 illius
1177 2338 1413 2387 Voluminis‚
1454 2340 1520 2389 qui
1553 2339 1718 2378 habetur

271 2408 420 2445 Graece
437 2407 538 2445 inter
558 2405 744 2458 Stephani
767 2406 818 2443 Le
839 2405 980 2455 Moyne
1005 2402 1131 2442 Varia
1154 2403 1301 2453 Sacra,
1333 2405 1404 2443 sub
1434 2405 1549 2444 titulo
1570 2405 1719 2445 Indicis

272 2473 446 2512 Antonii
477 2473 650 2526 Eparchi
679 2470 941 2525 (Corcyraei)
970 2470 1134 2523 Legati,
1166 2485 1214 2509 ex
1246 2472 1356 2524 cujus
1387 2471 1490 2510 dono
1514 2473 1618 2510 circa
1640 2486 1718 2511 me-

272 2540 380 2578 dium
401 2541 521 2579 seculi
544 2540 744 2592 praeteriti
769 2540 809 2577 in
836 2538 1097 2576 illustrissimo
1123 2538 1193 2576 illo
1231 2539 1437 2577 Librorum
1468 2538 1573 2576 MSS.
1594 2539 1719 2576 Gazo-

270 2606 458 2658 phylacio
478 2609 670 2647 Volumen
689 2606 787 2645 illud
803 2606 1017 2658 repositum
1040 2612 1110 2643 est.
1166 2605 1213 2643 In
1236 2605 1307 2643 illo
1327 2604 1460 2643 Indice
1478 2618 1586 2643 num.
1605 2618 1715 2642 inx.

275 2673 331 2711 sic
360 2674 523 2724 legitur:
555 2673 734 2716 Ιωάννου
763 2671 980 2724 Αντιοχέως
1005 2667 1080 2712 cin&
1107 2675 1179 2712 τοῦ
1208 2674 1395 2725 χρονικοῦ
1423 2666 1548 2711 αὐτοῦ
1575 2668 1718 2711 συντά-

274 2755 417 2793 γματος
449 2737 523 2781 ἄπ’
550 2739 672 2796 ἀρχῆς
703 2742 861 2789 κτίσεως
880 2736 1037 2792 κόσμου.
1096 2737 1156 2779 Ιο.
1183 2738 1421 2779 Antiocheni
1452 2736 1640 2792 quaedam
1664 2751 1717 2776 ex
