1838 3230
430 178 1062 227 CHRONOGRAPHIA.
1118 177 1165 222 L.
1195 178 1246 223 V.
1473 182 1568 230 107

111 301 307 346 ἐνιαυτῶν
329 298 383 358 ιη’
405 297 577 359 ἐσφάγη,
611 298 756 349 καθὼς
775 296 797 341 ὅ
821 296 1064 355 σοφώτατος
1083 298 1238 348 Δίκτυς
1255 295 1276 341 ὃ
1296 297 1340 340 ἐκ
1357 301 1432 353 τῆς
1447 295 1568 354 Κρή-

110 387 187 426 της
205 367 507 426 ὗπεμνημάτισε
525 368 630 424 μετὰ
651 368 849 423 ἀληθείας
866 367 918 410 τὰ
939 366 1272 424 προγεγραμμένα
1290 367 1357 409 καὶ
1374 366 1427 409 τὰ
1446 366 1568 409 λοιπὰ

54 426 58 431 ’
110 437 248 483 ’πάντα
276 442 360 483 τῶν
388 439 454 481 ἐπὶ
479 436 526 481 τὸ
557 437 681 481 Ἴλιον
700 434 1100 492 ἐπιστρατευσάντων
1136 433 1344 490 Ἑλλήνων.
1413 429 1464 490 ἦν
1489 435 1567 491 γὰρ

109 507 215 563 μετὰ
233 511 308 550 τοῦ
323 506 556 562 Ἰδομενέως
576 511 650 549 τοῦ
667 503 883 561 προμάχου
901 509 984 548 τῶν
1000 506 1182 548 Δαναῶν
1198 508 1272 547 τοῦ
1293 501 1567 553 κατελθόντος

77 577 169 626 δεῖς
184 575 258 619 τὸν
273 574 450 630 πόλεμον
470 574 556 630 ἅμα
572 581 658 625 τοῖς
676 574 814 624 ἄλλοις
828 573 1024 628 Ἀχαιοῖς·
1062 572 1315 630 συγγραφεὺς
1335 573 1414 629 γὰρ
1437 571 1564 615 αὐτοῦ
1588 581 1618 616 C

108 648 184 688 τοῦ
211 644 442 698 Ἰδομενέως
473 641 686 699 ἐτύγχανεν
717 640 738 685 ὃ
770 642 894 692 αὐτὸς
914 643 1070 692 Δίκτυς
1090 644 1156 684 καὶ
1179 640 1368 698 ἑωρακὼς
1388 641 1568 698 ἀκριβῶς

109 713 162 756 τὰ
182 717 256 756 τοῦ
277 712 455 767 πολέμου
477 713 543 755 καὶ
563 710 923 768 συγγραψάμενος,
961 709 1017 760 ὡς
1035 711 1178 768 παριὺν
1197 709 1286 753 τότε
1306 712 1348 753 ἐν
1365 717 1450 760 τοῖς
1463 707 1567 766 χρό-

108 797 203 831 νοις·
213 783 375 832 ἐκείνοις
391 780 495 836 μετὰ
514 778 726 836 Ἑλλήνων.
798 778 909 829 ὅστις
927 780 1088 830 ἐξέθετο
1111 781 1177 821 καὶ
1196 779 1293 829 τοὺς
1314 778 1566 835 προτραπέν-

108 866 185 900 τας
214 847 295 892 {ma
314 849 614 906 Ἀγαμέμνονος
641 851 709 892 καὶ
729 846 945 892 Μενελάου
972 848 1174 902 βασιλέων
1193 849 1259 890 καὶ
1281 848 1377 897 τοὺς
1395 846 1567 890 ὁπλισα-

54 926 101 962 10
109 918 258 973 μένους
278 919 345 962 καὶ
363 917 642 968 κατελθόντας
661 917 764 972 μετὰ
785 921 858 960 τοῦ
881 914 1030 960 στόλου
1056 917 1118 959 ἐπὶ
1148 916 1195 959 τὸ
1214 916 1358 970 Ἴλιον,
1396 917 1567 960 ἕκαστον
1589 930 1622 964 0
1646 931 1713 965 135

107 985 252 1043 ἔχοντα
277 986 381 1030 ἴδιον
409 987 587 1042 στρατὸν
617 988 685 1029 καὶ
715 990 827 1036 ναῦς.
899 984 1011 1036 ὅστις
1038 984 1118 1043 πρὸ
1147 983 1310 1029 πάντων
1337 983 1568 1041 ἐξώρμησεν

99 1054 378 1112 Ἀγαμέμνων,
414 1055 502 1106 υἱὸς
513 1055 698 1113 Ἀτρέως,
736 1056 990 1110 Μυκηναίων
1009 1052 1214 1108 βασιλεύς,
1251 1054 1325 1099 σὺν
1346 1055 1489 1109 νηυσὶν
1510 1051 1563 1111 ρ’,

107 1125 175 1167 καὶ
194 1125 250 1174 εἰς
268 1122 388 1181 λόγον
408 1123 649 1181 ἀποτροφῆς
667 1128 749 1170 τῶν
769 1123 1054 1180 στρατοπέδων
1071 1127 1173 1178 νῆας
1190 1120 1242 1175 λ’,
1265 1123 1480 1173 Μενέλαος
1498 1125 1566 1165 καὶ

106 1190 297 1248 Λήιστος
317 1193 385 1236 καὶ
406 1192 663 1249 Ἀρκεσίλαος
683 1194 749 1235 καὶ
772 1190 1038 1248 Προθοήνωρ
1072 1193 1141 1234 καὶ
1165 1193 1341 1241 Κλονίος
1369 1191 1444 1235 σὺν
1464 1209 1565 1247 νηυ-

52 1267 98 1303 15
109 1263 174 1304 σὶν
199 1259 251 1314 ν’,
283 1258 513 1319 Ἐλεφήνωρ
541 1264 584 1313 ἐξ
613 1262 792 1315 Εὐβοίας
819 1261 894 1304 σὺν
920 1262 1062 1316 νηυσὶν
1093 1258 1142 1312 ξ’,
1179 1261 1395 1310 ΖΠενέλαος
1414 1261 1458 1303 δὲ
1478 1261 1566 1310 υἱὸς

103 1327 400 1383 Πλεισθένους,
436 1327 458 1373 ὃ
476 1335 550 1386 τῆς
569 1329 763 1386 Σπάρτου
782 1328 987 1384 βασιλεύς,
1020 1329 1095 1372 σὺν
1113 1331 1254 1384 νηυσὶν
1275 1327 1323 1382 ξ’,
1347 1327 1565 1384 Διομήδης
1589 1346 1620 1381 D

105 1399 150 1449 ἐξ
168 1397 340 1455 Ἄργους
367 1400 509 1454 νηυσὶν
538 1397 595 1453 π’,
628 1397 888 1456 Ἀσκάλαφος
913 1400 981 1441 καὶ
1002 1396 1207 1453 Ἰάλμενος
1237 1398 1312 1441 σὺν
1340 1400 1483 1453 νηυσὶν
1511 1397 1563 1451 λ’,

105 1468 274 1522 Σχεδίος
289 1467 357 1510 καὶ
369 1466 640 1526 Ἐπίστροφος
658 1467 732 1511 σὺν
750 1469 867 1523 νηυσὶ
885 1465 945 1522 μ’,
964 1467 1111 1523 Μέγης
1131 1467 1175 1509 ἐκ
1191 1468 1373 1522 Δολίχης
1390 1472 1463 1522 τῆς
1473 1465 1566 1509 Ἑλ-

105 1533 234 1586 λάδος
264 1535 342 1579 σύν
367 1538 486 1591 νηυσὶ
513 1534 573 1592 μ’,
610 1537 723 1587 Αἴας
757 1534 1018 1591 Τελαμώνιος
1047 1537 1090 1578 ἐκ
1117 1540 1192 1591 τῆς
1222 1536 1460 1590 Σαλαμίνου
1491 1536 1566 1579 σὺν

49 1605 226 1659 ἳῠνηυσὶ
249 1601 310 1658 μ’,
344 1604 518 1663 Νέστωρ
547 1605 623 1648 σὺν
650 1606 791 1660 νηυσὶν
829 1603 872 1657 ¹5,
915 1602 1029 1654 Θόας
1058 1604 1133 1647 σὺν
1161 1606 1278 1659 νηυσὶ
1296 1602 1355 1658 μ’,
1386 1602 1565 1660 Ἀγήνωρ

105 1673 174 1714 καὶ
195 1673 404 1728 Τευθίδης
421 1673 497 1717 σὺν
519 1676 661 1730 νηυσὶν
683 1673 732 1726 ξ’,
769 1671 982 1729 Πρόθωος
1010 1675 1077 1715 καὶ
1103 1675 1328 1729 Μαγνίτωρ
1350 1672 1424 1715 σὺν
1446 1674 1565 1728 νηυσὶ

103 1737 163 1795 μ’,
201 1739 382 1795 Εὕμενος
417 1741 492 1785 σὺν
523 1744 666 1798 νηυσὶν
694 1740 763 1795 ια’,
807 1741 971 1798 Νηρεὺς
994 1742 1036 1784 ἐκ
1054 1740 1259 1797 Μυκήνης
1278 1741 1354 1784 σὺν
1371 1743 1489 1796 νηυσὶ
1509 1739 1560 1798 γ’,

198 1851 231 1885 1.
279 1848 381 1890 Quae
411 1848 456 1884 de
487 1848 595 1895 Dicty
625 1849 789 1892 Malalas,
825 1862 868 1884 ex
901 1862 942 1884 eo
967 1849 1096 1895 repetit
1118 1850 1264 1885 Tzetzes
1286 1849 1414 1884 Histor.
1439 1850 1481 1885 V.
1505 1851 1563 1887 30.

200 1895 256 1930 12.
289 1894 495 1939 Μυκηνέων
518 1895 587 1930 Ox.
692 1894 746 1932 14.
779 1896 925 1930 Navium
950 1895 1101 1941 catalogi
1123 1896 1210 1932 vitia
1233 1895 1423 1942 turpissima
1446 1896 1563 1941 exagi-

196 1940 287 1975 tavit
308 1941 482 1977 Bentleius
506 1953 537 1986 p.
561 1940 617 1977 74.
640 1955 666 1976 s.
758 1943 841 1978 ibid.
878 1943 1037 1984 Κλόνιος
1059 1944 1127 1978 Ox.
1227 1945 1284 1980 19.
1321 1942 1560 1988 Σαλαμίνου]

194 1988 410 2032 Σαλαμῖνος
430 1999 465 2034 p.
487 1989 545 2025 51.
570 1988 622 2030 B,
645 1988 702 2024 55.
725 1987 771 2023 D.

104 2089 210 2114 annos
231 2083 326 2122 nata,
349 2078 464 2115 occisa
486 2082 557 2120 est3
581 2078 680 2114 sicuti
701 2078 963 2125 sapientissimus
977 2079 1097 2125 Dictys
1110 2078 1280 2115 Cretensis
1296 2091 1387 2126 quae
1409 2079 1560 2126 superius

103 2124 198 2159 dicta
220 2130 308 2166 sunt,
331 2136 488 2171 quaeque
510 2124 636 2160 dicturi
659 2137 768 2159 sumus
785 2126 896 2161 omnia
915 2126 960 2160 de
976 2127 1077 2161 rebus
1094 2126 1304 2160 Graecorum
1322 2127 1366 2161 ad
1383 2127 1479 2160 llium
1499 2139 1561 2171 ge-

101 2169 176 2213 stis,
197 2170 348 2206 fideliter
370 2170 544 2216 descripta
566 2172 748 2206 memoriae
769 2171 952 2207 mandavit.
974 2172 1066 2207 Erat
1088 2171 1174 2206 enim
1195 2171 1318 2217 Dictys
1340 2172 1405 2206 iste
1427 2173 1561 2207 Idome-

103 2215 182 2259 nei,
213 2215 300 2262 (qui
321 2228 395 2251 cum
418 2216 562 2251 Graecis
584 2217 618 2251 in
641 2217 762 2252 bellum
786 2219 852 2252 hoc
874 2217 1137 2262 descenderat‚)
1170 2218 1398 2259 amanuensis3
1442 2224 1559 2262 atque,

103 2261 199 2296 simul
221 2273 298 2296 cum
320 2274 382 2304 eo,
414 2263 503 2298 Bello
528 2263 706 2297 interfuit:
740 2275 878 2309 quarum
901 2263 1020 2310 itaque
1042 2264 1138 2298 testis
1161 2264 1313 2299 oculatus
1335 2265 1408 2309 ipse
1432 2265 1557 2305 fuerat,

103 2317 158 2342 res
181 2313 293 2352 gestas
316 2307 499 2354 diligenter
521 2308 557 2343 in
580 2309 754 2344 historiam
776 2309 905 2344 retulit.
953 2311 1023 2352 Qui
1057 2321 1140 2345 vero
1175 2311 1218 2344 ab
1251 2311 1498 2355 Agamemnone
1522 2314 1559 2343 et

103 2351 262 2388 Menelao
295 2353 433 2399 regibus
460 2355 671 2390 Graecorum
693 2356 730 2389 in
752 2360 866 2401 partes
889 2356 1004 2392 vocati
1038 2356 1268 2397 advenerunt,
1305 2356 1449 2400 quisque
1486 2367 1561 2389 cum

104 2398 262 2434 exercitu
291 2399 499 2446 navibusque
527 2401 612 2444 suis,
644 2413 666 2436 a
688 2401 793 2446 Dicty
823 2406 1048 2437 memorantur
1068 2403 1159 2436 hunc
1180 2401 1215 2436 in
1238 2402 1381 2436 modum.
1427 2401 1561 2435 Primus

105 2444 251 2479 omnium
284 2451 360 2480 erat
381 2446 629 2491 Agamemnon,
671 2448 770 2482 Atrei
801 2447 907 2491 filius,
946 2448 1166 2493 Mycenarum
1198 2459 1280 2489 reX‚
1320 2458 1394 2481 cum
1417 2446 1561 2480 navibus

107 2495 258 2532 conum,
292 2495 432 2537 praeter
471 2492 555 2527 alias
593 2504 662 2527 xxx
702 2493 886 2530 onerarias.
933 2494 1128 2536 Menelaus,
1167 2492 1318 2534 Leistus,
1357 2491 1559 2533 Arcesilaus»,

106 2534 340 2579 Prothoenor,
364 2541 400 2571 et
423 2537 580 2580 Clonius,
603 2550 677 2573 cum
698 2539 840 2574 navibus
862 2551 896 2574 1,.
943 2540 1097 2586 Elpenor
1120 2550 1162 2573 ex
1185 2539 1342 2579 Euboea,
1365 2550 1440 2572 cum
1464 2537 1561 2571 navi-

106 2579 169 2615 bus
186 2591 243 2615 Lx.
273 2581 460 2625 Menelaus,
483 2584 660 2619 Plisthenis
683 2584 785 2627 filius,
807 2597 869 2619 rex
885 2586 1048 2632 Spartae,
1074 2596 1147 2619 cum
1170 2583 1312 2618 navibus
1333 2594 1390 2620 Lx.
1421 2583 1559 2618 Diome-

107 2625 168 2660 des
191 2637 235 2661 ex
254 2627 374 2672 Argis,
399 2640 473 2663 cum
495 2629 636 2664 navibus
660 2641 737 2664 xxc.
782 2631 1005 2678 Ascalaphus,
1040 2635 1075 2665 et
1096 2631 1283 2671 Jalmenus,
1318 2641 1390 2663 cum
1416 2629 1559 2663 navibus

106 2682 187 2705 xxx.
241 2671 425 2716 Schedius,
461 2678 497 2709 et
525 2675 772 2722 Epistrophus,
807 2688 882 2712 cum
915 2677 1057 2712 navibus
1079 2687 1134 2710 xn-
1190 2676 1310 2719 Meges
1341 2686 1383 2709 ex
1412 2674 1559 2710 Doliche

105 2715 306 2759 Helladica‚
329 2730 403 2753 cum
424 2719 567 2756 navibus
590 2732 646 2756 xn.
694 2723 782 2766 Ajax
805 2723 1025 2758 Telamonius
1048 2734 1090 2755 ex
1108 2721 1298 2762 Salamine,
1324 2733 1396 2756 cum
1415 2721 1558 2755 navibus

106 2774 165 2797 ιι..
213 2762 362 2806 Nestor,
387 2776 459 2799 cum
477 2767 619 2802 navibus
636 2779 690 2802 xc.
739 2768 875 2811 Thoas,
900 2780 973 2803 cum
990 2767 1132 2802 navibus
1148 2777 1204 2800 κο.
1251 2768 1390 2811 Agenor
1405 2772 1442 2802 et
1460 2767 1560 2801 Teu·-

106 2808 218 2843 thides
240 2818 315 2843 cum
337 2809 478 2845 navibus
500 2823 557 2846 nx.
602 2813 790 2856 Prothous,
826 2820 863 2848 et
885 2814 1079 2858 Magnitor,
1113 2823 1187 2846 cum
1216 2813 1356 2848 navibus
1378 2824 1436 2847 Χῖ..
1483 2813 1557 2847 Eu-

105 2865 237 2897 menus,
272 2855 413 2891 navibus
435 2866 483 2894 n.
531 2857 684 2902 Nereus,
728 2871 772 2895 ex
795 2860 961 2905 Mycene,
994 2869 1067 2894 cum
1089 2857 1230 2894 navibus
1253 2868 1294 2895 111
1313 2883 1324 2894 .
1352 2858 1489 2895 Chalias
1513 2870 1556 2894 ex
