1838 3230
508 668 970 729 ΛΟΓΟΣ
1063 662 1194 728 ΙΕ’
1616 684 1719 719 086

129 776 144 846 s‘
174 768 463 839 xpomzN
485 801 866 838 ΒΑΣΙΛΕΙΑΣ
892 799 1223 838 ΖΗΝΩΝΟΣ
1246 797 1387 837 ΕῼΣ
1417 798 1540 836 ΤΗΣ

374 901 377 903 -
422 879 807 918 ΒΑΣΙΛΕΙΑΣ
830 879 1289 918 ΑΝΑΣΤΑΣΙΟΤ.

122 1111 296 1182 Μετὰ
315 1138 359 1181 δὲ
378 1137 453 1194 τὴν
468 1139 680 1192 βασιλείαν
696 1138 978 1192 Λεόντοςτοῢ
992 1142 1141 1194 μικροῦ
1160 1138 1417 1194 ἐβασίλευσεν
1437 1137 1458 1182 ὃ
1477 1135 1592 1182 θειό-
1614 1148 1644 1183 Β

120 1224 247 1258 τατος
275 1205 423 1263 Ζήνων
452 1207 520 1263 ἔτη
549 1206 608 1252 ιε’.
680 1211 828 1267 καὶτῷ
855 1210 952 1265 μηνὶ
981 1213 1039 1267 τῷ
1066 1206 1198 1267 ὀγδόῳ
1221 1213 1295 1264 τῆς
1318 1208 1445 1252 αὐτοῦ
1465 1213 1591 1262 βασι-

121 1277 233 1327 λειάς
265 1277 451 1332 ἐποίησεν
483 1277 701 1320 ἐπίσκοπον
728 1276 984 1334 πατριάρχην
1017 1278 1059 1320 ἐν
1089 1277 1311 1337 Ἀντιοχείᾳ
1347 1282 1399 1336 τῇ
1434 1275 1590 1335 μεγάλῃ

95 1378 100 1381 »
119 1345 307 1403 Πέτρον,
345 1345 417 1388 τὸν
440 1344 752 1403 παραμονάριον
779 1351 855 1402 τῆς
882 1344 999 1402 ἁγίας
1017 1346 1237 1404 Εὗφημιάς
1254 1351 1328 1401 τῆς
1351 1348 1393 1390 ἐν
1419 1350 1594 1404 Χαλκη-

88 1418 112 1454 5
125 1411 235 1458 δόνι·
269 1415 335 1458 καὶ
355 1413 532 1469 ἔπεμψεν
552 1414 678 1458 αὐτὸν
694 1416 734 1458 ἓν
748 1414 983 1475 Ἀντιοχείᾳ.
1053 1415 1158 1471 μετὰ
1177 1417 1222 1458 δὲ
1244 1414 1318 1459 δύο
1335 1415 1404 1472 ἔτη
1426 1418 1491 1477 καὶ
1511 1420 1596 1470 μῆ-

120 1500 197 1534 νας
215 1484 313 1526 δέκα
331 1487 407 1538 τῆς
423 1477 633 1537 βασιλείας
661 1484 789 1528 αὐτοῦ
825 1486 866 1527 ἓν
894 1482 1002 1542 λύπῃ
1022 1483 1234 1542 γενόμενος
1251 1485 1319 1527 διὰ
1338 1489 1507 1542 πρᾶγμα
1527 1487 1594 1527 αἷ-
1619 1495 1652 1529 Ο
1677 1495 1723 1531 87

121 1553 251 1607 τηθὲν
268 1551 382 1608 παρὰ
398 1557 473 1610 τῇς
488 1552 621 1607 ,αὐτοῦ
643 1558 847 1609 πενθερᾶς
867 1555 1049 1610 Βηρίνης
1068 1556 1134 1597 καὶ
1152 1554 1208 1609 μὴ
1234 1555 1497 1610 παρασχεθὲν
1521 1553 1597 1595 αὗ-

122 1625 176 1678 τῇ
200 1620 294 1677 παρ’
319 1621 472 1673 αὐτοῦ,
510 1621 819 1677 κατεσκευάσθη
850 1622 963 1679 παρὰ
989 1627 1062 1677 τῆς
1084 1624 1298 1678 δεσποίνης
1323 1624 1503 1679 Βηρίνης
1524 1626 1598 1677 τῆς

125 1688 254 1732 αὐτοῦ
275 1693 492 1745 πενθερᾶς.
547 1691 614 1732 καὶ
635 1693 838 1746 φοβηθεὶς
855 1691 911 1745 μὴ
933 1696 1071 1748 σφαγῇ
1090 1689 1169 1734 ὖπό
1188 1709 1299 1742 τινος
1317 1695 1399 1734 τῶν
1420 1691 1498 1735 τοῦ
1515 1709 1595 1734 πα-
1620 1699 1650 1735 C

70 1759 294 1810 1ολατίου,
341 1755 397 1807 ὥς
430 1757 698 1814 συνοικούσης
731 1765 802 1814 τῆς
834 1764 1039 1816 πενθερᾶς
1072 1760 1198 1803 αὐτοῦ
1229 1761 1271 1803 ἓν
1305 1765 1363 1819 τῷ
1391 1762 1592 1819 παλατίῳ,

122 1825 300 1882 ποιήσας
333 1824 558 1882 πρόκεσσον
587 1828 630 1870 ἓν
659 1826 899 1883 Χαλκηδόνι
933 1828 1077 1886 ἔφυγεν
1119 1830 1272 1873 ἐκεῖθεν
1318 1830 1501 1886 βερὲὁοις
1528 1831 1597 1872 καὶ

123 1894 312 1951 ἀπῆλθεν
344 1897 401 1946 εἷς
430 1896 505 1952 τὴν
533 1895 741 1955 Ἰσαυρίαν
768 1895 824 1948 ὥς
854 1899 940 1941 ἐστὶ
964 1896 1171 1952 βασιλεύς.
1243 1897 1380 1943 ὅντινα
1397 1898 1595 1953 κατέλαβε

215 2007 250 2044 7.
277 2005 433 2052 Βερίνης
454 2006 523 2043 Ox.
570 2005 633 2042 Sic
654 2010 691 2042 et
713 2008 748 2043 8.
771 2018 806 2054 p.
830 2019 903 2054 seq.
925 2020 959 2047 v.
981 2010 1015 2046 6.
1038 2010 1071 2046 7.

547 2142 939 2201 LIBER
1020 2145 1178 2202 XV..

135 2290 138 2293 ·
209 2271 289 2311 DE
324 2270 731 2310 TEMPORIBUS
770 2271 1049 2311 ZENONIS
1086 2270 1504 2312 IMPERATORIS

343 2351 637 2401 ADUSQUE
675 2350 1013 2391 ANASTASII
1050 2351 1374 2392 IMPERIUM.

129 2438 236 2506 Post
266 2475 434 2508 mortuum
465 2477 577 2509 autem
599 2474 747 2509 Leonem
770 2473 962 2517 Jnniorem,
1000 2473 1180 2521 Imperium
1211 2472 1321 2508 tenuit
1345 2470 1596 2506 Sacratissimus

130 2518 246 2559 Zeno,
271 2530 333 2564 per
356 2531 462 2556 annos
484 2532 540 2555 xv.
588 2521 707 2555 ‘Mense
731 2525 843 2555 autem
865 2520 1006 2566 Imperii
1030 2521 1080 2555 sui
1104 2525 1247 2562 octavo,
1272 2520 1432 2559 Petrum,
1464 2518 1501 2551 S.
1526 2519 1597 2552 Eu-

129 2563 286 2609 phemiae
309 2565 590 2601 Chalcedonensis
613 2566 903 2608 Paramonadum,
928 2567 1149 2614 Episcopum,
1175 2566 1246 2600 sive
1271 2564 1504 2599 patriarcham
1527 2565 1599 2599 An-

130 2609 337 2645 tiochensem
360 2611 595 2655 constitutum,
625 2613 836 2648 Antiochiam
862 2613 961 2648 misit.
1010 2615 1095 2648 Post
1117 2624 1200 2647 vero
1225 2622 1326 2655 quam
1350 2610 1479 2644 duobus
1503 2610 1598 2645 annis

131 2659 168 2690 et
191 2655 306 2690 decem
330 2657 495 2692 mensibus
518 2664 704 2704 regnasset,
738 2670 811 2693 cum
836 2659 965 2694 Verina
987 2660 1151 2704 Augusta,
1176 2668 1290 2692 socrus
1314 2657 1400 2701 ejus,
1424 2657 1468 2691 ob
1490 2668 1598 2702 nega-

130 2707 198 2748 tam
222 2701 288 2735 sibi
311 2713 412 2746 quam
442 2704 485 2738 ab
511 2716 551 2739 eo
575 2705 808 2751 postulaverat
838 2716 908 2739 rem
941 2706 1150 2750 quampiam,
1186 2703 1324 2738 insidias
1347 2702 1379 2736 ei
1402 2703 1596 2743 struxisset;

130 2757 235 2791 super
257 2747 308 2781 his
332 2748 448 2783 anxius
471 2750 592 2792 animi,
627 2751 824 2796 veritusque
847 2763 890 2785 ne
925 2752 968 2785 ab
992 2751 1108 2795 aliquo
1134 2748 1363 2784 Palatinorum
1385 2747 1597 2783 interficere-

131 2797 208 2834 tur,
234 2792 374 2837 (socrus
398 2794 484 2829 enim
506 2796 542 2830 in
564 2797 699 2832 Palatio
723 2808 798 2831 cum
822 2808 951 2841 genero
975 2809 1034 2831 suo
1059 2795 1155 2830 simul
1177 2795 1382 2840 habitabat)
1407 2795 1597 2830 chalcedo-

133 2850 207 2874 nem
230 2851 267 2875 se
290 2839 451 2876 contulit:
490 2840 570 2877 inde
593 2854 677 2878 vero
700 2842 855 2886 veredis,
889 2842 1110 2889 (Imperator
1131 2841 1213 2877 licet
1235 2842 1352 2888 esset)
1375 2841 1411 2877 in
1432 2841 1597 2878 Isauriam
