1838 3230
444 187 1065 232 CHRONOGRAPHIA.
1119 188 1169 232 L.
1198 189 1252 234 V.
1485 193 1581 242 115

114 309 182 352 καὶ
209 304 469 364 καταντήσας
497 307 572 351 σὺν
599 313 692 358 ταῖς
716 308 862 350 ναυσὶν
878 306 1006 351 αὐτοῦ
1029 309 1098 352 καὶ
1118 314 1177 367 τῷ
1199 314 1364 368 στρατῷ
1387 307 1409 353 ὃ
1429 310 1580 355 Ὀδυση

113 378 209 428 σεῦς
227 379 285 428 εἰς
302 377 349 421 τὸ
371 376 566 435 διαφέρον
583 376 708 434 μέρος
725 380 785 436 τῷ
800 375 1046 436 Ἀντιφάντῃ
1065 379 1262 432 συνέβαλε
1278 376 1455 433 πόλεμον
1476 381 1582 435 μετὰ

115 450 191 490 τοῦ
225 443 493 504 Ἀντιφᾶντου
523 447 591 489 καὶ
623 449 698 488 τοῦ
728 450 910 501 στρατοῦ
938 446 1067 490 αὐτοῦ
1099 451 1183 491 τῶν
1213 447 1437 504 λεγομένων
1462 452 1581 493 Λαι-

115 513 363 572 στρυγόνων,
433 515 502 558 καὶ
526 515 749 558 κτείνουσιν
775 514 939 564 ἱκανοὺς
959 517 1003 558 ἐκ
1031 519 1105 558 τοῦ
1125 521 1307 574 στρατοῦ
1329 522 1404 560 τοῦ
1424 518 1575 561 Ὀδυσ-
1599 530 1632 564 V
1653 527 1699 566 43

83 584 220 635 5σέως
232 597 243 608 ·
279 585 346 628 καὶ
366 582 509 638 λαβὼν
528 582 602 633 τὰς
622 581 772 627 ἑαυτοῦ
791 587 892 633 ναῦς
913 582 1174 635 ἀποπλεύσας
1190 584 1333 643 ἔφυγεν
1352 586 1506 631 ἐκεῖθεν
1525 589 1590 639 εἷς

115 652 218 696 ἄλλο
236 652 362 709 μέρος
379 656 454 708 τῆς
471 649 599 708 νήσου
609 685 623 706 ,
660 651 708 695 τὸ
733 652 927 710 διαφέρον
945 657 1004 711 τῷ
1026 651 1248 708 Κύκλωπι,
1286 653 1392 698 {wa
1414 655 1468 698 τὰ
1485 659 1579 699 Κυ-

115 719 272 764 κλώπια
293 721 446 777 λέγεται
473 720 563 778 ὅρη.
633 722 699 764 καὶ
727 720 851 777 γνοὺς
869 725 991 764 τοῦτο
1014 719 1035 765 ὅ
1054 720 1244 778 Κύκλωψ
1266 717 1373 779 ἦλθε
1391 723 1477 768 κατ’
1500 724 1579 768 αὖ·

114 794 190 833 τοῦ
207 789 312 845 μετὰ
331 794 406 846 τῆς
427 790 534 840 ἰδίας
554 790 756 845 βοηθείας
769 803 779 813 ·
814 785 865 845 ἦν
887 790 932 832 δὲ
956 790 1083 847 μέγας
1101 798 1188 842 τοῖς
1208 788 1372 847 σώμασι
1391 795 1459 836 καὶ
1476 795 1579 837 δυσ·-

115 856 226 914 ειδής
238 872 248 883 ·
284 860 352 902 καὶ
371 858 557 902 ἐπελθὼν
580 857 698 916 ἄφνω
719 863 779 917 τῷ
793 858 987 902 Ὀδυσσεῖ
1002 858 1286 916 παραβαλόντι
1303 861 1368 904 ἐπὶ
1387 862 1461 917 τὴν
1484 864 1578 906 δια-

61 935 106 970 10
117 927 325 985 φέρουσαν
345 926 458 986 αὐτῷ
475 932 551 984 γῆν
568 927 793 982 κατέκοψεν
812 927 941 970 αὐτοῦ
960 926 1151 982 πολλούς,
1187 931 1255 972 καὶ
1273 928 1581 985 συλλαβόμενος

115 995 188 1039 τὸν
211 996 414 1040 Ὀδυσσέα
442 997 515 1039 καί
540 1013 654 1045 τινας
678 1001 753 1039 τοῦ
786 1001 966 1053 στρατοῦ
998 996 1126 1040 αὐτοῦ
1150 995 1402 1053 ὃΚύκλωψ,
1441 1000 1582 1054 λαβὼν

115 1065 187 1108 ἕνα
204 1069 288 1108 τῶν
311 1064 399 1120 ἅμα
422 1064 534 1124 αὐτῷ
566 1065 888 1122 συλληφθέντων
921 1063 1092 1119 ὀνόματι
1113 1067 1383 1110 Μικκαλίωνα
1395 1101 1409 1121 ,
1445 1067 1580 1126 ἄνδρα

113 1140 298 1190 γενναῖον
328 1135 395 1177 καὶ
424 1131 723 1189 ἀριστεύσαντα
745 1135 787 1176 ἒν
815 1138 867 1192 τῇ
891 1135 1020 1191 Τροίῃ
1044 1135 1111 1176 καὶ
1137 1133 1238 1178 ι’)’ντα
1260 1133 1484 1191 ἡγούμενον
1504 1141 1579 1180 τοῦ

115 1207 296 1259 στρατοῦ
319 1207 394 1246 τοῦ
411 1201 665 1256 Ὀδυσσέως,
703 1201 841 1245 ὅντινα
870 1200 1080 1258 κρατήσας
1107 1207 1181 1259 τῆς
1201 1201 1330 1260 κόμης
1350 1209 1425 1260 τῆς
1449 1223 1579 1263 κεφα-

61 1278 106 1315 15
117 1274 191 1327 λῆς
210 1271 270 1314 ἐπ’
294 1270 415 1327 ὄψεσι
437 1275 512 1314 τοῦ
529 1271 763 1333 Ὀδυσσέως
782 1272 849 1314 καὶ
878 1269 1042 1314 πάντων
1062 1276 1145 1315 τῶν
1165 1272 1252 1327 μετ’
1275 1273 1404 1316 αὐτοῦ
1425 1268 1458 1333 ᾧ
1478 1272 1578 1330 ἓβά-
1601 1283 1632 1318 Β

115 1341 237 1394 σ-ταζε
268 1341 374 1398 ξίφει
403 1339 670 1396 ἀνεντέρισεν,
708 1338 763 1391 ὥς
787 1338 1078 1395 μαχησόμενον
1107 1341 1233 1400 αὐτῷ.
1303 1342 1402 1393 τούς
1431 1343 1476 1386 δὲ
1493 1347 1581 1387 λοι-

114 1409 221 1460 ποὺς
249 1409 456 1453 ἀπέκλεισε
463 1442 478 1462 ,
512 1407 762 1464 βουλόμενος
793 1408 898 1452 κατὰ
926 1408 1052 1465 μέρος
1071 1410 1170 1460 τούς
1189 1407 1348 1461 πάντας
1368 1415 1578 1469 φονεῦσαι.

116 1475 139 1521 ὅ
167 1478 213 1521 δὲ
244 1477 467 1529 Ὀδυσσεὺς
502 1478 743 1534 προσπεσὼν
773 1477 886 1536 αὐτῷ
916 1477 1067 1521 ἔπεισεν
1109 1479 1235 1522 αὐτὸν
1260 1479 1329 1522 διὰ
1350 1478 1578 1537 χρημάτων
1599 1488 1632 1522 O
1659 1486 1726 1524 147

117 1550 281 1590 πολλῶν
302 1549 370 1591 καὶ
389 1547 527 1599 ξενίων
545 1546 748 1590 ἀπολῦσαι
776 1546 902 1590 αὐτὸν
921 1548 988 1589 καὶ
1005 1547 1103 1598 τοὺς
1119 1546 1446 1606 ὑπολειφθέντας
1465 1548 1580 1608 αὐτῷ

59 1614 285 1672 Ξῦᾶνδρας.
354 1617 537 1667 πεισθεὶς
555 1617 600 1659 δὲ
616 1615 733 1671 μόλις
753 1613 974 1670 ὃΚύκλωψ
995 1616 1063 1658 διὰ
1079 1621 1152 1672 τῆς
1170 1620 1251 1660 τῶν
1265 1615 1492 1673 χρημάτων
1507 1615 1581 1661 δό-

118 1701 236 1737 σεως,
273 1685 530 1741 ἐπηγγείλατο
549 1687 638 1741 περὶ
658 1683 831 1740 ἑσπέραν
852 1682 1040 1727 ἀπολύειν
1061 1682 1188 1727 αὐτόν
1201 1699 1212 1709 ·
1247 1687 1314 1727 καὶ
1334 1685 1459 1736 αὐτὸς
1475 1691 1581 1741 βου-

118 1749 288 1807 λόμενος
317 1753 362 1795 ἕν
389 1757 442 1810 τῇ
473 1754 584 1796 νυκτὶ
616 1753 720 1810 αὐτῇ
740 1753 933 1795 ἀπελθεῖν
955 1754 1022 1794 καὶ
1042 1757 1237 1810 φονεῦσαι
1256 1753 1381 1796 αὗτόν
1396 1755 1465 1797 καὶ
1483 1755 1580 1805 τοὺς

121 1821 251 1864 αὐτοῦ
280 1822 349 1865 καὶ
378 1820 607 1879 ἀφελέσθαι
625 1819 760 1865 πάντα
782 1819 828 1864 ὃν
855 1820 1085 1878 ἐπιφέρεται
1101 1826 1280 1866 πλοῦτον
1300 1824 1367 1865 καὶ
1386 1822 1461 1874 τάς
1482 1827 1583 1874 ναῦς

207 1942 244 1978 8.
270 1940 532 1990 Δεστρυγόνων
556 1942 624 1977 Ox.
671 1942 833 1977 Correxit
856 1942 920 1977 Ch.
1013 1944 1046 1979 6.
1071 1941 1190 1977 Malim
1212 1939 1441 1980 Κυκλώπεια.

118 2043 283 2081 ditissimi.
330 2044 460 2081 Ulisses
484 2050 616 2088 autem,
649 2057 723 2080 cum
746 2045 852 2080 classe
874 2050 910 2081 et
933 2044 1088 2080 exercitu
1111 2044 1408 2091 appropinquans,
1444 2044 1480 2078 in
1503 2056 1578 2080 eam

115 2091 248 2127 insulae
267 2096 400 2138 partem
431 2091 574 2134 incidit,
606 2103 694 2138 quae
716 2091 920 2137 Antiphanti
953 2090 1091 2137 paruit;
1124 2102 1268 2137 quocum
1302 2094 1339 2126 et
1366 2090 1579 2135 Lestrigoni-

117 2138 181 2173 bus
201 2139 275 2183 eius
295 2137 427 2193 proelio
451 2138 644 2180 commisso,
686 2150 760 2172 cum
783 2138 971 2184 complures
1001 2149 1043 2171 ex
1066 2136 1132 2172 suis
1165 2137 1296 2171 excisos
1318 2136 1460 2172 vidisset
1485 2136 1579 2171 Ulis-

119 2196 190 2226 ses,
225 2184 368 2219 navibus
392 2184 578 2219 conscensis
601 2183 680 2219 inde
703 2185 819 2229 fugam
844 2184 1010 2229 capessit,
1049 2183 1148 2218 aliam
1170 2183 1299 2218 insulae
1346 2188 1453 2218 artem
1477 2181 1579 2217 ador-

119 2234 234 2272 tums3
269 2241 343 2264 eam
365 2230 515 2272 scilicet,
549 2242 636 2276 quae
660 2230 806 2276 Cyclopi
830 2230 1002 2274 subjecta,
1035 2235 1164 2264 montes
1188 2230 1293 2263 habet
1335 2227 1500 2274 *yclopios
1523 2227 1578 2262 di-

119 2280 207 2310 ctos.
250 2276 329 2310 Hoc
351 2276 412 2311 ubi
443 2276 594 2311 audisset
617 2277 786 2322 Cyclops,
824 2288 864 2310 co
890 2275 932 2310 iis
955 2275 1108 2311 collectis
1129 2275 1166 2309 in
1192 2275 1284 2309 illum
1308 2276 1482 2321 profectus
1504 2278 1575 2308 est:

120 2321 239 2366 (Erat
260 2325 373 2356 autem
396 2322 548 2368 corporis
570 2322 658 2357 mole
681 2287 891 2368 praegrandi
923 2325 960 2357 et
990 2323 1088 2356 vultu
1111 2321 1302 2365 deformit)
1338 2320 1480 2354 Ulissem
1516 2330 1579 2354 ve-

119 2377 162 2401 ro
185 2366 368 2402 ditionibus
389 2368 456 2402 suis
478 2368 712 2410 incubantem,
737 2379 779 2402 ex
798 2367 978 2413 improviso
1002 2379 1198 2413 aggressus,
1224 2365 1407 2401 exercitum
1430 2366 1502 2409 ejus
1525 2365 1579 2399 la-

120 2417 158 2448 to
178 2413 387 2466 prosternit,
411 2413 623 2460 Ulissemque
643 2414 751 2460 ipsum
774 2417 812 2448 et
831 2413 913 2448 alios
936 2425 980 2448 ex
1004 2414 1155 2448 exercitu
1178 2413 1251 2457 ejus
1275 2412 1449 2447 nonnullos
1477 2422 1577 2445 mann

122 2463 225 2504 cepit.
269 2459 366 2494 Inter
400 2471 485 2505 quos
520 2460 704 2494 Miccalion
735 2462 812 2494 erat
833 2459 989 2506 quidam,
1026 2459 1182 2504 generosi
1211 2459 1264 2493 vir
1285 2457 1406 2499 animi3
1451 2457 1579 2511 quique

121 2508 291 2540 strenuum
321 2517 394 2540 sese
415 2505 535 2540 ducem
567 2505 612 2541 ad
635 2506 778 2550 Trojam
809 2506 1041 2552 praestiterat.
1086 2506 1188 2540 Hunc
1211 2504 1377 2549 Cyclops,
1413 2502 1579 2547 capillitio

122 2556 316 2596 arreptum,
341 2550 482 2594 missis,
507 2551 717 2597 omniumque
740 2551 904 2586 sociorum
930 2552 963 2586 in
987 2555 1190 2596 conspectu,
1222 2549 1337 2594 gladio
1360 2560 1419 2583 suo
1443 2553 1582 2583 exente-

123 2594 237 2637 ravit,
270 2600 309 2630 ut
331 2597 392 2642 qui
415 2609 514 2632 ausus
537 2602 590 2632 est
611 2597 645 2631 ir
671 2597 856 2643 Cyclopem
879 2608 973 2632 arma
1002 2608 1151 2632 movere.
1191 2595 1353 2639 Reliquos
1386 2598 1497 2628 autem
1520 2605 1580 2629 cu-

122 2640 256 2676 stodiae
276 2642 470 2685 mandavit,
493 2655 579 2689 quos
601 2643 794 2689 singillatim
815 2643 986 2678 conficere
1001 2643 1038 2677 in
1062 2642 1170 2677 animo
1194 2640 1323 2675 habuit.
1370 2639 1497 2674 Ulisses
1520 2651 1580 2674 ve-

122 2699 164 2722 ro
188 2685 368 2732 procidens
391 2687 424 2723 ei
445 2688 489 2724 ad
514 2689 618 2735 pedes
641 2689 780 2734 rogavit
810 2690 972 2744 supplex,
1004 2688 1056 2723 uti
1078 2700 1114 2722 se
1137 2687 1372 2731 residuumque
1395 2685 1458 2719 sibi
1482 2697 1582 2720 exer-

124 2733 249 2775 citum,
273 2732 385 2778 pretio
408 2745 460 2768 ma
509 2746 548 2776 o,
573 2736 833 2781 muneribusque
854 2734 1083 2780 interpositis,
1109 2733 1221 2767 missos
1243 2733 1386 2766 faceret.
1435 2731 1507 2766 Sed
1526 2732 1581 2765 vix

125 2791 167 2813 eo
190 2778 242 2813 ita
266 2777 434 2813 adductus
486 2780 624 2826 yclops‚
659 2781 881 2816 dimissionem
904 2780 1147 2827 promittebat,
1181 2778 1241 2812 ubi
1264 2778 1581 2824 advesperasceret:

125 2825 298 2870 fidemque
330 2835 421 2858 suam
453 2825 638 2867 liberavit;
679 2826 788 2862 animo
811 2832 924 2862 tamen
955 2823 1152 2870 egrediendi
1176 2835 1238 2870 per
1263 2829 1394 2858 noctem
1417 2823 1583 2870 intempe-

127 2876 230 2914 stam,
255 2874 296 2906 ut
318 2869 449 2913 ulisse,
471 2870 642 2917 sociisque
664 2871 806 2916 occisis,
829 2884 930 2919 opum
954 2869 1177 2918 quodcunque
1199 2870 1364 2905 attulerat
1387 2880 1461 2905 cum
1484 2869 1582 2905 navi-
