1838 3230
579 145 1056 192 ANNOTATIONES.
1451 150 1552 199 555

95 279 184 320 γετο
203 263 249 307 δὲ
267 265 446 319 Καίσαρ,
476 278 529 313 ως
546 278 652 313 τινες
669 262 840 314 οἴονται,
872 260 939 305 οἷα
955 261 1008 315 δή
1036 259 1136 317 τᾶχα
1163 265 1237 316 τῆς
1257 261 1399 317 μητρὸς
1429 259 1557 305 αυτοῦ

96 323 142 364 ἐν
158 325 220 379 ‘cni'
235 323 380 364 τίκτειν
400 317 631 374 θανούσης,
660 319 731 361 καὶ
751 316 876 362 αὐτοῦ
896 317 954 361 δι’
981 317 1183 373 ἀνατομῆς
1210 320 1481 375 προαχθέντος
1498 321 1556 369 εἰς

97 381 211 431 φᾶς’
239 394 317 420 ουκ
346 375 498 432 ἀληθὲς
522 376 566 418 δὲ
588 373 707 418 τουτό
735 376 826 417 ἐστι.
885 378 1034 417 Deinde
1056 377 1108 416 ad
1129 376 1207 416 hoc
1226 377 1554 427 confirmandum,

95 435 261 476 Matrem
285 449 398 486 eum,
437 434 488 474 ad
504 433 659 473 virilem
686 446 810 484 usque
831 440 1018 484 aetatem,
1056 434 1240 474 habuisse
1259 434 1451 473 affirmat.
1492 447 1555 473 re-

96 491 277 534 ctissime.
318 491 462 545 Hujus
485 490 546 530 rei
566 497 703 529 testem
737 489 928 529 habemus
958 490 1214 539 Suetonium,
1241 491 1283 529 in
1302 492 1335 529 J.
1354 491 1554 541 CaesareS,

97 561 184 602 cap.
203 551 270 592 26.
297 546 444 588 Eodem
460 548 642 601 temporis
657 548 787 600 spatio
808 557 968 586 matrem
988 549 1129 600 primo,
1162 546 1300 586 deinde
1310 545 1458 602 filiam,
1486 562 1556 587 nec

95 602 221 644 mullo
241 614 332 658 post
363 613 509 657 neptem
536 604 680 642 amisit.
736 603 816 643 Sed
835 610 875 642 et
898 610 987 643 ante
1004 605 1036 644 J.
1061 605 1263 642 Caesarem
1297 603 1411 642 multi
1439 603 1558 642 etiam

97 661 166 700 alii
184 662 349 701 fuerunt
366 662 567 698 caesares:
600 673 769 711 quorum
798 662 1018 711 catalogum
1046 661 1160 699 nobis
1180 659 1342 699 exhibet
1361 661 1419 699 Jo.
1441 661 1560 698 Glan-

96 717 278 770 dorpiue,
296 717 337 756 in
358 716 515 756 Notiiia
518 714 714 769 familiae
730 716 818 755 Caii
834 716 964 756 Julius
983 715 1161 756 Caesaris
1173 723 1248 758 etc.
1280 717 1310 755 J.
1323 719 1465 755 Caesar
1483 717 1557 755 ita-

97 786 175 825 que
196 775 404 812 Caesareae
434 772 592 824 quidem
624 773 826 824 dignitatis
861 780 999 812 auctor
1026 774 1124 824 fuit;
1155 775 1323 813 nominis
1340 788 1420 812 non
1447 774 1560 813 item.

95 830 207 870 Licet
236 837 366 870 autem
388 829 596 882 probabile
616 831 709 868 satis
729 831 799 880 sit,
829 831 1003 882 primum
1033 831 1236 870 Caesarem
1268 831 1316 869 ab
1337 830 1562 869 istiusmodi

96 899 194 926 canu
209 901 354 926 nomen
372 885 569 936 habuisse,
595 894 735 926 nostro
758 894 886 926 tamen
902 886 980 926 hoc
1000 894 1226 941 competere
1244 901 1326 927 non
1342 901 1458 940 posse
1478 901 1560 925 ma-

94 944 283 984 nifestum
301 950 372 984 est.
431 942 531 982 Vide
559 942 609 982 Is.
629 944 849 984 casaubon.
869 944 910 982 in
929 947 1093 983 Sueton.

203 1001 310 1053 Peg.
339 998 436 1042 214.
465 1002 506 1042 9.
534 998 850 1053 παραληφθέντα
871 998 952 1041 ν’πὸ
972 1001 1166 1054 Περσῶν]
1199 1001 1356 1040 omnino
1377 1000 1560 1040 scriben-

97 1056 195 1096 dum
216 1055 422 1111 Πάρθωυε
455 1055 618 1095 Crassus
640 1058 741 1096 enim
768 1057 871 1096 bello
891 1056 1076 1096 Parthico
1094 1057 1257 1097 interiit.

213 1116 308 1167 Pag.
337 1113 432 1155 214·
463 1115 531 1155 11.
573 1114 796 1166 διαδεχθεὶς
822 1117 894 1166 τῆς
919 1113 1110 1162 ’ὑπατείας
1120 1146 1132 1165 ,
1162 1112 1252 1168 ἤτοι
1272 1116 1345 1166 τῆς
1372 1113 1560 1167 Τριομβ.]

97 1169 204 1209 Haec
222 1170 344 1210 vertit
365 1169 456 1208 Chr.
472 1169 588 1210 Alex
606 1170 826 1224 Interpre83
859 1169 1085 1220 Consulatu,
1114 1187 1180 1210 seu
1208 1171 1470 1209 Triumviratu
1491 1169 1562 1209 do-

97 1225 676 1280 παιιιε,ηι81ε.Διαδε’χομαι
692 1228 793 1266 enim
813 1227 881 1266 hic
901 1227 1032 1279 passis
1036 1241 1068 1277 e,
1096 1227 1315 1280 impropiie
1334 1227 1440 1275 licet,
1470 1241 1562 1279 pro,

97 1280 285 1336 διάδοχον
305 1282 403 1335 ἔχων
420 1282 596 1349 ponitur.
654 1284 715 1324 Ita
736 1285 850 1324 etiam
877 1285 983 1323 infra
1004 1285 1260 1336 frequentius,
1290 1290 1336 1322 ut
1356 1284 1396 1322 in
1421 1284 1564 1323 Valen-

97 1340 249 1380 tiniano
271 1339 371 1392 Imp.
412 1342 455 1379 Η
479 1334 608 1406 μόνον
633 1339 676 1381 δὲ
692 1340 967 1394 ἐβασίλευσεν,
997 1338 1152 1389 εὐθέως
1180 1340 1378 1389 διεδέξατο
1404 1338 1473 1381 τόν
1496 1357 1566 1381 αυ-

95 1393 164 1438 τὸν
189 1395 360 1449 ἔπαρχον
388 1391 652 1447 Σαλουστιον,
682 1399 858 1437 etc.1n
879 1399 1038 1438 Zenone
1060 1397 1176 1437 etiam
1194 1398 1294 1451 Imp.
1334 1400 1369 1438 Ο
1387 1395 1431 1438 δὲ
1452 1399 1566 1450 βασι-

95 1450 189 1502 leve
209 1450 356 1506 Ζήνων
373 1451 566 1503 πεισθεὶς,
587 1453 785 1503 διεδέξατο
807 1453 929 1496 αὐτὸν
951 1455 995 1496 ἐκ
1012 1457 1085 1508 τῆς
1105 1451 1227 1507 ἀρχῆς
1245 1457 1319 1495 τοῦ
1337 1455 1567 1508 μαγίστρου,

95 1508 164 1550 καὶ
179 1508 366 1561 ἐποίησεν
385 1505 508 1550 αὐτὸν
529 1510 798 1565 στρατηλάτην
815 1509 1023 1564 ἅνατολῆς
1063 1512 1192 1562 Atque
1211 1510 1307 1549 huic
1327 1513 1569 1563 interpreta-
1616 1523 1618 1526 ·

96 1566 197 1606 tioni
218 1566 459 1617 suffragatm
475 1566 631 1618 Florus,
650 1568 718 1607 lib
731 1570 769 1611 4.
800 1569 862 1607 De
881 1569 1121 1607 successione
1135 1568 1312 1606 Caesaris
1324 1566 1505 1618 Senatus,
1523 1565 1569 1605 id

97 1632 166 1671 est,
178 1621 398 1675 Pompeius
418 1622 609 1675 agitabat,
631 1640 700 1663 nec
719 1624 787 1664 ille
798 1623 1004 1674 abnuebat,
1027 1625 1062 1663 si
1081 1625 1184 1662 ratio
1204 1625 1267 1662 sui
1282 1625 1482 1676 proximis
1494 1639 1568 1663 co-

97 1679 220 1718 mitiis
240 1677 452 1718 haberetur.
517 1677 750 1720 Consulatus
778 1681 950 1730 absenti,
980 1695 1091 1734 quem
1114 1679 1242 1719 decem
1267 1678 1414 1718 tribuni
1428 1678 1567 1733 plebi-5,

86 1735 256 1792 favente
285 1736 488 1789 Pompeio,
519 1751 638 1788 nuper·
666 1735 932 1786 decreverant,
959 1747 1063 1787 ium,
1106 1734 1376 1775 dissimulante
1402 1735 1567 1787 eosdem,

100 1789 328 1844 negabatur.
392 1792 562 1842 Veniret,
593 1798 632 1831 et
651 1800 809 1845 peteret
829 1807 939 1833 more
955 1794 1170 1845 majorum:
1198 1791 1267 1831 ille
1285 1801 1423 1831 contra
1437 1794 1566 1845 flagi-

99 1858 185 1886 tare
205 1845 371 1897 decu-eta,
401 1863 463 1896 ac,
494 1849 569 1887 nisi
589 1851 631 1887 in
653 1850 730 1889 fide
751 1856 1041 1903 permanerent,
1070 1864 1151 1888 non
1174 1863 1215 1888 se
1233 1849 1430 1888 remittere
1453 1863 1564 1888 exer-

101 1906 236 1943 citum.
308 1903 413 1972 Ergo
441 1915 483 1944 ut
508 1906 550 1944 in
575 1905 720 1945 hostem
757 1906 985 1947 decernitur.
1042 1906 1163 1959 Apud
1195 1904 1287 1945 Chr.
1317 1905 1434 1946 Alex.
1465 1920 1563 1945 vero

103 1958 434 2015 Τριουμβιρατωρ
456 1963 654 2013 scribitur,
688 1963 908 2017 Triumvir5
935 1970 976 2004 et
1003 1963 1372 2018 Τριουμβιρατορία,
1401 1963 1563 2002 Trium-

98 2017 253 2058 viratus
272 2033 313 2072 p.
330 2019 426 2060 438.
481 2020 626 2058 Noster
647 2020 750 2059 infra
772 2021 889 2060 etiam
909 2020 1051 2071 habet,
1087 2020 1342 2075 Τριομβυρία.

214 2077 312 2129 Pag.
341 2078 436 2119 215
468 2080 505 2119 1.
545 2092 616 2117 του
651 2073 778 2118 αὐτοῦ
802 2076 1031 2131 πενθερου]
1064 2075 1336 2130 reponendum
1356 2078 1563 2130 γαμβροῦε

99 2131 310 2184 Pompeius
329 2131 430 2170 enim
447 2133 479 2173 J.
500 2134 675 2172 Caesaris
698 2133 831 2184 filiam,
859 2134 1013 2184 Juliam,
1042 2147 1208 2174 uxorem
1222 2132 1372 2172 habuit.
1430 2133 1508 2172 Sed
1526 2140 1564 2172 et

101 2189 244 2227 caesar
266 2189 382 2228 etiam
401 2190 574 2243 Pompeii
595 2190 776 2231 miamin
799 2191 1091 2232 matrimonium
1110 2192 1292 2244 petierat.
1351 2189 1449 2231 Vide
1471 2191 1566 2229 Sue-

99 2251 186 2286 ton.
207 2245 251 2284 in
270 2245 389 2294 lulio,
419 2261 508 2300 cap.
534 2251 602 2290 27.

213 2301 310 2356 Ρσ3.
342 2303 441 2346 215.
476 2306 515 2348 5.
556 2300 709 2346 οἷνελων
730 2319 884 2353 παντας
913 2321 1009 2354 τους
1027 2300 1339 2359 συγκλητικους]
1370 2302 1468 2352 Imo,
1499 2303 1567 2341 Se-

102 2359 308 2398 natoribus
331 2361 424 2411 fuga
446 2361 600 2413 elapsis,
630 2363 769 2401 urbem
785 2362 920 2415 potius
938 2376 1103 2401 vacuam
1126 2362 1290 2400 invenit.
1330 2359 1389 2397 Ita
1409 2359 1567 2409 Florus,

102 2414 344 2458 l1b·4.Nec
358 2420 560 2470 Pompeius
573 2417 622 2458 ab
636 2417 773 2467 Italia,
793 2435 908 2473 quam
921 2418 1087 2459 Senatus
1110 2417 1161 2457 ab
1178 2414 1373 2472 urbasu,³
1357 2425 1470 2454 natur
1484 2417 1568 2469 pri-

105 2484 164 2522 or,
181 2486 298 2526 quam
311 2489 407 2527 pene
423 2489 588 2514 vacuam
601 2486 702 2514 metu
715 2474 889 2516 Caesar-¹
875 2490 1081 2528 ingressus,
1109 2472 1309 2514 Consulem
1323 2487 1444 2525 seipse
1448 2471 1569 2527 facit

215 2527 313 2582 1³03·
343 2531 437 2573 215.
473 2536 538 2573 11.
580 2528 739 2572 ἀνεῖλεν
766 2529 890 2574 αυτόν
914 2534 971 2581 εἰς
997 2547 1073 2584 την
1097 2527 1327 2584 Αἰγυπτον]
1359 2529 1568 2580 Pompeius

106 2599 127 2622 a
155 2584 318 2624 Caesare
345 2587 559 2627 devictus
546 2603 589 2627 m
619 2589 841 2655 Aegyptum
866 2589 960 2640 fuga
992 2588 1140 2634 evasit,
1177 2586 1369 2625 auxilium
1391 2599 1412 2622 a
1432 2585 1570 2624 Ptolo-

104 2654 217 2680 maeo
234 2655 327 2706 rege
347 2644 564 2695 petiturus;
592 2646 661 2685 ubi
683 2662 705 2685 a
729 2648 828 2695 repis
846 2646 1037 2685 ministris
1059 2643 1227 2692 Achilla,
1255 2641 1441 2692 Pothino,
1464 2642 1568 2680 aliis

106 2712 202 2749 que,
233 2699 386 2739 occisus
415 2708 486 2742 est.
545 2703 675 2754 Atque
707 2703 748 2743 in
777 2703 872 2753 hoc,
913 2717 1002 2742 cum
1033 2700 1231 2740 histoiicis
1260 2699 1344 2738 aliis
1368 2699 1564 2750 omnibus,

107 2755 325 2794 concordat
352 2757 466 2796 etiam
487 2760 679 2810 Lucanus,
711 2775 733 2798 a
754 2766 888 2798 nostro
910 2760 1051 2798 citatus
1081 2757 1254 2798 Pharsal.
1280 2755 1351 2795 lib.
1372 2757 1411 2797 8.

218 2811 316 2866 Pflg·
347 2814 443 2858 215.
474 2819 540 2858 22.
582 2816 646 2858 ἐπὶ
665 2816 732 2869 ἔτη
753 2813 843 2870 ιη’.]
875 2817 933 2854 [ta
958 2815 1059 2855 enim
1084 2815 1377 2867 Excerptorum
1405 2812 1566 2852 Latino-
