1838 3230
620 175 1078 222 PROLEGOMENA.
1449 199 1573 226 Lxxu
1583 201 1597 226 ι

118 305 198 345 gua
215 293 288 343 sit,
318 299 359 332 et
380 292 509 345 qualis
529 291 581 331 sit
599 291 804 345 Scriptor,
835 292 1210 343 demonstrandum,
1241 300 1279 332 et
1300 293 1599 336 observationes

118 374 201 400 non
221 373 367 414 paucas
394 360 624 400 contineant
656 373 758 413 quae
788 361 883 400 alias
909 361 960 400 ad
988 376 1077 402 eum
1104 362 1200 402 satis
1231 368 1423 416 spectant.
1482 364 1548 403 Sic
1565 364 1601 404 si

117 427 236 470 nobis
262 429 393 469 minus
422 428 606 469 succedat
634 428 745 482 quod
774 429 824 468 de
855 429 940 483 ejus
972 436 1100 470 aetate
1129 430 1425 482 contendimus,
1466 437 1599 472 tamen

118 497 238 538 nobis
265 511 345 538 non
368 497 500 537 minus
520 497 717 537 foeliciter
745 503 807 537 est
823 510 1103 537 successurum
1123 511 1238 550 quam
1263 496 1462 551 Ghymicis
1481 501 1598 553 solet,

120 568 192 620 qui
214 581 297 607 non
324 567 454 606 minus
483 575 664 621 quaestus
683 580 732 605 ex
752 566 846 618 ipsis
865 565 1016 606 Mediis
1043 566 1210 619 adipisci
1229 567 1380 616 solent,
1411 581 1529 620 quam
1548 582 1599 607 ex
1653 584 1657 587 “

119 635 189 675 illa
210 635 298 690 ipsu
325 649 372 676 re
390 634 442 675 ad
472 648 590 686 quam
610 634 805 674 videntur
835 633 1050 687 praecipue
1079 635 1322 685 collimasse,
1353 641 1391 674 et
1417 636 1599 688 quamvis

119 703 212 743 illos
234 704 278 743 id
301 704 458 757 penitus
481 702 629 755 fugiat,
660 702 711 741 ad
730 702 840 755 quod
861 716 931 741 sua
957 703 1090 742 studia
1110 704 1342 756 praesertim
1365 705 1599 756 direxerint,

119 772 248 812 mulla
264 779 419 820 tamen,
451 785 553 824 quae
581 770 728 811 laboris
751 778 790 811 et
810 784 953 824 operae
981 770 1031 810 sit
1048 771 1201 825 justum
1222 773 1422 826 pretium,
1451 774 1491 814 in
1511 775 1598 829 ipsa

120 840 185 881 via
201 841 463 895 patefaciunt.

232 978 334 1017 XLI.
391 977 475 1016 Jam
505 976 706 1029 reliquum
734 982 794 1016 est
822 974 992 1030 (Lector
1017 975 1319 1030 candidissime)
1346 984 1412 1029 ut,
1452 977 1601 1019 Ioanni

120 1043 300 1086 Mulelae
317 1047 406 1086 vale
423 1045 556 1095 dicto,
590 1046 641 1085 ad
666 1046 857 1085 Autorem
882 1046 1046 1084 alterum
1060 1074 1071 1094 ‚
1103 1047 1171 1097 qui
1192 1045 1226 1084 ei
1243 1045 1283 1084 in
1305 1045 1381 1085 hac
1401 1047 1599 1100 Editione,

122 1125 174 1152 ex
203 1113 456 1154 ordinatione
488 1114 706 1155 doctissimi
735 1111 975 1163 (mummoli,
1011 1113 1266 1166 praefigitur,
1307 1129 1380 1155 nos
1418 1118 1600 1156 consera-

121 1193 232 1230 mus3
262 1188 300 1221 et
327 1189 465 1236 postea
503 1183 553 1223 de
585 1182 662 1222 hac
693 1183 897 1233 mitione,
929 1188 968 1221 et
998 1181 1228 1233 dignissimo
1256 1179 1466 1238 Interprete
1496 1186 1599 1239 ipso,

121 1255 160 1288 te
186 1251 380 1291 monitum
418 1265 546 1304 pauca
572 1252 771 1291 faciamus.
842 1250 963 1299 Quod
996 1256 1150 1302 spectat
1185 1250 1235 1289 ad
1263 1251 1340 1290 ista
1367 1266 1468 1305 quae
1504 1253 1599 1293 huic

120 1317 296 1358 Editioni
320 1320 633 1373 praemittuntur
655 1318 963 1373 Chronologica,
995 1320 1067 1358 sub
1100 1320 1220 1359 titulo
1244 1319 1414 1359 Amoris
1431 1321 1599 1375 Anony.

121 1387 180 1426 mi
192 1385 479 1442 Excerpiorum
505 1387 906 1442 Ghronologicorum:
934 1402 1016 1426 non
1047 1388 1123 1426 alia
1150 1395 1244 1428 sunt
1266 1402 1310 1428 ea
1333 1402 1450 1441 quam
1480 1389 1600 1431 Chro-

120 1455 205 1495 υἱοί
248 1453 407 1511 Georgii
440 1455 640 1497 Monacki
674 1456 939 1508 cognominati
975 1455 1212 1497 Hamartoli
1247 1457 1331 1496 sive
1370 1451 1600 1499 Peccatoris

120 1523 377 1576 principium.
433 1524 519 1564 Hoc
534 1525 649 1564 nobis
666 1525 712 1564 fit
728 1525 1110 1578 compertissimum:
1142 1540 1232 1566 nam
1252 1525 1358 1564 idem
1376 1532 1434 1565 est
1454 1525 1601 1567 horum

119 1590 277 1631 initium
309 1605 399 1632 cum
436 1593 550 1632 initio
572 1593 923 1646 chronographiae
948 1592 1106 1647 Georgii
1123 1591 1381 1643 Hamartoli,
1412 1596 1520 1646 quod
1551 1609 1603 1635 ex

122 1659 270 1700 Codice
286 1661 366 1701 MS.
382 1675 406 1700 a
425 1659 476 1703 L.
499 1659 661 1701 Allatio
675 1662 718 1701 in
738 1661 927 1701 Diatriba
947 1660 995 1700 de
1017 1660 1193 1715 Georgiis
1216 1661 1441 1701 exhibetur.
1498 1666 1603 1718 Χρο-

121 1724 238 1769 νικδν
267 1723 467 1782 σύντομον
501 1728 545 1770 ἐκ
579 1728 788 1784 διαφόρων
818 1726 1109 1784 χρονογρᾶφων
1139 1745 1180 1770 τε
1199 1729 1267 1770 καὶ
1288 1729 1490 1785 ἐξηγητῶν
1512 1735 1603 1774 συλ-

122 1794 257 1850 λεγὲν,
285 1796 354 1837 καὶ
375 1795 570 1838 συντεθὲν
592 1796 673 1839 ὑπὸ
689 1800 889 1854 Γεωργίου
912 1801 1162 1851 Αμαρτωλοῦ
1182 1802 1396 1852 Μοναχοῦ.
1455 1802 1602 1854 Βίβλος

119 1862 311 1919 γενέσεως
337 1860 569 1919 ἀνθρώπων
597 1861 626 1923 ᾗ
648 1866 777 1923 ’ἡμέρᾳ
805 1866 974 1908 ἔπλασεν
1005 1865 1029 1908 ὅ
1048 1863 1147 1916 θεός
1165 1864 1233 1908 τὸν
1253 1865 1398 1921 Αδοῖμ]
1430 1866 1524 1910 κατ’
1551 1871 1603 1912 εἰ-

121 1930 242 1984 κόνα,
272 1931 341 1974 καὶ
359 1931 551 1986 ὁμοίωσιν
568 1930 695 1976 αὐτοῦ
711 1934 732 1978 ὅ
748 1934 791 1977 δὲ
811 1933 935 1988 Αδοῖμ
959 1933 1168 1988 ἐγέννησεν
1188 1933 1306 1984 υἴοὺς
1319 1942 1432 1991 τρεῖς.
1478 1938 1602 1978 Breve

126 1998 266 2042 Clu-on.
293 2017 314 2041 e
344 1999 505 2041 diversis
539 2002 764 2043 Annalium
790 2002 1058 2058 Scriptoribus
1087 2013 1122 2042 et
1151 2004 1442 2057 expositoribus
1471 2005 1599 2047 decer-

118 2079 253 2123 ptum,
302 2071 654 2126 concinnatumque
693 2087 718 2111 a
756 2070 922 2126 Georgio
954 2070 1154 2112 Monacho
1187 2071 1410 2113 Peccatore.
1477 2074 1601 2113 Liber

118 2138 378 2191 generationis
397 2138 595 2179 hominum
618 2139 668 2179 ab
691 2156 734 2180 eo
753 2140 840 2194 die,
863 2156 939 2196 quo
961 2140 1068 2179 Deus
1083 2138 1292 2179 Adamum
1316 2138 1372 2179 ad
1390 2141 1599 2194 imaginem

121 2215 159 2244 et
186 2204 480 2246 similitudinem
511 2224 624 2247 suam
654 2210 822 2259 creavit,
852 2207 1072 2249 exorditur.
1128 2207 1315 2248 Adamas
1338 2219 1414 2248 ires
1432 2211 1598 2261 suscepit

121 2271 260 2314 Filios.
289 2285 358 2314 etc.
425 2276 563 2329 Neque
594 2278 724 2316 solum
763 2291 814 2316 ex
840 2277 956 2318 initio
992 2283 1183 2329 apparet,
1223 2290 1362 2317 verum
1400 2278 1514 2316 etiam
1549 2291 1598 2316 ex

125 2341 379 2400 Praffaiione
410 2358 511 2398 quae
537 2346 655 2386 Initio
684 2346 726 2385 in
752 2346 896 2386 Codice
923 2346 1003 2386 MS.
1033 2343 1195 2398 undel)
1238 2358 1310 2384 sua
1348 2343 1596 2385 Chilmeadus

169 2545 210 2590 ¹)
232 2546 396 2581 Volumen
420 2547 497 2584 MS.
521 2559 589 2594 quo
613 2560 693 2584 usus
717 2551 770 2584 est
797 2549 1016 2584 Chilmeadus
1038 2547 1220 2595 (quamvis
1243 2548 1320 2589 ille,
1356 2545 1417 2580 ubi
1438 2545 1596 2592 reperia-

199 2607 291 2655 spur,
325 2604 506 2640 Lectorem
538 2618 604 2640 non
627 2606 713 2642 fecit
737 2607 947 2652 certiorem)
976 2607 1113 2642 invenio
1146 2607 1236 2640 inter
1267 2603 1437 2640 volumina
1460 2605 1599 2639 Graeca

213 2658 318 2697 MSS.
342 2661 562 2697 Bar-occiana
585 2664 822 2699 Bibliothecae
848 2666 1047 2700 Oxoniensis
1069 2663 1235 2698 Publicae
1259 2673 1348 2696 num.
1376 2661 1453 2697 194.
1488 2661 1601 2696 Char-

214 2721 345 2752 taceum
370 2722 424 2753 est
447 2718 554 2763 illud,
593 2725 630 2756 et
652 2721 742 2757 inter
772 2722 872 2758 varia
895 2722 1025 2758 diversi
1056 2719 1249 2766 argumenti
1276 2720 1345 2763 fol.
1368 2716 1433 2764 vy'.
1469 2719 1600 2764 absque

202 2773 284 2808 ullo
309 2775 364 2809 vel
395 2777 528 2812 nomine
550 2779 694 2814 Autoris
721 2779 777 2815 vel
800 2780 927 2826 Operis
951 2779 1088 2820 Titano,
1115 2777 1164 2812 sic
1187 2776 1325 2823 incipit:
1365 2777 1503 2814 Πολλοὶ
1525 2777 1601 2812 τῶν

214 2830 282 2877 ἔξω
308 2830 517 2879 φιλόσοφοι
540 2835 605 2872 καὶ
629 2835 823 2883 φιλόλογοι
849 2842 916 2874 etc.
946 2840 1050 2884 prout
1072 2837 1179 2871 habet
1202 2836 1364 2872 Allatius.
1411 2834 1598 2871 Continen-
