1838 3230
616 181 1087 228 ANNOTATIONES.
1477 191 1576 240 515

119 295 287 338 chilind.
307 298 346 340 1.
369 295 520 339 Histor.
543 300 609 341 12.
645 294 805 350 Ορφεῦς
822 291 879 350 ἦν
909 295 1036 353 Θρᾷξ,
1065 299 1107 348 ἐξ
1143 301 1358 351 Οδρυσσῶν
1386 305 1576 357 πατρίδος

116 354 338 403 Βισαλτίας.
368 353 569 394 Cedrenus
588 352 745 392 interim
761 354 1031 405 corrigendus,
1053 355 1121 394 ubi
1140 356 1298 408 legitur,
1317 358 1341 398 ὅ
1354 358 1574 411 Βρυώσιος.

227 419 325 475 Pug.
354 422 422 464 74.
453 424 521 465 13.
551 421 677 470 ἐξεῖπε
705 417 762 472 μή
790 436 878 461 τινα
905 424 1037 472 φὸἷναι
1062 419 1110 463 τὰ
1142 422 1354 477 ἕρικεπεώ]
1384 428 1472 477 lego
1492 424 1575 478 φά-

117 492 197 519 ναι.
253 476 353 516 haec
373 479 488 517 etiam
510 478 620 530 apud
644 477 886 527 Cedrenum‚
915 478 1011 517 licet
1038 480 1196 529 mutila,
1226 479 1443 521 habentur:
1476 484 1576 535 legit

116 534 240 585 enim,
270 527 321 575 οὗ
335 530 466 586 ὄνομα
485 533 511 575 o‘
531 530 647 582 αὐτός
673 531 835 586 Ορφεῦς
858 530 1033 582 ἀκούσας
1052 535 1094 576 ἐκ
1113 539 1184 589 τῆς
1212 539 1395 588 μαντίας,
1426 539 1572 588 ἐξεῖπε·

115 593 256 644 μῆτις,
285 586 380 645 ὅπερ
402 587 682 644 ἑρμηνεύεται,
713 586 863 642 βουλή,
903 597 976 630 etc.
1014 592 1142 643 prima
1173 593 1323 632 scilicet
1342 595 1487 647 Ophici
1503 611 1573 636 re-

116 646 254 699 sponsi
277 659 377 686 voce
407 647 582 699 prolata,
621 646 785 698 reliquis
819 647 981 688 omissis.
1051 648 1159 696 Quid
1189 663 1286 689 vero
1312 649 1361 691 τὰ
1390 651 1573 704 ἓρικεπειδ

114 703 190 742 sibi
209 702 320 752 vult,
351 709 420 741 aut
434 703 539 741 unde
559 704 730 755 petitum
748 702 827 741 hoc
853 704 1113 755 vocabulum,
1140 720 1222 744 non
1252 706 1352 746 adeo
1379 708 1489 749 dictu
1508 710 1574 748 sa-

115 759 216 802 cile:
245 772 367 812 quum
389 766 521 798 tamen
547 759 648 798 nihil
676 759 787 797 nobis
817 759 948 799 adhuc
972 761 1219 813 probabilius
1240 771 1442 815 occurrat,
1475 767 1574 805 Gre-

113 815 216 866 gorii
245 817 372 854 nostri
400 815 615 855 doctissimi
641 815 931 867 conjecturam‚
967 818 1011 855 in
1043 818 1135 858 Not.
1175 827 1214 858 et
1243 820 1448 862 Observat.
1490 823 1572 861 suis

111 871 277 923 Anglice
295 872 480 926 scriptis,
508 874 550 911 in
578 871 772 924 quaedam
791 874 829 914 S.
850 874 1080 926 Scripturae
1105 875 1189 913 loca
1211 879 1476 928 propositam,
1506 879 1573 918 hic

110 942 346 981 proponam.
386 928 561 968 Hebraei
591 929 771 980 (inquit)
811 930 911 968 inter
942 929 1225 970 Arithmeticas
1251 947 1343 971 suas
1373 933 1572 975 Traditio-

111 1000 200 1030 nes,
230 986 345 1024 eiiam
365 984 468 1024 hanc
498 987 665 1024 nominis
690 984 867 1023 Iehovah
892 984 1126 1025 numeralem
1152 986 1295 1028 habent
1311 992 1544 1031 notationem
1553 1008 1570 1045 ‚-

112 1049 179 1093 περ
198 1041 314 1095 Kepo
336 1042 416 1080 sive
433 1042 595 1095 Kepeo,
624 1056 742 1096 quam
759 1040 835 1081 hoc
858 1039 976 1082 modo
995 1040 1201 1083 deducunt.

791 1109 891 1139 -o't‘ffi'

411 1162 536 1206 :nnn
563 1164 628 1195 ’ππ
661 1163 734 1193 :nn
753 1163 905 1195 :numm
931 1166 968 1196 ,π
992 1164 1067 1208 :pw
1088 1163 1218 1196 tamve
1239 1166 1268 1184 ·-

266 1217 355 1260 περ
383 1219 452 1252 ’πη
484 1219 554 1249 :nn
583 1221 618 1250 ·.·ι
649 1219 776 1251 mmm
809 1223 844 1251 τι
872 1220 975 1263 :sup
993 1222 1060 1253 ’πη
1090 1207 1152 1252 :³¹³
1184 1222 1211 1254 Ἰ
1234 1221 1363 1254 mmm
1391 1227 1419 1256 ⁴³

109 1263 155 1303 id
189 1275 245 1304 est
279 1268 347 1308 10.
383 1267 427 1305 in
443 1282 522 1306 sese
539 1265 835 1320 multiplicatis,
851 1269 1082 1321 proveniunt
1109 1272 1201 1311 100.
1226 1271 1266 1312 5.
1305 1274 1346 1310 in
1374 1288 1414 1311 se
1438 1271 1568 1313 multi.

105 1320 282 1374 plicatis,
306 1333 449 1361 exeunt
465 1324 533 1366 25.
548 1322 651 1363 Ecce
673 1325 765 1368 125.
783 1327 820 1366 6.
842 1326 883 1363 in
898 1340 938 1363 se
954 1323 1240 1378 multiplicati-5,
1255 1328 1361 1380 fiunt
1378 1332 1443 1371 36.
1469 1328 1569 1370 Ecce

110 1381 204 1420 161.
222 1377 261 1420 5.
279 1378 323 1416 in
339 1393 379 1416 se
396 1377 679 1431 multiplicatis,
695 1378 967 1433 producuntur
985 1381 1055 1422 25.
1074 1392 1139 1422 '717
1159 1381 1263 1420 Hare
1281 1385 1359 1422 sive
1377 1385 1486 1436 Heri,
1507 1402 1566 1425 ec-

108 1449 152 1474 ce
171 1441 238 1486 ΊΒΡ
254 1434 382 1486 ΚεΡο,
414 1433 460 1473 id
476 1445 544 1486 est,
574 1439 669 1479 186.
699 1452 800 1490 quae
819 1437 956 1476 Divina·
983 1438 1151 1476 nominis
1170 1437 1459 1491 Hamphorash,
1489 1443 1567 1481 sive

106 1488 318 1529 numeralis
337 1500 392 1530 est
417 1490 597 1541 Nuntio,
624 1491 797 1547 adeoque
823 1492 1009 1532 vocabuli
1035 1493 1149 1547 hujus
1174 1494 1371 1548 ἕρικεπεώ,
1393 1497 1443 1535 ab
1469 1513 1566 1538 ora-

106 1544 197 1586 culo
227 1545 346 1595 editi,
383 1548 633 1600 significatio.
697 1549 806 1588 Haec
839 1550 919 1589 ille.
995 1550 1160 1588 Frustra
1192 1551 1327 1602 itaque
1354 1560 1446 1592 sunt
1475 1567 1564 1592 cum

106 1601 257 1641 Autore
276 1609 411 1641 nostro
432 1603 572 1642 Suidas
589 1605 631 1643 in
653 1605 828 1657 Orpheo,
859 1613 897 1645 et
917 1606 1114 1644 cedrenus
1127 1637 1138 1656 ‚
1168 1607 1237 1658 qui
1255 1608 1398 1647 horum
1422 1610 1564 1649 verbo-

107 1671 196 1697 rum
224 1659 592 1711 interpretationem
620 1675 669 1699 ex
702 1663 852 1700 Graeco
887 1662 997 1700 fonte
1025 1667 1156 1713 petere
1184 1669 1385 1715 satagunt:
1426 1669 1565 1718 Μῆτις

108 1714 270 1767 quidem
291 1715 501 1754 consilium
531 1723 666 1765 sonat3
695 1724 733 1755 et
753 1721 861 1769 φῶς,
893 1732 983 1756 cum
1007 1718 1130 1756 verbo
1155 1722 1303 1770 φᾶναι,
1334 1721 1562 1762 affinitatem

108 1771 306 1822 quandam
338 1770 484 1811 habere
513 1772 694 1812 videtur:
725 1787 862 1813 verum
889 1774 1047 1812 ubinam
1077 1774 1234 1815 tandem
1262 1776 1486 1818 invenietur
1513 1777 1562 1820 τοὶ

108 1825 318 1880 ἐρικεπεῶ,
357 1828 466 1880 quod
494 1828 665 1868 Antores
691 1830 808 1879 dicti,
849 1831 957 1882 quod
991 1844 1072 1868 non
1097 1832 1385 1884 intelligerent,
1417 1835 1562 1873 omise-

106 1883 230 1923 runt?
262 1885 374 1923 Certe
405 1885 611 1937 Orpheum
643 1886 923 1925 Hebraicarum
944 1887 1237 1939 Scripturarum
1258 1888 1367 1928 haud
1382 1890 1562 1943 ignarum

106 1940 230 1979 fuisse
266 1949 435 1993 apparet
464 1955 515 1980 ex
534 1943 688 1993 Hymno
715 1943 797 1995 ejus
822 1943 871 1983 de
901 1945 1003 1990 Deo,
1034 1944 1105 1983 ubi
1131 1945 1238 1984 inter
1268 1948 1394 1986 multa
1418 1949 1561 1986 Numi-

106 1997 168 2035 nis
187 1996 431 2047 redolentia,
465 1997 562 2037 haec
586 1998 799 2041 habentur.

323 2073 464 2132 ᾼρχῆν
483 2073 601 2125 αὐτὸς
620 2077 739 2130 ἔχων,
770 2075 852 2130 ἅμα
869 2077 936 2118 καὶ
953 2077 1075 2130 μέσον
1094 2075 1167 2130 ἠδὲ
1183 2077 1379 2133 τελευτήν.

324 2134 388 2179 Ως
404 2129 523 2185 λόγος
538 2130 732 2186 ἀρχαίων,
763 2135 816 2182 ὥς
833 2132 1052 2188 ὖδρογενής
1070 2133 1253 2185 διέταξεν,

323 2190 386 2228 Ex
405 2185 561 2230 θεόθεν
577 2188 772 2243 γνώμαισι
789 2189 924 2243 λαβών
938 2188 1036 2231 nocto?
1056 2191 1227 2232 δίπλακα
1249 2189 1416 2244 θεσμόν.

104 2266 173 2305 ubi
210 2269 271 2322 τῷ
298 2265 510 2321 ὖδρογενεῖ
538 2268 686 2307 Mosem
715 2283 802 2308 eum
831 2269 1014 2319 innuere,
1046 2269 1097 2307 ad
1123 2271 1290 2308 nominis
1325 2270 1407 2323 ejus
1438 2271 1558 2322 origi-

106 2336 196 2362 nem
210 2330 396 2375 respectu
414 2323 573 2375 habito,
601 2326 856 2377 perspicuum
885 2331 952 2365 est.
1010 2325 1128 2373 Quod
1156 2328 1256 2364 enim
1283 2340 1332 2364 ex
1351 2327 1462 2378 aquis
1483 2341 1556 2365 ex-

105 2385 255 2418 tractus
283 2381 437 2430 fuerat,
472 2381 561 2419 ideo
589 2382 743 2432 Moyses
771 2388 932 2421 vocatus
958 2389 1037 2421 est:
1077 2383 1135 2420 uti
1160 2389 1355 2421 testantur
1383 2384 1422 2423 S.
1443 2384 1555 2421 Scri-

105 2441 266 2487 ptume,
295 2437 421 2475 Exod.
442 2442 480 2481 2.
499 2451 537 2479 v,
558 2441 622 2480 10.
654 2439 828 2477 Nominis
849 2446 978 2478 autem
1001 2438 1120 2491 hujus
1148 2439 1339 2477 rationem
1370 2453 1419 2477 ex
1444 2440 1555 2478 Jose-

105 2490 212 2543 pho,
242 2494 373 2545 Antiq.
398 2493 487 2532 Jud.
519 2498 557 2535 1.
578 2498 616 2536 2.
646 2497 797 2547 profert
826 2496 992 2547 Glyces,
1021 2495 1158 2533 Annal.
1187 2502 1288 2546 part.
1306 2499 1346 2536 2.
1377 2495 1439 2533 his
1462 2509 1555 2534 ver-

105 2547 167 2585 bis
194 2546 344 2587 Nomen
364 2546 572 2603 (inquiens
583 2548 636 2603 )ei
650 2550 776 2605 fuisse
797 2550 931 2590 datum
954 2551 1003 2591 ab
1022 2567 1064 2590 eo
1092 2549 1198 2604 quocl
1217 2549 1433 2589 accidera1=
1462 2566 1552 2589 nam

111 2605 315 2657 Aegyptios
342 2620 485 2658 aquam
521 2607 615 2659 Moy
650 2606 791 2647 dicere:
828 2608 932 2646 hises
968 2618 1093 2646 autem
1129 2604 1240 2651 illos,
1272 2607 1340 2656 qui
1368 2622 1421 2644 ex·
1448 2621 1554 2658 aqua

107 2660 185 2697 sint
204 2662 374 2699 extracti
391 2660 634 2717 liberaiique‚
666 2663 797 2704 eadem
818 2667 935 2704 etiam
964 2662 1151 2702 habentur
1170 2660 1277 2714 apud
1301 2660 1440 2701 Philon
1459 2661 1551 2701 Jucl.

104 2738 155 2778 Et
181 2737 339 2789 quidem
361 2739 492 2792 lingua
512 2743 636 2795 Copta
655 2728 901 2790 mutim,
930 2743 1072 2795 pimoy‚
1103 2754 1244 2791 aquam
1255 2740 1456 2792 significat,
1484 2741 1552 2778 ubi

106 2823 194 2873 ῘΠ)
221 2829 278 2881 pi,
301 2828 455 2880 signum
474 2837 534 2870 est
548 2833 714 2872 nominis
726 2834 950 2872 Masculini:
980 2822 1292 2898 QOZOQXB
1325 2829 1419 2870 item
1437 2829 1552 2882 Moy-
