1838 3230
306 177 404 225 590
787 176 1254 223 ANNOTATIONES.

304 286 408 343 βόλῳ
428 288 612 329 habemus
631 304 706 343 pro
729 287 1089 345 σφενδονοβόλων·’
1107 306 1184 344 quo
1205 294 1400 333 vocabulo
1418 295 1567 336 Auctor
1583 296 1738 340 Funda-

302 354 401 383 tores
416 345 517 384 forte
538 347 802 398 expresserit?
831 361 911 385 vox
930 354 1120 387 tamenet
1136 348 1233 387 haec
1251 351 1405 401 penitus
1424 352 1610 392 inaudita.
1664 363 1667 365 ’
1739 352 1741 355 ’

415 404 509 453 Pag.
537 405 631 444 297.
663 404 701 444 5.
747 405 935 452 Εναθος,
962 402 1143 455 βασιλεῦς
1165 408 1432 458 Σαρακηνῶν]
1471 409 1558 449 Scr.
1582 408 1737 450 Οδὲνα-

301 460 390 503 θος.
450 456 522 494 Hic
539 470 634 495 vero
652 458 839 509 Princeps
861 465 944 496 erat
962 460 1294 511 Palmyrenorum,
1328 468 1365 501 et
1383 464 1643 503 Romanorum
1663 467 1736 504 So-

299 511 395 550 cius.
464 512 680 550 Trebellius
713 514 812 552 Poll.
850 513 940 552 Nisi
973 514 1167 554 Odenatus
1197 517 1383 570 Princeps
1411 517 1735 571 Palmyrenorum,

301 577 414 619 capto
440 566 665 616 Valeriano,
690 567 811 623 fissis
827 567 943 607 Rom.
963 569 1077 622 Reip.
1099 570 1263 617 viribus,
1295 575 1511 626 sumpsisset
1525 576 1736 628 imperium,

299 623 341 659 in
367 621 518 660 Oriente
538 639 594 661 res
617 623 792 676 perditae
819 635 951 668 essent.
1010 628 1191 677 Saporem
1220 628 1352 679 itaque
1377 630 1489 680 Syria
1510 631 1737 671 Odenathus

300 677 463 728 expulit,
493 685 609 729 atque
639 680 687 718 ad
711 679 997 731 Ctesiphontem
1020 695 1143 732 usque
1155 683 1352 722 insecutus
1377 692 1455 724 est:
1487 686 1536 724 ob
1555 686 1654 727 haec
1668 700 1735 728 ve-

298 745 343 770 ro
361 735 561 783 praeclara
579 736 661 786 ejus
677 742 802 785 gesta,
841 736 1036 786 Augustus
1053 738 1101 775 ab
1121 738 1217 790 Imp.
1239 740 1416 779 Gallieno
1435 741 1576 782 deinde
1592 743 1737 782 saluta-

297 794 371 838 tus,
400 791 523 828 totius
545 791 658 828 etiam
682 791 840 829 orientis
864 792 1071 843 imperium
1102 792 1279 835 obtinuit.

408 845 507 897 Peg.
539 849 632 888 297.
663 849 703 888 8.
740 845 834 894 τούς
855 850 927 899 τῆς
948 849 1139 900 βοηθείας
1156 846 1360 904 Σαποᾶρη]
1389 852 1473 891 Ser.
1490 850 1704 906 Σαπῶρου.

410 903 505 953 Pag.
537 904 629 944 297-
660 905 728 943 21.
765 901 1003 955 Βαλεριανός
1032 903 1213 956 βασιλεύς
1241 904 1412 954 ἐξελθών
1444 903 1522 948 ἀπὸ
1563 906 1730 962 Ρῶμης]

299 955 436 1002 Qualis
468 964 526 994 est
554 956 651 995 haec
680 954 949 1010 ἆνιστορησίοι·
989 959 1218 998 Valerianus
1240 963 1341 1000 enim
1372 962 1468 1014 Imp.
1488 963 1569 1016 jam
1597 965 1687 1003 olim
1710 981 1734 1004 a

298 1014 443 1062 Sapore
472 1013 512 1050 in
536 1013 732 1052 Persidem
761 1014 974 1062 abductus,
1011 1015 1374 1066 ignominiosissima
1401 1020 1588 1058 servitute
1610 1021 1733 1059 vitam

297 1068 498 1117 transegit3
527 1070 611 1118 vel,
641 1076 686 1107 ut
708 1070 889 1120 quidam,
917 1071 1018 1122 pelle
1051 1071 1245 1122 detracta,
1273 1073 1417 1111 ibidem
1437 1081 1602 1114 mortem
1623 1077 1731 1117 obiit.

296 1122 403 1161 Haec
435 1137 529 1162 vero
564 1125 612 1163 de
639 1124 743 1163 bello
773 1127 1072 1175 Mediolanensi,
1102 1141 1146 1165 ac
1171 1129 1406 1180 Imperatore
1429 1129 1485 1167 ibi
1512 1130 1731 1181 interfecto,

299 1179 348 1216 ad
365 1179 558 1229 Collegam
579 1181 824 1230 superstitem
846 1183 966 1232 magis
988 1189 1184 1233 spectant:
1213 1184 1319 1222 hunc
1341 1185 1441 1223 enim
1460 1185 1565 1224 vitae
1583 1187 1732 1225 exitum

296 1234 519 1272 habuerunt
553 1236 750 1275 Gallienus
777 1238 875 1289 Imp.
902 1245 940 1276 et
971 1239 1092 1278 frater
1121 1239 1225 1291 ejus,
1264 1241 1509 1291 Valerianus,
1539 1241 1732 1281 Valeriani

294 1290 453 1343 Majoris
473 1291 553 1330 filii.

408 1349 500 1398 Pag.
533 1349 628 1388 297.
658 1350 728 1389 22.
760 1347 815 1395 εἷς
832 1346 1112 1399 Μιζουλανὸν]
1145 1347 1399 1392 Μεδιόλανον
1421 1351 1525 1389 dicta
1551 1358 1609 1391 est
1631 1351 1731 1392 haec

295 1402 388 1441 urbs
409 1402 622 1454 Procopio,
652 1399 922 1443 Μεδιολάνιον
943 1405 1161 1444 Eustathio.

405 1456 500 1510 Pag.
532 1460 626 1500 298.
655 1459 695 1499 3.
740 1459 962 1509 ἐβασίλευσε
996 1459 1177 1508 Γαλιενὸς
1206 1460 1230 1501 o‘
1258 1461 1326 1500 καὶ
1356 1459 1612 1513 Λικινιανός]
1645 1464 1728 1503 Scr.

292 1513 494 1561 Λικίνιος·
527 1513 726 1552 Gallienus
749 1515 849 1552 enim
868 1516 1061 1566 Licinius,
1090 1530 1168 1555 non
1188 1517 1406 1554 Licinianus
1424 1515 1554 1555 dictus
1578 1523 1652 1568 est,
1683 1525 1730 1557 ut

293 1582 343 1608 ex
361 1569 528 1607 nummis
551 1569 633 1621 ejus
653 1569 786 1608 videre
803 1577 873 1610 est.

406 1624 503 1677 Pag-
534 1628 626 1667 298.
656 1628 719 1666 13.
758 1625 945 1678 συνέβαλε
974 1623 1143 1678 πόλεμον
1168 1630 1225 1682 τῷ
1257 1622 1435 1682 Ενᾶθῳ]
1465 1627 1728 1678 Nugacissima

295 1687 386 1719 sunt
410 1680 506 1719 haec
535 1680 684 1728 omnia,
721 1695 820 1732 quae
851 1682 899 1720 de
926 1683 1101 1720 Gallieno
1130 1681 1373 1720 Odenathum
1413 1683 1530 1721 armis
1555 1691 1727 1736 petente,

294 1737 446 1787 profert
469 1737 636 1776 Auctor:
666 1750 736 1774 nec
766 1737 867 1776 enim
893 1738 940 1775 ab
975 1738 1234 1788 Imperatore,
1264 1738 1333 1776 sed
1364 1753 1387 1776 a
1408 1738 1541 1777 fratris
1561 1739 1622 1778 sui
1645 1740 1727 1778 filio

292 1793 520 1831 interfectus
542 1799 598 1831 est
618 1792 837 1843 Denathus,
866 1799 962 1831 teste
983 1794 1145 1831 Zonara.

405 1847 502 1901 Pag.
532 1851 628 1890 298.
658 1849 721 1890 15.
753 1846 809 1888 ὢν
828 1849 1016 1889 ἐνιαυτῶν
1035 1845 1097 1899 ν’.]
1116 1847 1193 1885 hoc
1209 1849 1319 1886 nullo
1339 1849 1456 1887 modo
1477 1856 1610 1901 potest
1626 1863 1726 1889 esse:

294 1916 435 1941 novem
454 1905 554 1942 enim
573 1910 724 1942 tantum
745 1918 803 1944 an.
827 1905 1024 1954 regnavit,
1053 1910 1098 1942 ut
1124 1904 1336 1955 Eutropius
1362 1906 1468 1943 vult:
1499 1912 1567 1943 aut
1596 1906 1628 1943 si
1655 1907 1727 1944 im-

294 1959 397 2010 perii
418 1960 478 1996 sui
497 1973 597 1997 anno
621 1963 655 2000 1.
682 1966 793 2010 patre
816 1961 962 2010 collega
994 1966 1214 2011 assumptus
1240 1960 1396 2011 suisset,
1426 1960 1523 1998 adeo
1554 1967 1599 2000 ut
1623 1967 1725 1999 totos

297 2014 363 2056 14.
387 2028 507 2053 annos
523 2021 736 2065 regnasset:
757 2029 845 2053 cum
864 2024 993 2053 tamen
1005 2015 1202 2066 Augustus
1222 2015 1446 2054 adolescens
1467 2016 1591 2054 sactus
1612 2023 1722 2065 esset,

293 2070 353 2106 uti
371 2075 536 2108 testatur
555 2070 658 2107 idem
678 2071 908 2123 Eutropius,
937 2071 1296 2123 quinquagesimum
1317 2071 1451 2110 aetatis
1470 2084 1562 2111 suae
1581 2084 1722 2109 annum

295 2125 480 2174 attingere
498 2139 578 2163 non
597 2125 738 2175 potuit.

403 2181 501 2231 Pag·
533 2183 625 2225 298.
657 2183 722 2222 18.
761 2177 961 2229 Κλαύδιος
988 2178 1260 2231 Απολλιανός]
1301 2181 1408 2219 Infra
1446 2181 1558 2219 etiam
1589 2184 1721 2221 Απου-

293 2233 423 2284 λιανὸς
449 2236 578 2274 dictus
607 2242 664 2273 est
694 2236 877 2275 Claudius
914 2238 1007 2276 iste:
1053 2236 1250 2288 quomodo
1284 2236 1600 2288 ,cognominatum
1634 2250 1720 2274 eum

294 2291 386 2329 alibi
409 2305 486 2334 non
503 2291 672 2331 invenio.
1104 2326 1105 2329 ,

404 2346 506 2388 lhid,
563 2346 627 2399 ἔτη
646 2342 719 2396 θ’.]
753 2346 956 2384 Claudium
977 2348 1185 2399 imperasse
1204 2360 1345 2384 annum
1367 2359 1394 2384 1.
1415 2358 1641 2397 mensesque
1659 2360 1719 2386 xx.

292 2407 457 2440 testatur
476 2403 676 2441 Eusebius.
731 2402 781 2440 Et
808 2402 965 2452 quidem
992 2403 1187 2441 biennium
1215 2416 1295 2440 non
1321 2401 1555 2452 explevisse,
1584 2409 1720 2440 aucto-

291 2471 373 2495 rem
409 2457 593 2497 habemus
635 2457 888 2510 Eutropium,
935 2457 1003 2496 lib.
1042 2462 1079 2502 9.
1143 2459 1260 2496 Forte
1292 2457 1424 2508 itaque
1457 2457 1716 2504 scribendum,

292 2512 332 2553 ἕτ
415 2542 424 2551 .

332 2528 357 2565 η
375 2508 500 2621 βΡαὸν.
528 2571 621 2610 299.
653 2573 689 2610 1.
728 2568 800 2615 ἕως
822 2570 1008 2618 ποταμῶν
1036 2567 1104 2607 καὶ
1139 2566 1371 2619 Δακιβίζης]
1407 2567 1597 2619 Δακιβίζη
1623 2567 1717 2605 urbs

294 2624 499 2674 quaedam,
530 2625 610 2662 sive
630 2625 816 2676 oppidum
836 2623 1069 2662 maritimum
1085 2622 1301 2674 Bithyniae,
1333 2636 1354 2659 a
1376 2622 1595 2661 Nicomedia
1612 2622 1717 2660 haud

291 2680 406 2728 longe
435 2680 550 2718 situm
578 2693 659 2718 esse
686 2680 855 2718 videtur.
919 2679 1067 2728 Collige
1102 2691 1150 2716 ex
1178 2680 1349 2727 Zonara‚
1378 2678 1472 2716 Tom
1492 2692 1552 2715 111.
1579 2678 1620 2715 in
1640 2678 1718 2715 Va-

292 2735 396 2772 lente
422 2735 521 2787 Imp.
550 2735 619 2772 ubi
649 2735 744 2774 haec
775 2734 904 2773 habet.
963 2734 1045 2774 Καί
1072 2748 1164 2774 ποτε
1194 2733 1237 2774 ἐν
1271 2734 1509 2787 Νικομηδείςι
1530 2729 1715 2785 διάγοντι,

293 2792 525 2844 προσῆλθον
544 2787 649 2845 αὐτῷ
670 2791 725 2840 εἰς
742 2791 949 2846 πρεσβείαν
969 2789 1011 2832 ἐκ
1030 2791 1103 2830 τοῦ
1119 2792 1198 2830 τῶν
1219 2785 1439 2843 ὀρθοδόξων
1463 2785 1714 2841 συστήματος,
