1838 3230
11 216 21 226 Γ
656 154 954 211 EPISTOLA.
1437 157 1534 205 687

2 263 24 332 {J
70 277 179 320 tione
195 275 274 316 fuit
291 274 524 317 Chaldaeus.
580 272 782 313 Theodori
800 274 931 311 locum
965 271 1210 322 describam,
1239 269 1345 323 quod
1367 269 1423 309 ibi
1445 270 1536 322 plu-

65 335 262 374 rimorum
281 333 486 384 Magorum
515 330 671 370 nomina
691 330 853 379 videas,
886 343 986 381 quos
1012 329 1106 368 alibi
1135 329 1281 368 frustra
1309 327 1537 379 quaesieris.

0 380 16 429 's
69 393 138 433 Eu
154 386 217 458 οἷς
243 387 519 455 (Χαλδαίοις)
549 385 660 428 α’λλοι
685 402 727 427 τε
748 389 925 426 πλεῖστοι
945 382 1153 453 γεγόνασιν
1171 380 1372 452 ἀξιόλογοι
1393 380 1538 436 α’νδρες

7 447 10 451 ’
69 445 137 488 καὶ
159 442 328 499 μάλιστα
346 442 628 515 Ζωροάστρης
639 441 707 484 καὶ
718 438 823 511 μετ’
851 442 1004 483 ἐκεῖνον
1021 439 1201 492 Οτάνης,
1231 457 1252 483 ο
1271 455 1313 481 τε
1342 441 1537 492 Κιδηνᾶς,

4 519 15 526 “
70 502 140 545 καὶ
146 499 465 574 Ναβουριανός,
495 499 562 541 καὶ
583 496 659 540 σὺν
676 493 814 546 αὐτοῖς
834 497 860 539 o‘
879 500 1096 550 Σουδῐνος,
1125 494 1223 540 ἆλλοὲ
1253 495 1321 539 καὶ
1341 495 1537 544 Σέλευκος
1610 543 1612 545 ,

73 556 157 601 ἄπο
175 558 391 607 Σελευκίας
411 558 613 605 Χαλδαῖος
631 555 700 597 καὶ
719 549 838 603 οὗτός
856 554 976 596 ἐστιν.

757 633 852 673 XV.

187 705 333 752 Θοῦλις
367 701 394 745 o‘
411 702 651 774 Αἰγυπτίων
687 698 870 770 βασιλευς
903 699 1094 754 ἕπαρθεις
1120 702 1203 748 τοῖς
1228 695 1536 766 κατορθώμασιν

9 805 15 811 ‚
71 756 281 817 ἤρῶτησεν
301 759 359 809 εἰς
380 757 424 802 τό
450 764 636 814 μαντεῖον
657 762 731 799 τοῦ
745 755 975 812 Ευριπίδου
995 756 1086 810 περὶ
1107 755 1233 797 αυτοῦ
1256 771 1395 804 ουτως.

294 823 459 882 Φρασον
486 843 554 880 μοι
575 824 817 881 πυρισθενὲς
844 831 916 865 etc.
948 831 990 864 ut
1011 825 1171 864 Malelas
1190 838 1229 876 p.
1249 825 1318 866 26

71 894 280 935 Hominem
311 909 405 934 sene
435 894 644 943 festivum,
684 893 753 946 qui
781 892 1011 956 Euripidem
1046 893 1394 946 χρησμολογοῦντα
1421 889 1537 927 nobis

72 951 267 992 exhibuit.
335 951 486 1000 Quidni
515 958 666 998 autem,
702 950 887 1002 inquies?
935 949 1048 1002 cujus
1080 963 1130 988 ex
1156 948 1328 1002 μαντείῳ
1354 945 1432 986 hoc
1455 945 1538 985 edi-

72 1014 158 1048 tum
177 1014 258 1058 est,

291 1059 456 1111 Μᾶντις
479 1058 525 1104 δ’
547 1060 706 1116 α’ριστος
723 1058 832 1109 ὅστις
850 1057 994 1110 εἰκάζει
1015 1063 1167 1111 καλως,

74 1119 277 1160 oraculum
294 1119 468 1172 quidem,
497 1132 576 1171 quo
594 1118 696 1158 nihil
715 1118 848 1157 verius
871 1131 917 1156 ac
934 1117 1169 1169 sapientius3
1201 1117 1316 1168 quale
1331 1129 1536 1169 nunquam

75 1183 145 1217 aut
162 1176 280 1216 Bacis
297 1176 425 1224 fudit,
457 1182 525 1215 aut
545 1175 725 1214 Comicus
747 1175 820 1213 iste
848 1174 1004 1222 Glanis,
1036 1181 1106 1214 aut

213 1232 356 1285 Pythia
377 1245 478 1285 quae
505 1232 665 1284 tripode
686 1245 736 1270 ex
766 1230 915 1269 Phoebi
931 1231 1124 1282 lauroque
1143 1229 1301 1283 prosata
1324 1235 1394 1268 est.

75 1289 157 1330 Sed
176 1297 292 1329 extra
309 1289 472 1353 jocum:
501 1289 587 1328 sine
613 1287 882 1327 controversia
911 1287 1187 1339 corrigendum
1220 1293 1280 1325 est
1301 1289 1375 1327 τοῦ
1398 1282 1540 1339 Σαρα-

72 1347 212 1394 πιδος·
252 1345 320 1385 cui
358 1345 507 1384 Canobi
536 1345 686 1398 templa
721 1344 851 1382 dicata
889 1349 1003 1391 sunt3
1050 1343 1165 1382 etiam
1204 1343 1463 1382 Alexandriae
1500 1349 1540 1382 et

73 1396 264 1455 Memphi.
322 1402 466 1457 Narrat
483 1401 626 1441 Strabo
650 1400 760 1440 miris
782 1400 974 1452 quosdam
991 1400 1180 1439 laudibus
1204 1400 1344 1439 efferre
1363 1397 1434 1447 τὰς
1455 1395 1542 1452 0298-

73 1457 146 1508 τοῖς
170 1461 253 1499 τῶν
281 1460 354 1500 τοῦ
381 1453 619 1509 Σαραπιὸος
642 1457 686 1498 ἐν
716 1453 903 1512 Κανωβῳ
938 1458 1096 1511 λογίων.
1153 1457 1260 1494 Haec
1289 1457 1539 1507 scripseiam,

75 1528 166 1560 cum
186 1528 277 1554 sero
307 1514 566 1554 animadverti
589 1514 696 1578 apud
725 1513 886 1552 Suidam
920 1513 960 1551 in
997 1527 1098 1552 voce
1127 1515 1271 1561 Θουλις
1299 1514 1353 1551 ita
1371 1513 1450 1564 legi
1468 1508 1538 1553 αὕ-

74 1570 242 1621 τολεξεὶ,
265 1571 325 1610 uti
340 1571 452 1624 prius
475 1585 526 1610 ex
546 1571 772 1622 conjectura
790 1569 1028 1609 emendave1
1030 1583 1103 1608 am

188 1627 440 1667 Dubitantem
461 1641 522 1666 me
547 1633 587 1666 et
612 1640 692 1679 quo
720 1627 901 1678 proxime
931 1640 993 1664 me
1021 1632 1171 1664 vertam
1204 1626 1538 1676 circumspectan-

75 1691 155 1724 tem
183 1683 234 1722 ad
262 1697 305 1722 se
330 1689 450 1724 vocat
474 1682 708 1735 Sophocles,
738 1682 911 1733 indignis
939 1695 1031 1721 sane
1059 1682 1187 1721 modis
1217 1696 1239 1720 a
1259 1682 1406 1720 Joanne
1426 1694 1537 1720 acce-

76 1747 169 1794 ptus
188 1753 229 1792 Ρ.
247 1742 316 1783 47.
379 1743 413 1782 Ο
431 1736 505 1793 γοῖρ
527 1736 755 1789 σοφώτατος
770 1741 986 1790 Σοφοκλῆς
1005 1739 1137 1791 δρᾶμα
1156 1737 1314 1787 ἐξέθετο
1333 1737 1401 1778 καὶ
1421 1753 1538 1808 που),-

76 1799 196 1845 τικοῖς
213 1791 362 1837 εἶπεν”
339 1811 400 1837 οτι
415 1795 440 1837 ὀ
464 1796 662 1849 Τειρεσίας
677 1810 750 1847 την
781 1791 975 1835 Παλλαδα
995 1792 1074 1836 εἶδε
1096 1794 1319 1847 λουομένην
1346 1794 1414 1835 καὶ
1429 1792 1534 1848 γυνὴ

77 1852 242 1906 ἐγένετο.
299 1852 382 1904 Ego
400 1865 496 1891 vero
522 1851 665 1904 quovis
689 1851 853 1904 pignore
879 1851 1148 1890 contenderim
1178 1851 1274 1890 nihil
1297 1864 1462 1903 usquam
1482 1851 1533 1890 de

77 1909 220 1950 fabella
259 1908 335 1948 ista
373 1909 597 1961 profectum
633 1923 655 1947 a
684 1907 905 1960 Sophocle,
939 1922 1163 1960 quanquam
1187 1908 1236 1946 ab
1266 1908 1352 1947 aliis
1388 1908 1533 1960 passim

1 1964 4 1967 ’
76 1971 330 2006 memoretur.
387 1965 485 2004 Cum
511 1965 614 2004 enim
644 1978 778 2003 omnes
807 1965 889 2003 sere
923 1965 1062 2003 titulos
1087 1965 1400 2017 Sophocleorum
1429 1966 1532 2003 Dra-

0 2043 3 2046 ·
77 2028 226 2061 matum
260 2020 447 2060 beneficio
487 2021 841 2060 Grammaticorum
878 2027 1056 2060 veterum
1091 2021 1329 2072 habeamus,
1377 2021 1531 2060 nullum

78 2085 138 2118 est
164 2078 230 2117 ubi
252 2078 424 2118 Tiresiae
456 2091 624 2129 persona
653 2077 955 2117 locum'habere
981 2078 1129 2130 possit,
1158 2085 1429 2131 praeterquam
1452 2091 1530 2116 una

78 2135 271 2186 Trilogia,
297 2135 475 2187 Oedipus
505 2135 732 2187 Tyrannus,
764 2134 980 2186 Antigone,
1017 2141 1056 2173 et
1082 2135 1260 2188 Oedipus
1288 2135 1328 2173 in
1357 2135 1529 2173 Colono:

0 2238 5 2239 ⁷
80 2191 138 2230 sic
158 2193 260 2230 enim
280 2192 428 2231 sentio:
459 2191 543 2230 sive
562 2190 824 2241 Tetralogiam
841 2191 965 2242 malis,
992 2192 1161 2239 accedo,
1188 2198 1233 2230 ut
1258 2191 1390 2229 fabula
1410 2192 1524 2242 Saty·
1550 2196 1583 2231 Ο
1610 2199 1653 2233 12

78 2247 183 2293 rica,
211 2246 314 2287 sicut
344 2261 476 2288 omnes
497 2247 671 2286 omnium
688 2253 847 2299 praeter
876 2223 1084 2301 Cyclopem
1111 2221 1337 2300 Eixripidis,
1366 2247 1531 2317 periisse

79 2303 277 2344 videatur.
335 2304 569 2357 Quanquam
591 2306 692 2343 enim
713 2303 880 2343 affirmet
897 2301 1111 2355 Suidas,“
1088 2321 1148 2346 οτι
1164 2304 1184 2346 ὁ
1203 2306 1417 2356 Σοφοκλῆς
1435 2298 1531 2357 ἦρξε

80 2362 154 2400 τοῦ
170 2361 302 2414 δρᾶμα
316 2375 418 2413 προς
434 2362 565 2415 δρᾶμα
582 2357 865 2414 ἀγωνίζεσθαι,
894 2357 993 2402 ἄλλα
1012 2378 1066 2415 μη
1086 2361 1356 2414 τετραλογίαν·
1383 2361 1530 2399 scimus
1552 2366 1585 2400 V
1607 2369 1629 2403 9

81 2421 210 2454 tamen
239 2429 290 2455 ex
313 2416 543 2456 Didascaliis
571 2431 652 2456 nou
677 2431 727 2456 ex
754 2417 860 2457 omni
888 2424 1001 2471 parte
1022 2431 1162 2457 verum
1182 2416 1260 2455 hoc
1279 2430 1373 2455 esse.
1431 2417 1533 2456 Vide

80 2471 200 2510 modo
214 2470 516 2525 Aristophanem
538 2474 845 2513 Grammaticum
871 2475 913 2514 in
932 2475 1172 2525 Argumento
1193 2473 1354 2512 Medeae
1371 2473 1530 2523 Euripi-

80 2528 157 2566 dis.
211 2528 336 2580 Atqui
353 2529 460 2569 haud
477 2531 721 2573 commemini
739 2531 920 2571 fabellam
952 2532 1062 2569 istam
1093 2530 1144 2569 de
1172 2530 1320 2569 Tiresia
1346 2529 1387 2567 in
1416 2529 1529 2568 trinis

79 2584 160 2623 illis
179 2585 351 2636 narrari,
377 2600 504 2638 neque
525 2587 582 2626 ibi
607 2587 772 2638 reperiri
799 2601 916 2640 posse
948 2587 1130 2625 arbitror.
1186 2586 1315 2625 Prima
1342 2585 1441 2624 haec
1468 2591 1529 2625 est

81 2648 174 2692 erga
195 2639 431 2693 Sophoclem
452 2644 702 2684 contumelia.
735 2644 972 2711 Deinceps,
1001 2645 1133 2692 Οθεν,
1164 2642 1238 2692 ait,
1267 2640 1424 2691 ἐξέθετο
1449 2645 1528 2683 Σο-

81 2699 235 2749 φοκλῆς
267 2697 311 2738 ἐν
338 2701 420 2746 τοῖς
447 2696 572 2741 αὐτοῦ
598 2712 869 2768 συγγραμμασι
897 2702 1020 2740 ταῦτα
1052 2696 1243 2751 αληθείας
1271 2695 1385 2739 εἶναι.
1450 2695 1527 2747 Εἷς

81 2751 231 2794 ἐστιν’
205 2769 227 2795 o
247 2751 370 2801 θεὸς
357 2770 402 2802 ος
413 2752 478 2796 τὸν
509 2752 679 2810 ουρανόν
708 2762 784 2795 etc.
844 2757 878 2794 Ο
904 2755 1068 2794 hominis
1098 2761 1322 2807 stuporem,
1351 2760 1390 2794 et
1419 2755 1526 2795 ἰδιω-

80 2809 190 2850 τείαν
217 2811 385 2850 meram!
423 2811 546 2863 Apud
571 2818 771 2862 autorem,
814 2813 920 2853 unde
945 2811 1043 2852 haec
1068 2809 1208 2852 habuit
1236 2810 1522 2862 Antiochensis,
