1838 3230
277 196 375 243 484
668 188 960 234 IOANNIS
994 190 1329 234 MALALAE

279 311 354 354 παὶ
384 309 556 367 φοβεραὶ
583 304 713 360 πάνυ,
761 305 863 350 ὥστε
886 310 952 351 καὶ
983 307 1229 365 ἀνθρώπους
1261 306 1540 360 καθεύδοντας
1572 311 1616 354 ἐκ
1643 316 1726 355 τῶν

281 378 501 435 ἀστραπῶν
526 380 741 432 βλαβῆναι.
812 376 854 419 ἓν
885 376 1021 426 αὗτοΐς
1049 379 1093 419 δὲ
1113 384 1198 427 τοΐς
1225 376 1371 435 φόβοις
1399 380 1466 420 καὶ
1495 383 1568 422 τοῦ
1597 379 1728 430 κίονος

279 450 352 488 τοῦ
377 448 417 488 ἐν
433 449 490 503 τῷ
516 441 747 500 Ξηρολόφῳ
769 442 1036 499 ἄπεπτελώθη
1059 445 1194 501 μέρος.

380 515 465 556 Καὶ
485 516 535 568 τῇ
559 509 620 565 κη’
653 515 727 553 τοῦ
761 510 888 554 αὐτοῦ
917 513 1046 568 μηνὸς
1082 515 1330 563 ῗνδικτιῶνος
1361 509 1530 569 δεκάτης
1562 518 1728 575 τελευτᾷ

278 580 305 636 ἦ
325 580 550 636 Αὔγουστα
575 575 783 635 Θεοδώρα.
1738 590 1760 625 5

133 649 165 682 0
191 648 259 685 228
383 649 468 690 Καὶ
485 650 543 704 τῷ
579 647 716 704 ῗουλίῳ
735 648 832 701 μηνὶ
853 651 1061 702 συμβολῆς
1087 649 1299 704 γενομένης
1320 650 1361 699 ἒξ
1390 648 1630 706 ἀμφοτέρων
1647 653 1730 692 τῶν

280 719 415 773 μερῶν
450 714 685 770 ἐμπρησμὸς
722 715 878 769 γέγονεν
898 716 938 757 ἓν
965 720 1016 772 τῇ
1035 719 1139 775 οἰκίᾳ
1160 722 1210 773 τῇ
1242 717 1431 773 λεγομένῃ
1457 717 1509 760 τὰ
1529 715 1726 774 Πάρδου·

282 786 350 826 καὶ
371 780 607 837 ἐκαύθησαν
625 782 756 824 πολλὰ
778 784 844 824 καὶ
867 782 1012 825 ἔπεσαν
1032 783 1149 839 φόνοι
1170 785 1323 827 πολλοί.
1738 833 1740 840 γ

331 861 334 864 ’
378 849 640 898 Ἰνδικτιῶνος
683 847 731 904 ιγ’
766 850 1015 906 πρεσβευτὴς
1037 851 1174 895 Ἰνδῶν
1207 851 1474 909 κατεπέμφθη
1516 853 1620 906 μετὰ
1665 854 1733 895 καὶ

281 917 498 975 ἐλέφαντος
516 918 558 960 ἓν
578 916 1017 961 Κωνσταντινουπόλει.
1744 929 1788 963 10

232 990 264 1025 C
385 987 471 1028 Καὶ
496 989 553 1044 τῷ
576 985 686 1042 αὐτῷ
700 983 836 1043 χρόνῳ
856 986 1076 1043 περιῃρέθη
1106 985 1153 1028 τὸ
1184 984 1313 1040 ὄνομα
1348 988 1480 1041 Μηνᾶ
1510 991 1584 1029 τοῦ
1617 986 1733 1043 ἀρχι-

283 1051 500 1114 επισκόπου
549 1053 591 1094 ἔκ
611 1056 693 1095 τῶν
732 1051 853 1108 ἁγίων
889 1052 1091 1109 διπτύχων
1114 1055 1178 1096 καὶ
1207 1054 1253 1096 τὸ
1285 1053 1414 1109 ὄνομα
1434 1055 1614 1110 Βιγιλίου
1658 1058 1731 1098 τοῦ

281 1118 397 1163 πάπα
412 1117 581 1174 Ῥώμης.

385 1189 505 1242 Μηνὶ
540 1187 735 1247 ἇπριλλίῳ
759 1189 909 1244 ἐγένετο
941 1189 1127 1244 συμβολὴ
1159 1189 1355 1244 δημοτικὴ
1375 1189 1416 1232 ἓν
1435 1193 1493 1247 τῷ
1521 1187 1734 1246 Ἱπποδρο-

281 1257 361 1314 μίῳ
406 1255 464 1310 μὴ
495 1254 692 1310 ἀγομένου
723 1261 797 1298 τοῦ
828 1257 1014 1299 ἱππικοῦ·
1067 1258 1134 1299 καὶ
1165 1259 1306 1300 πολλοὶ
1337 1257 1546 1301 ἀπέθανον
1579 1258 1622 1308 ἐξ
1654 1257 1735 1312 ἇμ-
1747 1266 1789 1301 15

282 1323 480 1380 φοτὲρων.

385 1391 506 1444 Μηνὶ
526 1388 660 1447 ῗουνίῳ
679 1387 755 1444 κη’,
780 1392 993 1432 ἷνὸικτιῶνι
1012 1395 1063 1447 τῇ
1083 1391 1202 1448 αὐτῇ,
1226 1391 1376 1447 ἐγένετο
1397 1392 1448 1434 τὰ
1471 1393 1646 1448 ἓγκαίνια
1656 1397 1738 1436 τῶν

286 1457 410 1513 ἆγίων
442 1456 680 1500 ἀποστόλων
725 1459 790 1500 καὶ
827 1456 851 1514 ἦ
881 1456 1102 1508 κατάθεσις
1133 1463 1213 1501 τῶν
1243 1460 1385 1513 τιμίων
1419 1458 1622 1513 λειψάνων
1646 1459 1738 1502 ,Ἀν-

285 1525 421 1582 δρέου,
442 1527 609 1576 Λουκᾶ,
633 1527 699 1566 καὶ
721 1526 930 1578 Τιμοθέου
953 1528 992 1568 ἓν
1003 1525 1432 1569 Κωνσταντινουπόλει
1447 1540 1457 1550 ·
1481 1530 1547 1570 καὶ
1569 1530 1737 1582 διῆλθεν

286 1591 308 1635 ὅ
333 1593 547 1641 ἐπίσκοπος
571 1595 722 1646 Μηνᾶς
740 1593 844 1646 μετὰ
868 1597 948 1636 τῶν
969 1594 1104 1637 αὐτῶν
1135 1592 1484 1654 ἆγίωνσλειψάνων
1505 1594 1793 1652 καθήμενος20

285 1661 326 1703 ἓν
348 1658 521 1715 ὀχήματι
541 1664 751 1718 βασιλικῷ.

381 1726 448 1771 Ἐν
469 1727 580 1787 αὐτῷ
607 1728 650 1769 δὲ
685 1732 744 1787 τῷ
770 1726 906 1787 χρόνῳ
942 1729 1210 1787 κατεπέμφθη
1241 1731 1308 1772 καὶ
1343 1730 1515 1788 Ναρσῆς
1549 1729 1571 1774 ὅ
1598 1734 1740 1785 κουβι-

379 1860 414 1895 3.
439 1845 700 1903 οἳπεπτελῶθη]
726 1855 964 1904 ἆπεπτιλιόθη
988 1860 1050 1894 ch.
1097 1861 1140 1896 V.
1158 1861 1273 1906 Toup.
1287 1859 1431 1895 Emend.
1449 1860 1515 1894 vol.
1530 1859 1592 1895 ΠΙ.
1608 1871 1643 1906 p.
1659 1858 1738 1897 545.

378 1904 413 1939 5.
437 1901 630 1949 Αὖγούστα
656 1906 726 1941 ΟΧ.
820 1905 876 1943 14.
900 1904 1085 1951 δημωτική
1111 1906 1177 1940 Ox.
1223 1906 1384 1941 Correxit
1404 1906 1468 1943 Ch.

291 2015 337 2049 da
360 2015 557 2058 extiterunt,
581 2020 622 2051 ut
643 2017 747 2051 etiam
770 2017 971 2053 dormientes
994 2019 1139 2053 homines
1163 2031 1185 2053 a
1207 2017 1492 2053 coruscationibus
1512 2017 1738 2052 laederentur.

292 2061 497 2094 Terroribus
532 2067 642 2096 autem
674 2063 765 2097 hisce
788 2064 972 2099 Columnae
1003 2065 1102 2099 etiam
1134 2065 1207 2108 ejus
1231 2075 1329 2108 pars,
1365 2075 1452 2109 quae
1485 2063 1522 2097 in
1543 2063 1740 2109 Xerolopho

293 2105 408 2145 stetit,
431 2106 576 2150 abrupta
599 2108 737 2141 corruit.

383 2151 543 2194 Ejusdem
574 2153 691 2186 mensis
723 2163 855 2195 xxvm,
887 2153 1010 2188 Indict.
1042 2165 1084 2196 x,
1118 2153 1303 2188 Theodora
1331 2153 1482 2198 Augusta
1511 2165 1531 2187 e
1562 2153 1648 2188 vivis
1679 2164 1740 2187 ex-

292 2195 404 2230 cessit.

380 2239 499 2274 Mense
521 2243 630 2275 autem
654 2241 765 2283 Julio,
803 2243 974 2278 Factionis
997 2245 1172 2288 utriusque
1193 2244 1352 2277 Partibus
1374 2243 1518 2278 invicem
1539 2247 1739 2278 concertan-

290 2284 403 2326 tibus,
427 2285 522 2329 ignes
545 2286 681 2320 aedibus
704 2287 809 2320 Pardi
833 2289 931 2323 dictis
954 2290 1070 2333 injecti
1092 2294 1190 2330 sunt3
1226 2288 1377 2334 plurimis
1399 2288 1562 2323 aedificiis
1584 2289 1738 2323 incendio

292 2331 486 2375 absumptis,
510 2331 763 2375 hominibusque
784 2332 1008 2369 internecioni
1030 2335 1175 2368 traditis.

382 2375 571 2453 quictione
588 2387 663 2411 x111.
685 2376 841 2411 Indorum
857 2379 1022 2423 Legatus,
1045 2381 1267 2425 Elephantem
1289 2390 1399 2414 secum
1415 2379 1550 2422 ducens,
1575 2380 1740 2416 Constan-

292 2420 363 2454 tino
391 2432 409 2453 ο
425 2421 469 2453 im
490 2421 594 2456 venit.

366 2431 514 2498 PEodem
537 2466 638 2500 etiam
660 2470 830 2521 tempore,
853 2467 976 2503 Menae
998 2469 1269 2514 Archiepiscopi,
1298 2467 1505 2515 vigiliique,
1527 2470 1645 2517 Papae
1668 2471 1740 2507 Ro-

293 2510 404 2550 mani,
427 2509 559 2544 nomina
581 2512 684 2546 sacris
707 2512 877 2557 diptychis
908 2515 1199 2558 expungebantur.

382 2555 502 2589 Mense
524 2557 635 2602 Aprili
657 2557 939 2592 conflictabantur
961 2558 995 2591 in
1020 2559 1109 2592 circo
1134 2558 1298 2601 seditiosi,
1320 2559 1418 2594 nullis
1441 2559 1575 2596 interim
1597 2561 1738 2597 Circen-

297 2599 387 2633 sibus
410 2600 553 2642 habitis3
577 2602 744 2646 Multique
766 2603 923 2648 utrinque
946 2603 1046 2637 occisi
1069 2609 1156 2638 sunt.

385 2644 477 2678 Junii
507 2657 639 2688 xxvm‚
684 2647 879 2683 Indictionis
909 2648 1074 2692 ejusdem,
1110 2649 1147 2681 S.
1182 2649 1418 2694 Apostolorum
1448 2651 1540 2686 aedis
1571 2651 1738 2686 dedicatio

296 2689 590 2735 Constantinopoli
617 2694 862 2737 peragebatur;
900 2693 1096 2728 venerandis
1119 2693 1296 2736 Andreae,
1335 2696 1469 2738 Lucae,
1504 2708 1545 2731 ac
1567 2697 1738 2731 Timothei

295 2733 457 2812 rfiposidtis
480 2735 530 2769 ibi
551 2737 726 2781 reliquiis3
761 2750 842 2784 quas
864 2739 1052 2785 Episcopus
1076 2738 1216 2781 Menas,
1241 2751 1342 2775 curru
1365 2746 1483 2776 vectus
1505 2742 1736 2787 Imperatorio,

297 2789 309 2811 ι
338 2790 377 2812 uc
425 2781 605 2824 eportavit.

389 2824 518 2860 Eodem
547 2830 699 2873 tempore
731 2829 858 2865 Narses
885 2830 1117 2867 Cubicularius
1138 2832 1276 2867 Romam
1297 2842 1416 2870 versus
1437 2831 1558 2868 missus
1589 2836 1660 2874 est,
1695 2833 1737 2867 ad
