1838 3230
323 176 420 224 442
608 214 612 217 .
712 174 998 220 IOANNIS
1025 178 1359 223 MALALAE

319 291 569 345 κατενεχθεὶς
595 291 659 333 ἐπὶ
686 291 760 346 τὴν
791 295 864 347 γῆν
892 291 1068 350 ἐσφάγη,
1112 293 1260 350 ὁμοίως
1293 296 1337 339 δέ
1355 298 1420 339 καὶ
1441 297 1745 355 Προκληιανόςέ

319 358 590 412 Σεβαστιανὸς
628 359 672 401 δὲ
714 360 780 401 καὶ
810 361 1021 411 Βασίλειος
1048 361 1286 419 ἐλήφθησαν
1325 363 1570 419 αἰχμάλωτοι
1579 398 1594 419 ,
1633 370 1748 411 Kav-

320 426 401 477 ζτὶς
427 427 471 468 δὲ
489 429 691 481 πληγᾶτος
717 424 925 481 γενόμενος
964 428 1233 486 παρελήφθη,
1302 430 1540 489 Βελισάριος
1566 434 1611 477 δὲ
1636 439 1748 492 φυγῇ

313 491 567 548 χρησάμενος
607 491 799 548 διεσώθη.
871 497 937 538 καὶ
971 496 1202 553 ἀπηγγέλθη
1229 499 1280 540 τὰ
1298 497 1488 554 γενόμενα
1506 505 1564 558 τῷ
1589 506 1751 555 βασιλεῖ’

313 559 601 618 Ἰουστινιανῷ,
638 562 703 603 καὶ
723 560 906 619 ἐλυπήθη
926 562 1099 621 σφόδρα.
1168 566 1308 610 ἔπεσον
1326 567 1369 609 δὲ
1388 569 1455 610 καὶ
1473 568 1517 610 ἐκ
1535 572 1616 611 τῶν
1631 572 1742 626 Περ-
1755 577 1778 612 5

264 635 295 669 D
319 632 401 670 σῶν
420 629 634 683 στρατηγοὶ
676 629 779 682 μετὰ
800 633 998 685 βοηθείας
1019 632 1152 676 αὐτῶν
1178 638 1351 689 πολλῆς·
1387 636 1454 677 καὶ
1488 633 1748 693 ὑπέστρεψαν

315 697 371 744 εἷς
395 695 467 749 τὴν
487 697 592 738 ι’ὃιάν
613 695 747 739 αὐτῶν
761 695 911 754 χώραν.

405 762 589 817 ’Έπεμψε
615 764 659 806 δὲ
689 762 710 806 ὅ
744 764 866 814 αὐτὸς
881 766 1069 819 βασιλεὺς
1084 767 1366 823 συγκλητικοὺς
1384 768 1464 812 ἆπό
1483 772 1744 814 Κωνσταντι-

316 828 539 880 νουπόλεως
581 828 796 887 φυλάττειν
824 832 904 891 ,τὰς
933 832 1065 884 πόλεις
1099 840 1169 889 τῆς
1207 836 1406 892 ἀνατολῆς
1445 837 1547 891 μετὰ
1571 842 1643 892 τῆς
1668 837 1745 880 αὖ-

315 902 397 940 τῶν
414 899 611 953 βοηθείας
619 930 648 951 ,.
670 899 830 953 τὸνμὲν
851 903 1056 957 πατρίκιον
1082 901 1287 945 Πλάτωνα
1312 905 1354 946 ἓν
1376 903 1570 964 Ἀμηδίᾳ,
1607 904 1678 948 τὸν
1699 906 1743 948 δὲ
1756 913 1799 946 10

321 963 533 1021 Θεόδωρον
564 966 642 1011 τὸν4
665 969 871 1023 πατρίκιον
899 968 1128 1026 ἐνἘὃιέσῃ,4
1145 970 1406 1026 Ἀλέξανδρον
1435 972 1480 1014 δὲ
1512 972 1582 1014 τὸν
1604 970 1742 1028 Ἱερίου

317 1033 358 1074 ἐν
380 1034 553 1092 Βεροίᾳ,
589 1035 654 1076 καὶ
673 1033 820 1084 ἄλλους
836 1037 880 1077 δὲ
901 1037 1184 1092 συγκλητικοὺς
1207 1039 1270 1080 ἐπὶ
1289 1038 1335 1081 τὸ
1359 1043 1516 1094 Σοῦρον
1535 1041 1602 1081 καὶ
1622 1042 1744 1082 Κων-

317 1108 529 1143 σταντΐναν
562 1103 616 1151 εἷς
646 1101 692 1144 τὸ
723 1100 937 1158 φυλάττειν
965 1104 1039 1153 τὰς
1058 1103 1201 1155 πόλεις.
1280 1106 1470 1162 ἐπέμφθη
1501 1107 1545 1149 δὲ
1563 1108 1603 1148 ἐν
1631 1106 1744 1164 αὐτῷ

317 1172 375 1225 τῷ
414 1173 539 1225 καιρῷ
575 1170 641 1210 καὶ
670 1168 690 1211 ὃ
722 1172 930 1226 πατρίκιος
958 1169 1149 1226 Πόμπιος
1196 1173 1299 1226 μετὰ
1341 1177 1492 1228 πολλῆς
1528 1175 1740 1228 βοηθείας,

316 1233 416 1289 ἔχων
431 1236 529 1288 μεθ’
552 1234 697 1278 ἑαυτοῦ
725 1236 1029 1294 Ἰλλυρικιανοὺς
1072 1242 1138 1282 καὶ
1155 1239 1324 1290 Σκύθας
1355 1242 1420 1283 καὶ
1442 1239 1649 1296 Ἰσαύρους
1675 1243 1743 1283 καὶ
1753 1243 1794 1278 15

170 1305 202 1338 O
227 1305 292 1340 176
319 1305 508 1360 Θρᾷκας·
544 1305 609 1344 καὶ
630 1303 782 1353 ἔνδοσις
809 1305 957 1359 ἐγένετο
987 1310 1058 1349 τοῦ
1084 1307 1259 1361 πολέμου
1293 1308 1397 1350 κατὰ
1425 1306 1612 1359 σύνταξιν
1643 1306 1742 1351 Ῥω-

313 1371 444 1424 μαίων
462 1387 504 1412 τε
527 1372 592 1412 καὶ
608 1374 780 1426 Περσῶν
814 1372 881 1414 διὰ
901 1373 948 1415 τὸ
964 1373 1149 1427 γενέσθαι
1164 1379 1365 1428 χειμῶνας
1379 1380 1530 1431 βαρεῖς.

260 1445 293 1481 Ε
416 1438 572 1492 Συνέβη
595 1439 697 1480 δὲίὲν
717 1438 826 1496 αὐτῷ
848 1443 904 1497 τῷ
926 1446 1051 1499 καιρῷ
1071 1439 1149 1483 ὖπὸ
1170 1444 1392 1496 θεομηνίας
1419 1447 1567 1484 παθεῖν
1586 1440 1740 1485 Ἀντιό-

308 1522 420 1559 χειαν
452 1505 498 1547 τὸ
530 1505 642 1547 ἕκτον
671 1505 796 1560 αὐτῆς
835 1506 982 1556 πάθος.
1065 1506 1085 1550 ὅ
1115 1509 1158 1550 δὲ
1186 1510 1353 1564 γεγονώς
1372 1509 1532 1563 σεισμὸς
1551 1510 1738 1563 κατέσχεν

313 1574 377 1614 ἐπὶ
395 1573 492 1626 μίαν
517 1571 639 1629 ὥραν,
662 1575 727 1614 καὶ
745 1574 846 1627 μετὰ
867 1572 1012 1616 τούτου
1031 1575 1210 1631 βρυγμὸς
1232 1574 1418 1632 φοβερός,
1443 1576 1546 1619 ὥστε
1569 1577 1619 1618 τὰ
1637 1576 1737 1618 ἀνα-
1746 1582 1793 1616 20

313 1640 515 1682 νεωθέντα
543 1642 743 1694 κτίσμα-τα
782 1638 859 1683 ὕπὸ
895 1646 977 1684 τῶν
1008 1640 1146 1700 πρῴην
1179 1644 1396 1698 γενομένων
1427 1642 1566 1699 φόβων
1611 1660 1738 1686 κατα-

313 1714 444 1750 πεσεῖν
475 1709 540 1750 καὶ
568 1707 619 1750 τὰ
664 1709 771 1763 τείχη
806 1709 894 1751 ’καί
919 1725 1031 1759 τινας
1058 1711 1277 1766 ἐκκλησίας.
1355 1710 1408 1752 τὰ
1439 1712 1483 1753 δὲ
1524 1708 1738 1765 συμβάντα

402 1817 435 1850 1.
466 1815 691 1860 κατενεχθεὶς
719 1815 804 1858 Ch„
835 1816 1051 1862 κατενεγχεὶς
1081 1817 1148 1851 Ox.
1282 1819 1362 1853 ibid.
1395 1816 1640 1861 Προκλειανός
1668 1818 1736 1851 Ox.

402 1864 457 1897 10.
475 1859 636 1908 Ἀμηδίᾳ]
655 1862 753 1895 Conf.
774 1873 807 1907 p.
826 1864 881 1898 52.
891 1864 933 1897 Ι).
1002 1865 1055 1900 12.
1078 1864 1239 1908 Σοῦρον]
1263 1863 1419 1909 Σούρων
1435 1865 1498 1898 Ch.
1567 1863 1620 1899 14.
1636 1863 1737 1904 Πόμ-

399 1908 499 1950 πιος]
522 1908 621 1943 Immo
633 1905 833 1953 Πομπήιος.
899 1911 956 1945 22.
974 1920 1075 1949 τινας
1085 1908 1268 1955 ἐκκλησίας
1278 1910 1352 1952 Ch„
1375 1922 1470 1950 τινες
1481 1907 1659 1955 ἐκκλησίαι
1669 1909 1734 1942 Ox.

311 2002 489 2046 Tapharas
510 2003 709 2047 Phylarcha.
757 2003 934 2048 Tapharas
955 2014 1036 2038 vero
1059 2016 1146 2049 equo
1167 2005 1373 2051 impingente
1396 2017 1567 2046 excussus,
1593 2003 1734 2038 interfe-

312 2051 384 2081 ctus
407 2051 474 2080 est:
513 2048 610 2081 simili
639 2048 741 2082 etiam
763 2048 859 2082 modo
888 2049 992 2093 periit
1015 2055 1051 2083 et
1072 2051 1276 2085 Proclianus.
1329 2051 1543 2085 Sebastianus
1571 2053 1607 2083 et
1637 2049 1734 2084 Basi-

310 2092 372 2126 lius
395 2092 437 2126 ab
471 2092 616 2126 hostibus
639 2093 731 2137 capti
753 2097 845 2127 sunt:
869 2094 985 2128 Cuztis
1008 2095 1117 2136 etiam,
1147 2096 1285 2130 vulnere
1304 2099 1456 2140 accepto,
1478 2094 1513 2128 in
1534 2105 1647 2128 manus
1670 2095 1734 2128 ho-

310 2138 408 2171 stium
430 2137 581 2171 devenit:
620 2144 784 2172 caeterum
808 2139 988 2172 Belisarius
1018 2141 1100 2184 fuga
1123 2141 1237 2174 evasit.
1283 2142 1469 2186 Imperator
1496 2145 1607 2173 autem
1629 2139 1735 2173 Justi-

310 2184 444 2224 nianus,
467 2182 524 2216 ubi
549 2183 631 2215 haec
654 2183 817 2224 audisset,
840 2184 968 2227 ingenti
989 2184 1042 2218 ira
1065 2190 1241 2219 commotus
1264 2190 1323 2220 est.
1368 2185 1437 2219 Sed
1460 2184 1559 2218 etiam
1581 2195 1624 2217 ex
1647 2184 1734 2217 Per-

310 2239 420 2262 sarum
444 2239 576 2272 quoque
598 2227 744 2260 Ducibus
767 2233 802 2261 et
823 2229 1005 2271 Exercitu,
1029 2230 1223 2264 ceciderunt
1245 2229 1492 2276 quamplurimi3
1515 2229 1657 2263 caeteris
1678 2240 1734 2263 re-

309 2274 444 2317 gionem
465 2284 554 2307 suam
579 2273 818 2316 repetentibus.

401 2318 508 2352 Porro
538 2318 723 2362 Imperator
753 2329 794 2350 ex
818 2318 1018 2353 Proceribus
1045 2320 1112 2354 suis
1143 2332 1163 2354 a
1185 2317 1474 2364 Constantinopoli
1502 2318 1538 2352 in
1560 2317 1733 2352 Orientem

310 2363 418 2397 emisit
439 2364 616 2407 quosdam,
650 2361 708 2406 qui
730 2362 866 2396 urbibus
887 2363 935 2396 ibi
958 2366 1208 2410 prospicerent:
1244 2377 1286 2399 ex
1308 2365 1424 2409 quibus
1447 2364 1563 2397 Amida
1587 2364 1732 2405 Platoni,

309 2409 440 2442 Edessa
462 2409 639 2442 Theodoro
662 2407 835 2447 Patriciis;
874 2409 1063 2443 Alexandro
1088 2415 1208 2451 autem,
1230 2410 1339 2443 Hierii
1361 2409 1450 2450 filio,
1472 2409 1621 2449 Beroea3
1654 2420 1734 2442 cae-1

307 2453 454 2498 terisque
476 2453 568 2494 aliis,
608 2452 765 2486 Surorum
788 2452 867 2485 urbs
899 2457 932 2485 et
955 2453 1173 2488 Constantina
1202 2455 1347 2488 tuendae
1368 2459 1550 2488 cesserunt.
1605 2454 1733 2487 Eodem

307 2502 458 2543 tempore
481 2497 636 2540 Pompius
666 2496 764 2530 etiam
787 2497 972 2538 Patricius,
1015 2510 1087 2533 cum
1118 2499 1244 2544 ingenti
1273 2498 1478 2543 Illyriorum,
1515 2499 1729 2543 Scytharum,

306 2544 513 2584 Isaurorum,
551 2544 786 2586 Thracumque
819 2542 967 2575 exercitu
996 2544 1128 2578 emissus
1151 2548 1222 2586 est3
1256 2544 1311 2578 sed
1337 2545 1380 2578 ob
1411 2543 1620 2588 gravissimas
1644 2555 1731 2587 quae

307 2588 506 2632 ingruebant
527 2589 692 2633 Hyemes,
729 2599 771 2622 ex
793 2591 893 2632 pacto
915 2588 1080 2622 Romanos
1108 2589 1197 2623 inter
1218 2589 1407 2633 Persasque
1436 2588 1542 2631 inito,
1576 2588 1730 2622 induciae

306 2634 419 2667 factae
441 2637 530 2667 sunt.

396 2679 549 2722 Contigit
578 2679 689 2712 autem
711 2677 828 2722 perid
849 2678 976 2723 tempus
1005 2677 1209 2712 Antiochiam
1238 2678 1318 2712 irati
1349 2678 1502 2713 Numinis
1531 2677 1729 2712 vicissitudi-

308 2735 381 2757 nem
403 2729 528 2757 sextam
560 2723 690 2765 subire,
727 2735 789 2768 per
811 2723 904 2757 unius
936 2724 1040 2757 horae
1060 2724 1206 2768 spacium
1236 2728 1348 2757 terrae
1368 2723 1567 2758 tremoribus
1590 2733 1729 2756 concus-

308 2780 394 2802 sam:
418 2780 500 2814 quos
524 2768 622 2802 etiam
641 2768 768 2813 rugitus
791 2768 906 2812 ingens
928 2767 1090 2802 insecutus
1113 2771 1183 2809 est3
1215 2769 1445 2803 corruentibus
1467 2768 1618 2809 interim,
1643 2778 1729 2812 quae

308 2825 327 2847 a
351 2814 516 2858 prioribus
539 2819 652 2848 terrae
678 2814 818 2848 motibus
840 2815 884 2848 de
905 2814 990 2849 noro
1013 2813 1158 2849 excitata
1177 2814 1331 2858 fuerant,
1367 2813 1546 2855 aedificiis,
1580 2810 1727 2853 moeniis,
