1838 3230
638 157 937 206 EPISTOLA.
1395 182 1399 184 ’
1455 166 1554 215 723

54 319 57 323 ,
92 278 292 330 Σαλαμῖνι
307 271 521 346 Σατύροις.
576 274 614 316 Is
630 275 686 315 ita
708 288 751 315 se
773 275 909 316 habet.
967 273 1077 317 Νυνὶ
1097 272 1140 317 δὲ
1159 270 1317 329 ἆρκέσει
1331 279 1416 326 τοῖς
1431 291 1555 333 γραμ-

91 337 273 387 ματικοῖς
292 328 647 404 ἀκολουθήσαντα,
675 348 777 373 κατα
795 349 869 385 την
888 332 1051 374 ἐκείνων
1066 327 1244 381 διάταξιν
1267 333 1391 373 εἰπεῖν
1409 350 1447 375 τι.
1465 335 1558 388 περὶ

91 392 174 430 τῶν
202 386 304 430 κατα
321 387 398 442 την
426 388 607 443 πέμφιγα
632 389 951 442 σημαινομένων.
1007 392 1137 430 Δοκεῖ
1154 387 1227 440 μὲν
1253 404 1327 442 γαρ
1346 386 1474 443 αὐτὴν
1491 391 1556 432 ἐπὶ

88 449 164 543 ἰῆς
190 449 322 513 πνοῆς
351 448 568 551 Σὲοιφοκλῆς
587 445 630 487 ἐν
648 449 819 498 Κολχοΐς
847 444 987 511 λέγειν.
1044 446 1185 498 Απῆξε
1209 444 1402 499 πέμφιξιν
1416 444 1467 489 ου’
1486 446 1555 489 πέ-

115 517 211 555 αςφ
260 517 322 544 ου.
421 514 491 553 ege

213 498 257 558 ὁρ
366 559 507 610 Απῆξε
533 555 685 608 πέμφιξ
715 556 852 598 Ιονίου
880 555 1001 607 πέλας
1028 554 1171 612 πόρου
1581 570 1615 605 o
1637 571 1685 608 53

89 613 157 652 Sic
176 613 398 668 Aeschylus
418 613 677 653 Prometheo:

363 667 523 725 Χρόνον
552 668 596 710 δὲ
622 667 694 710 τόν
712 667 919 739 μέλλοντα
944 666 1108 719 πόντιος
1136 668 1282 724 μυχὸς,

362 729 532 795 Zamens-
540 722 724 768 ἕπίστασ’
722 754 736 775 ,
778 722 913 774 Ιόνιος
939 724 1198 796 κληθήσεται,

322 797 326 801 “
369 786 451 836 Τῆς
479 786 552 836 σῆς
579 783 744 836 πορείας
772 785 912 835 μνῆμα
937 787 1022 831 τοῖς
1049 787 1151 824 πᾶσι
1179 785 1380 838 βροτοῖς.
1581 795 1613 830 V
1636 797 1682 833 30

5 829 9 834 Δ
88 838 324 894 Apollonius
338 839 519 879 Rhodius
541 839 608 878 lib.
627 853 683 878 ιν.
704 839 871 890 loquens
892 839 942 878 de
962 839 1141 879 Colchis:

369 898 438 952 Τῷ
463 895 531 936 καὶ
559 894 729 947 ὑπέφθη
758 892 854 944 τούς
880 910 925 949 γε
953 893 1088 948 βαλων
1115 894 1216 949 ύπὲρ
1236 892 1385 948 αύχένα
1411 897 1530 952 γαίης

365 938 528 994 Κόλπον
555 951 631 993 ἔσω
656 948 822 993 πόντοιο
850 951 1097 1005 πανέσχατον
1128 953 1288 994 Ιονίοιο.

86 1010 160 1050 Vel
176 1010 228 1050 ad
258 1009 365 1050 hunc
382 1009 568 1060 modum,
594 1008 630 1048 si
650 1008 693 1047 id
710 1008 839 1047 minus
857 1009 1010 1061 placet,
1040 1022 1165 1062 aeque
1196 1009 1405 1049 commoda
1430 1015 1557 1050 muta-

9 1069 12 1072 ’
85 1068 216 1116 tione3

360 1121 502 1174 Απῆξε
527 1118 679 1174 πέμφιξ
706 1120 799 1170 έξ”
776 1137 827 1161 εω
855 1117 1112 1190 σελασφόρου.
1103 1119 1139 1190 )

87 1178 172 1220 Καὶ
194 1174 318 1228 αύτος
344 1178 388 1220 ἐν
405 1178 615 1232 Σαλαμίνῃ
643 1173 861 1246 Σατύροις·
891 1176 961 1218 καὶ
987 1174 1076 1230 ταχ’
1094 1192 1147 1218 αν
1176 1173 1371 1247 κεραύνια
1388 1176 1557 1244 πέμωιξι

86 1237 259 1289 βροντῆς
286 1234 355 1276 καὶ
381 1234 597 1287 δυσοσμίας
625 1233 755 1286 λα’βοι.
826 1233 935 1300 (lege
962 1255 1020 1263 —
1047 1233 1118 1274 καὶ
1145 1230 1234 1286 τάχ’
1264 1249 1317 1274 αν
1348 1230 1557 1288 Κεραύνια

89 1291 268 1344 Πέμφιξι
286 1293 459 1345 βροντης
478 1288 549 1331 καὶ
566 1291 783 1341 δυσοσμίας
803 1286 956 1343 βάλοι.)
993 1287 1192 1342 Αἰσχύλος
1212 1287 1256 1331 δὲ
1272 1289 1316 1331 ἐν
1337 1293 1559 1345 Προμηθεῖ

86 1345 278 1405 Δεσμῶτῃ
308 1346 428 1416 (imo
436 1359 531 1386 vero
555 1344 793 1412 Λυομένῳ.)

360 1399 550 1444 Ευθεῖαν
579 1402 672 1454 ἕρπε
697 1398 840 1454 τήνδε·
870 1400 938 1442 καὶ
957 1413 1178 1471 πρωτιστα
1193 1401 1267 1453 μὲν

358 1456 563 1527 Βορεαδας
589 1457 701 1511 ηξεις
730 1455 833 1512 πρὸς
859 1455 1005 1507 πνοοῖς,
1045 1453 1104 1498 ιν’
1132 1453 1308 1510 εύλαβοῦ

358 1512 520 1570 Βρόμον
544 1515 836 1568 καταιγίζοντα,
882 1512 938 1566 μή
967 1510 1010 1554 σ’
1038 1509 1249 1583 ἄναρποὶσῃ

357 1571 609 1641 Δυσχειμέρῳ
642 1570 810 1624 πέμφιγι
839 1569 1061 1623 ξυστρέψας
1089 1585 1219 1620 αφνω.

86 1628 175 1671 Επὶ
196 1627 239 1670 δὲ
257 1644 340 1669 των
356 1624 530 1669 ακτίνων
549 1624 685 1667 αὐτων
702 1628 814 1667 δοκεῖ
830 1629 1005 1678 χρῆσθαι
1023 1629 1080 1681 τῷ
1099 1629 1171 1677 τῆς
1192 1624 1388 1679 πέμφιγος
1407 1621 1551 1678 ὀνόμα-

85 1702 123 1728 τι
151 1688 369 1737 Σοφοκλῆς
396 1683 440 1724 ἔν
469 1686 639 1735 Κολχοῑς
669 1681 769 1723 κατοέ
784 1681 878 1723 τάδε
896 1698 945 1722 τα
974 1681 1069 1733 ἔπη·
1110 1679 1189 1722 κᾶν
1219 1680 1432 1747 ἐθαύμασα
1453 1684 1551 1738 τῇδε

86 1745 248 1784 σκοπῶν
271 1740 448 1795 πέμφιγα
470 1739 641 1792 χρυσέαν
666 1735 777 1781 ἰδών.
835 1739 941 1803 (lege
969 1760 1026 1767 -—
1055 1724 1365 1804 Κᾷπεθαύμασα
1428 1723 1550 1790 Τηλέ-

85 1813 237 1840 σκοπον
256 1796 434 1850 πέμφιγα
451 1797 638 1850 χρυσείαν
658 1792 798 1846 ἰδών.)
828 1791 933 1836 οὕτω
951 1793 1018 1834 καὶ
1036 1790 1247 1846 Αἰσχύλος.
1308 1795 1552 1843 Εξαντιαίας

87 1870 180 1898 ουτε
198 1853 347 1907 πέμφιξ
376 1852 493 1904 ηλίου
521 1851 825 1905 προσδέρκεται,
857 1847 945 1892 οὔτ’
967 1849 1133 1905 αστερον
1162 1848 1286 1903 στόμα
1312 1847 1468 1903 λητῶας
1482 1847 1550 1892 κᾶ-

85 1928 160 1967 ρης
189 1907 300 1966 (lege
328 1906 531 1962 Αἰσχύλος
553 1909 651 1950 ένΗ
615 1909 837 1961 μαντρίαις.

359 1970 420 2014 Ας
449 1980 542 2006 ουτε
569 1964 719 2017 πέμφιξ
745 1963 864 2034 ῆλίου
891 1962 1189 2031 προσδέρκεται,

361 2018 464 2063 Ούτ’
491 2018 715 2087 αστερωπὸν
748 2019 858 2072 ὄμμα
882 2017 1054 2072 Λητωας
1080 2017 1216 2072 κόρης.

85 2081 143 2120 Ea
163 2080 298 2120 sabula
326 2079 472 2118 citatur
490 2079 532 2116 in
564 2078 750 2128 catalogo
768 2078 992 2115 Dramatum
1014 2083 1053 2116 et
1078 2075 1248 2115 Scholiis
1269 2075 1545 2115 Eumenidum.

86 2137 232 2176 Pollux
251 2140 314 2179 10.
338 2149 373 2176 c,
395 2139 460 2179 26.
492 2132 609 2188 τᾶςμ
612 2133 715 2175 έντοι
736 2131 944 2186 λαμπαδας
960 2132 1028 2173 καὶ
1046 2129 1240 2185 Κᾶμακας
1262 2132 1417 2185 εἴρηκεν
1437 2131 1547 2179 ἐξαν-

85 2195 199 2247 τρίας
225 2189 435 2245 Αἰσχύλος.
494 2192 576 2232 MS.
597 2190 725 2229 codex
743 2190 794 2230 Is.
811 2190 940 2229 Vossii
962 2188 1083 2229 habet
1112 2189 1156 2231 ἐν
1186 2189 1404 2239 ξαντρίαις·
1434 2193 1479 2225 ut
1506 2192 1546 2225 et

87 2257 201 2289 antea
227 2249 305 2288 viri
326 2248 435 2287 docti
464 2261 514 2287 ex
539 2247 765 2299 conjectura
792 2246 1059 2285 emendarunt.
1116 2247 1240 2284 Porro
1251 2243 1513 2308 ‘Aeschylus'
1503 2256 1545 2280 m

84 2306 149 2345 his
166 2306 346 2345 versibus
377 2318 419 2344 se
436 2304 520 2368 ipse
544 2303 720 2342 imitatus
741 2309 818 2342 est:
848 2317 939 2342 nam
967 2302 1068 2342 haec
1099 2301 1218 2341 habet
1247 2301 1288 2339 in
1309 2298 1543 2339 Prometheo

86 2363 222 2403 vincto
243 2363 292 2402 de
312 2360 449 2400 Graeis
470 2361 552 2399 sive
571 2359 851 2399 Phorcidibus.

360 2414 641 2465 Μονόδοντες,
673 2432 720 2464 ας
748 2413 847 2457 ουθ’
874 2413 987 2469 ἥλιος
1018 2412 1301 2468 προσδέρκεται

357 2477 544 2522 Ακτῖσιν,
574 2468 676 2514 ούθ’
702 2471 731 2524 ἦ
757 2469 944 2526 νύκτερος
975 2469 1082 2540 μήνη
1111 2467 1215 2510 ποτέ.
1227 2467 1241 2521 )

88 2529 174 2572 Επὶ
197 2528 242 2572 δὲ
257 2531 329 2583 τῆς
346 2531 548 2583 ῥαγίτιδος
578 2529 687 2582 (lege
707 2529 892 2597 (favisae)
922 2527 944 2570 ὁ
960 2523 1079 2575 αύτός
1100 2537 1224 2592 φησιν
1244 2523 1288 2565 ἕν
1306 2524 1524 2578 Προμηθε
1506 2531 1539 2562 ι’
1564 2534 1597 2568 0
1620 2535 1666 2571 59

359 2587 591 2639 Εξευλαβοῦ
619 2584 682 2635 δὲ,
712 2581 768 2638 μή
796 2597 839 2626 σε
866 2580 1093 2654 προσβάλλῃ
1122 2577 1244 2650 στόμα

361 2641 540 2695 Πέμφιξ·
569 2639 692 2695 πικρὰ
720 2657 793 2695 γαρ
820 2638 896 2682 κού
925 2637 990 2681 δια
1020 2641 1123 2708 ζωῆς
1153 2634 1281 2689 ατμοί.

89 2696 173 2738 Καὶ
207 2696 251 2738 ἕν
270 2699 434 2739 Πενθεῖ.
491 2696 613 2750 Μηδ’
625 2698 800 2766 αἵματος
822 2697 1000 2762 πέμφιγα
1017 2692 1119 2747 πρός
1136 2693 1243 2748 πέδῳ
1263 2688 1399 2756 βαλης.
1455 2688 1541 2730 En),

89 2753 135 2795 δὲ
159 2756 232 2794 τοῦ
249 2753 398 2804 νέφους
417 2754 528 2794 δοκεῖ
546 2750 735 2807 τεταχθαι
753 2770 852 2794 κατα
880 2750 969 2794 τόδε
992 2767 1035 2792 το
1055 2751 1148 2798 ἔπος
1165 2749 1208 2790 ἐν
1217 2735 1445 2814 Σαλαμήνῃ
1463 2750 1539 2785 Σα-

89 2806 226 2864 τύροις
244 2807 351 2864 παροέ
372 2813 590 2861 Σοφοκλεῖ·
618 2809 799 2864 Πέμφιγι
818 2812 950 2851 πᾶσαν
969 2803 1194 2862 ὄψιαγέλων
1211 2801 1353 2858 πυρός.
1396 2787 1541 2858 (scrib-
