1838 3230
273 197 424 226 xuvnt
784 178 1244 230 PROLEGOMENA.

271 292 296 337 o‘
324 291 510 348 βασιλεῦς
542 295 674 336 Ινδῶν
707 290 935 349 ἀναστῆναι,
959 310 1008 349 με
1040 295 1109 338 καὶ
1128 292 1370 350 7ἀναχθῆναι
1395 293 1748 351 πρόςιαιῗτὸνςᾴρ..

271 361 525 407 Introductus
542 372 670 410 autem
689 362 863 416 Legatus
881 361 1110 415 Romanus,
1138 365 1180 404 in
1195 380 1322 418 genua
1335 363 1566 420 procidens,-
1582 363 1751 421 Regem

272 439 471 475 ueneratus
496 441 565 471 est.
624 429 704 470 Sed
735 445 797 470 me
830 446 984 484 surgere
1004 431 1122 485 jussit
1153 442 1188 472 et
1205 434 1369 487 propius
1389 430 1597 482 accedere.
1637 433 1742 482 Dum

274 497 412 537 scribit
435 512 484 538 ex
502 498 628 545 Libro
653 498 790 550 Legati
819 496 1004 551 Mulela,
1025 498 1275 551 Pronomen,
1305 499 1399 551 Ine,
1430 500 1645 554 ‹1u0‹‚l,.‚dev
1654 516 1749 553 „sess

272 578 490 606 sermonem
507 567 677 617 habens,
708 568 875 618 Legatus
902 573 1113 619 posuerat,
1144 569 1354 610 oscitanter
1383 572 1488 622 (pro
1511 568 1650 624 more)
1680 581 1747 618 ¹¹1}-

273 634 384 676 u'net.
441 635 519 674 Sed
541 635 639 687 quid
658 635 699 676 in
723 648 768 674 re
791 640 868 673 tam
889 640 1024 687 aperta
1042 635 1190 688 prolixi
1211 635 1382 676 sumus?
1411 637 1506 678 Fuit
1528 637 1617 690 ipse
1627 635 1751 685 Nona-2

275 717 391 743 nosus
409 703 571 742 Abrami
591 704 635 744 F.
660 703 729 756 qui
747 702 995 756 praedictam
1017 702 1115 743 obiit
1131 704 1405 755 Legationem‚
1433 718 1564 757 neque
1582 701 1753 755 ΙΙζΙαῙεᾹω

271 778 410 812 noster
439 771 599 812 aliunde
629 785 700 811 sua
727 770 862 810 hausit
891 784 1010 823 quam
1041 785 1091 812 ex
1119 772 1204 824 ejus
1225 771 1410 811 Historia
1431 770 1744 824 suarumLega-

273 840 435 879 tionum.
493 841 550 879 De
579 854 657 892 qua
685 840 778 879 vide
811 837 990 880 Photium
1022 839 1064 879 in
1088 838 1338 879 Bibliotheca
1369 837 1465 882 cod.
1493 842 1534 883 3.
1589 840 1637 880 In
1663 839 1742 879 alio

273 907 363 946 loco
382 905 451 962 l),
491 909 533 947 in
566 908 647 948 vita
681 907 828 947 Justini
858 908 1079 948 necessaris
1116 907 1351 958 Iustiniani,
1390 907 1441 947 de
1477 907 1746 955 exundatione

275 975 397 1015 Scirti
421 976 618 1027 fluminis,
660 989 738 1028 qua
770 975 867 1014 urbs
888 974 1036 1015 Edessa
1064 990 1154 1016 cum
1178 975 1363 1014 domibus
1390 982 1430 1014 et
1446 975 1588 1029 incolis
1606 975 1745 1027 absor-

275 1050 346 1097 pta
364 1051 445 1095 est,
475 1045 580 1084 facta
607 1045 856 1095 narratione,
882 1043 1094 1096 subjuncta
1126 1050 1219 1083 sunt
1246 1042 1345 1082 haec
1363 1043 1497 1083 verbs.
1528 1045 1681 1098 Ελεγον
1701 1042 1746 1085 δὲ

279 1114 322 1154 οἷ
355 1112 669 1168 περισωθέντες,
713 1111 782 1154 καὶ
809 1112 1013 1160 οἰκοῦντες
1051 1109 1125 1165 τὴν
1149 1107 1277 1165 αὐτὴν
1304 1106 1440 1162 πόλιν,
1480 1108 1542 1154 ὅτι
1568 1109 1637 1153 καὶ
1672 1116 1749 1162 etc.⁴

277 1181 388 1229 Quae
417 1195 627 1234 perperam
661 1181 719 1219 sic
757 1180 1048 1233 interpretatur
1078 1179 1352 1219 Chilmeadus:
1395 1178 1583 1225 dixerunt
1617 1188 1747 1225 autam

275 1251 344 1303 qui
361 1251 581 1303 superstites
603 1247 733 1287 adhuc
751 1247 881 1287 urbem
905 1247 1147 1289 incoluerunt
1167 1255 1243 1288 etc.

388 1318 519 1357 XXII.
578 1318 631 1356 Ut
658 1331 707 1356 ex
733 1316 866 1366 hisce,
908 1330 1008 1368 quae
1040 1315 1235 1356 hactenus
1273 1316 1451 1356 discussa
1479 1321 1606 1365 ¹sunt,
1649 1312 1747 1365 satis

277 1384 438 1425 evidens
472 1391 511 1424 et
537 1385 732 1437 liquidum
760 1384 943 1434 videtur,
973 1383 1047 1422 sub
1079 1384 1251 1437 Imperio
1271 1384 1478 1423 Iustiniani
1493 1397 1576 1423 non
1600 1381 1748 1428 frixisse

277 1458 457 1492 nostrum
482 1450 856 1506 Chronographum5
886 1451 943 1490 ita
970 1458 1064 1490 sunt
1088 1452 1193 1492 inter
1219 1438 1288 1503 ea,
1321 1467 1420 1505 quae
1445 1452 1480 1491 si
1509 1451 1596 1504 quis
1615 1457 1749 1494 etten-

274 1520 352 1573 tius
378 1519 578 1572 expendat
607 1526 647 1560 et
677 1519 920 1569 consideret,
949 1518 1060 1558 haud
1080 1520 1155 1558 sibi
1185 1519 1428 1572 persuadere
1452 1519 1623 1573 poterin
1651 1519 1748 1576 quin

275 1587 382 1626 inter
398 1588 623 1640 Scriptores
645 1588 769 1627 multo
789 1587 1029 1627 recentiores
1049 1587 1102 1626 sit
1122 1587 1405 1626 accensendus.
1459 1587 1548 1626 Hoc
1565 1587 1749 1630 evincere

277 1668 437 1707 quoque
467 1655 655 1695 videntur
682 1661 910 1707 argumenta
940 1655 1027 1693 alia.
1087 1655 1144 1693 Ex
1171 1668 1217 1694 eo
1238 1655 1346 1706 quod
1371 1651 1601 1695 Clementem
1628 1653 1750 1693 Chro-

278 1721 522 1776 nograplzum
543 1723 585 1763 in
607 1725 879 1763 testimonium
907 1722 1097 1772 advocat,
1129 1736 1219 1761 eum
1251 1737 1332 1763 non
1349 1722 1497 1763 vixisse
1516 1727 1608 1762 ante
1631 1735 1750 1763 secu·-

279 1790 363 1828 lum
392 1800 602 1844 octavum,
640 1805 723 1830 non
755 1792 840 1832 sine
871 1805 1011 1842 magna
1040 1791 1319 1844 probabilitate
1345 1791 1510 1831 videtur
1537 1788 1752 1829 conficien-

282 1857 390 1896 dum.
451 1858 621 1898 Videtur
657 1860 760 1899 enim
798 1860 873 1900 iste
908 1861 1087 1899 Clemens
1118 1857 1456 1911 chronographus
1488 1858 1638 1897 vixisse
1671 1870 1751 1910 non

283 1932 374 1965 ante
400 1924 622 1966 Servatoris
651 1942 797 1966 annum
817 1929 912 1972 685.
971 1929 1099 1980 Atque
1132 1927 1210 1967 hoc
1235 1928 1456 1978 colligimus
1480 1939 1529 1965 ex
1545 1924 1752 1977 Anonymi

284 1993 427 2032 Graeci
443 1993 850 2034 Demonstrationibus
871 1996 996 2047 (quas
1017 1996 1266 2046 inscribunt)
1291 1991 1652 2046 Chronograpkicis,
1681 2005 1753 2036 seu

287 2057 543 2100 collectaneis
575 2059 621 2099 de
651 2061 971 2115 Antiquitatibus
1001 2059 1463 2115 Constantinopolitanis,
1495 2073 1518 2097 a
1546 2073 1627 2111 quo
1653 2061 1761 2111 citassl

285 2134 354 2167 tur
375 2128 446 2182 (ut
465 2128 624 2167 omnino
651 2127 836 2183 videtur)
860 2129 910 2168 de
926 2131 1024 2183 Imp.
1049 2129 1307 2171 Constantino
1339 2131 1565 2181 Pogonato,
1595 2126 1667 2178 qui
1692 2127 1753 2166 vi-

285 2202 366 2235 tam
392 2208 483 2234 cum
500 2202 626 2234 morte
651 2198 907 2236 commutavit
930 2212 1033 2237 anno
1053 2197 1197 2237 Christi
1221 2195 1449 2250 praedicto,
1477 2207 1617 2247 nempe
1634 2195 1753 2248 685⁰.

286 2263 471 2303 Scribens
486 2261 536 2318 2)
565 2263 667 2302 enim
690 2255 757 2302 ille
775 2263 910 2304 Autor
929 2264 1167 2318 Anonymus
1188 2266 1237 2304 de
1257 2270 1384 2303 statua
1406 2262 1574 2315 quadam
1591 2262 1635 2300 in
1655 2262 1754 2303 urbe

288 2331 362 2372 GP.
392 2336 618 2383 nuncupata
650 2330 806 2381 Tauro,
845 2338 884 2370 et
914 2332 1049 2371 dicens
1078 2347 1162 2372 eam
1182 2330 1393 2384 Theodosii
1417 2330 1591 2371 Senioris
1618 2331 1752 2383 fuisse,

287 2399 448 2439 subdit:
480 2395 650 2452 Κλήμης
671 2397 714 2439 δὲ
734 2396 804 2448 τοὶς
825 2397 968 2452 ὁμοίας
984 2399 1052 2440 καὶ
1069 2397 1356 2454 πολυμόρφους
1376 2399 1626 2453 μαρμαρίνας
1639 2401 1754 2439 Κων-

288 2468 498 2509 σταντίνου
529 2464 632 2508 εἶναι
663 2461 832 2519 φάσκει,
870 2470 942 2509 τοῦ
978 2467 1075 2509 υἱοῦ
1104 2467 1400 2508 Κωνσταντίον.
1469 2463 1641 2505 Clemens
1664 2461 1753 2505 vero

287 2532 432 2574 similes
460 2535 666 2590 variaeque
688 2533 855 2590 formae
885 2550 1122 2576 marmoreas
1158 2543 1308 2575 statuas
1344 2531 1611 2583 Constantini,
1655 2530 1755 2573 Con-

328 2755 378 2807 ¹¹)
403 2768 439 2802 p.
464 2754 543 2794 142.

340 2812 382 2857 2)
404 2824 439 2859 p.
463 2814 521 2850 32.
