1838 3230
578 138 1046 184 ANNOTATIONES.
1437 145 1534 192 609

82 260 252 295 nautam
275 257 474 310 respicere
501 261 666 308 putetur
692 256 858 294 Auctor.
915 254 1128 302 Quomodo
1161 256 1263 295 enim
1291 255 1534 296 Theodosius

81 311 243 352 Senatui
259 312 336 351 toti
355 311 829 363 Constantinopolitano
810 323 948 349 venere
960 311 1123 363 junctus
1143 311 1354 361 diceretur.

191 368 416 420 1303844.
450 371 514 411 13.
551 365 736 420 Γαμβρος
769 367 1034 420 Γραπιανοῦ.]
1070 368 1270 423 Γαμβροὶ,
1314 369 1535 408 secundum

82 423 160 466 Jul.
183 423 408 470 Pollucem,
445 425 512 465 lib.
536 438 598 464 ιιι.
621 430 714 462 sunt
740 423 781 463 οἱ
807 423 850 463 ἐκ
877 439 948 463 του
973 421 1175 477 γήμαντος
1205 425 1355 475 οἰκίας,
1385 425 1453 477 qui
1485 439 1534 464 ex

82 479 228 544 Sponsi
247 487 340 519 sunt
359 480 518 521 familia.
576 477 797 531 Hesychius
823 479 873 517 ad
899 477 1084 518 Generum
1114 481 1351 520 vocabulum
1369 481 1533 520 restrin-

81 536 157 587 git·
186 533 416 589 Γαμβρος
393 553 415 578 o
433 533 536 589 α’νήρ
558 552 629 588 της
652 531 863 588 θυγατρός.
919 534 1005 573 Hoc
1027 536 1138 586 loco,
1166 551 1240 589 p1o
1261 535 1416 577 Sororis
1438 537 1535 576 Ma-

81 593 157 634 rito
174 592 361 644 ponitur3
388 593 456 645 qui
477 594 592 632 etiam
611 593 772 642 Nostro,
803 591 967 643 aliisque
986 592 1099 631 aliter
1110 590 1321 648 ,γαμβρὸς
1336 589 1404 635 ἔπ’
1422 590 1534 634 ἀδελ.-

79 663 112 699 φ
151 677 163 698 ,
197 648 356 690 dicitur.

116 650 143 702 ᾔ
190 701 296 744 Ibid.
351 703 417 756 ἔτη
440 700 526 756 ιζ’.]
556 703 803 743 Theodosius
831 706 872 742 in
888 704 1046 756 imperii
1066 707 1308 744 consortium
1330 720 1352 743 a
1377 707 1533 745 Gratia·

77 773 132 799 no
161 758 263 813 Imp.
290 767 536 813 assumptus,
572 774 650 799 una
679 774 768 799 eum
801 774 871 810 eo,
910 767 950 799 et
975 761 1245 800 Valentiniano
1276 763 1398 802 fratre
1437 763 1532 813 ejus,

76 828 171 855 xm.
188 815 372 870 deinceps
391 819 503 856 annis
531 817 763 868 imperavit:
793 830 872 880 quo
891 823 1062 868 utroque
1090 817 1301 869 defuncto,
1336 832 1425 857 cum
1444 819 1534 857 filiis

78 872 162 911 suis
181 872 352 912 Arcadio
383 880 422 913 et
447 873 651 922 Honorio,
681 887 745 912 111.
782 873 894 912 annis
917 873 1085 924 amplius
1109 881 1259 926 regnat.
1318 875 1419 925 Vide
1436 875 1532 914 Pro-

76 941 182 981 sper.
199 929 386 982 Aquitan.
408 936 447 969 et
467 929 680 970 Marcellin.
705 929 906 968 Comitem.

190 985 509 1038 Pag.344.15.
543 988 758 1037 Πανταχοῦ
773 982 945 1037 ποιήσας
963 997 1122 1038 σακρας.
1134 987 1147 1036 ]
1177 985 1323 1025 Eadem
1340 986 1533 1026 habemus

77 1040 185 1093 apud
214 1041 307 1081 Chr.
338 1043 454 1082 Alex.
493 1055 593 1094 quae
621 1041 799 1080 Raderus
832 1043 887 1080 ita
927 1042 1070 1081 vertit:
1110 1040 1326 1094 Imperator·
1361 1041 1534 1081 reddidit

75 1094 220 1149 templa
255 1095 492 1148 Catholicis,
529 1097 669 1152 ubique
699 1108 931 1151 repurgata.-
967 1098 1080 1138 male.
1151 1098 1353 1146 Quaenam
1377 1095 1532 1153 Σακραι

76 1159 193 1203 sunt,
224 1153 437 1193 omnibus
421 1169 503 1208 Jam
526 1155 620 1193 satis
643 1160 791 1195 nolum

193 1207 637 1263 Ρσ3.344·17-Λπο
667 1213 738 1262 τῆς
763 1208 955 1263 προτέρας
984 1205 1112 1250 αὐτοῦ
1129 1207 1317 1262 γυναικός
1340 1207 1502 1263 Γάλλης.
1515 1211 1530 1262 ]

79 1264 233 1304 Gallam
258 1266 441 1318 quidem,
473 1266 732 1306 Valentiniani
767 1266 927 1318 majonis
953 1272 992 1303 et
1026 1265 1200 1304 Justinae
1224 1265 1366 1316 filiam,
1402 1280 1531 1306 uxore

69 1322 214 1373 ‘priore
234 1322 442 1372 defuncta,
470 1325 675 1376 conjugem
705 1322 843 1361 habuit
864 1321 1128 1360 Theodosius:
1157 1321 1373 1360 Alcadium
1399 1329 1530 1361 tamen

77 1383 118 1416 et
133 1378 354 1418 Honorium
374 1379 477 1418 filios
499 1392 548 1418 ex
565 1379 748 1428 Flacissu,
778 1386 824 1418 ut
848 1378 970 1416 Paulo
990 1377 1187 1427 Diacono,
1218 1379 1302 1416 sive
1329 1378 1528 1428 Flaccilla,

73 1434 133 1472 uti
154 1435 196 1473 in
216 1435 395 1474 Nummis
418 1435 589 1486 dicitur,
621 1449 669 1474 ex
686 1448 812 1474 uxore
828 1435 984 1487 priore,
1013 1441 1253 1486 susceperat.
1309 1434 1421 1472 Hauc
1441 1435 1528 1473 Pla-

74 1489 228 1541 cillam,
254 1498 400 1530 vocant
427 1493 620 1540 Zonaras,
660 1498 698 1530 et
730 1491 951 1540 Cedrenus,
979 1491 1101 1529 male:
1140 1490 1189 1528 ad
1217 1503 1387 1543 quorum
1413 1491 1528 1530 etiam

73 1521 244 1586 menterii
271 1547 363 1587 Chr.
393 1547 653 1588 Alexandrini
686 1547 890 1600 Interpres
930 1550 1145 1586 Auctorem
1182 1559 1297 1585 suum
1323 1547 1527 1598 pervertit,

73 1616 165 1655 pag
181 1606 276 1646 709.
305 1604 348 1642 in
369 1605 556 1655 margine.

190 1661 285 1711 Pssg·
314 1663 408 1702 844.
436 1664 505 1702 21.
546 1657 599 1701 To
631 1658 739 1712 ἱερὸν
764 1654 1046 1707 Ηλιουπόλεως
1068 1657 1111 1699 τὸ
1137 1657 1235 1712 μέγα
1253 1658 1320 1699 καὶ
1340 1657 1528 1712 περιβόη-

74 1730 167 1764 τον,
196 1730 240 1755 το
265 1712 474 1768 λεγόμενον
511 1717 712 1766 Τρίλιθον.
726 1715 742 1767 ]
782 1716 1024 1767 Heliopoleis
1048 1715 1191 1754 multas
1217 1722 1416 1753 enumerat
1439 1717 1525 1755 Ste-

73 1746 253 1822 phaims,
281 1771 386 1811 inter
415 1785 512 1823 quas
537 1771 770 1810 Phoeniciae
799 1785 877 1809 una
908 1778 986 1810 est.
1035 1777 1153 1822 atque
1181 1770 1301 1822 hujus
1333 1772 1526 1823 templum

73 1827 151 1865 hoc
169 1827 260 1866 loco
280 1827 328 1867 ab
349 1828 521 1867 Auctore
541 1828 753 1877 indigetari
775 1834 822 1867 ut
842 1827 1019 1874 medam,
1048 1827 1219 1866 inducor
1241 1840 1291 1865 ex
1317 1828 1526 1866 Sozomeni

73 1883 142 1922 lib.
161 1887 200 1926 7.
220 1897 307 1954 cap.
333 1884 399 1926 15.
428 1884 496 1923 ubi
516 1883 612 1922 haec
631 1884 762 1925 habet.
818 1883 954 1924 Εἰσέτι
979 1882 1022 1924 δὲ
1040 1881 1139 1923 και-α’
1155 1880 1286 1931 πόλεις
1301 1899 1412 1931 τινας
1430 1899 1524 1937 προ-

72 1936 221 1992 ’θυμως
254 1935 549 1993 υπερεμάχοντο
582 1942 662 1980 τῶν
688 1955 800 1980 ναων
829 1939 872 1980 οἱ
896 1939 1154 1991 Ελληνισταὶ,
1184 1954 1293 1992 παρα
1321 1937 1393 1991 μὲν
1412 1944 1524 1992 Apa-

74 1997 197 2049 βίοις,
239 1999 450 2050 Πετραῖοι,
488 1996 554 2037 καὶ
589 2000 871 2066 Αεροπολῖται·
901 1993 1009 2048 παροὶ
1043 1994 1086 2036 δὲ
1118 1998 1417 2044 Παλαιστινοῖς,
1448 1999 1523 2035 Ρα-

74 2055 241 2104 mutirem,
269 2052 337 2094 καὶ
356 2055 534 2101 Γαζαῖοι·
582 2050 690 2104 παροὶ
722 2051 765 2093 δὲ
794 2053 996 2102 Φοίνιξιν,
1026 2051 1068 2092 οἱ
1088 2066 1161 2104 την
1183 2048 1302 2102 ἡλίου
1321 2047 1437 2092 πόλιν
1466 2052 1522 2092 οἶ-

73 2111 255 2179 κοῦντες,
293 2115 365 2150 etc.
433 2107 598 2147 Balanii
633 2110 822 2160 templum
849 2107 928 2146 hoc
958 2114 1125 2155 vocatur
1154 2107 1261 2158 apud
1288 2106 1376 2147 Chr.
1408 2107 1519 2145 Alex.

73 2158 200 2212 Οὗτος
229 2164 254 2205 o‘
287 2162 498 2212 Θεοδόσιος
523 2164 591 2205 καὶ
615 2164 824 2205 κατέλυσεν
853 2163 922 2205 καὶ
949 2179 994 2205 το
1021 2161 1129 2217 ἱερὸν
1148 2159 1447 2211 Ηλιουπόλεως,
1474 2178 1519 2204 το

73 2236 144 2262 του
127 2222 359 2262 ‘Baaoeviov
379 2237 422 2262 το
445 2220 544 2274 μέγα
564 2237 632 2260 και
649 2217 894 2274 περιβόητον,
923 2219 991 2293 καὶ
1010 2218 1054 2262 τὸ
1076 2220 1280 2274 Τρίλιθον,
1298 2218 1366 2259 καὶ
1385 2218 1519 2270 ἐποίη-

74 2289 142 2318 σεν
161 2273 258 2318 αὐτὰ
278 2277 487 2329 ἐκκλησίαν
503 2280 748 2329 χριστιανῶν.

187 2334 286 2386 Ρα3.
315 2335 406 2376 345
436 2336 475 2377 8.
524 2334 719 2384 Φοινίκην
743 2332 1020 2386 Λιβανισίαν.]
1059 2331 1282 2384 Stephano,
1317 2332 1518 2384 Λιβανου-

74 2389 162 2438 σία,
191 2389 296 2429 dicta
324 2396 403 2428 est.
421 2388 589 2441 ’Έμισα,
619 2386 730 2436 πόλις
757 2391 947 2442 Φοινίκης
974 2388 1265 2442 Λιβανονσίας·
1294 2387 1362 2425 ubi
1382 2389 1518 2426 Emes-

75 2458 141 2484 sae
179 2445 345 2484 nominis
382 2446 597 2485 variantem
631 2445 884 2497 scriptionem
914 2446 1123 2484 observare
1162 2449 1240 2481 est:
1281 2443 1518 2495 quandoque

74 2501 179 2539 enim
201 2501 314 2540 etiam
331 2499 503 2555 ”Εμεσα,
534 2503 670 2541 eodem
691 2507 807 2550 teste,
836 2503 1033 2541 scribitur.
1092 2502 1237 2539 Verum
1254 2498 1425 2552 Εμέζτη,
1459 2499 1517 2538 uti

74 2556 152 2595 hoc
170 2557 260 2595 loco
279 2557 779 2607 habemus,1ecentiorum
801 2559 903 2610 sapit
920 2557 1151 2596 barbariem.

185 2611 406 2665 Ρα3-845.
437 2619 499 2658 16
529 2611 670 2666 η’ντινα
700 2610 881 2655 ἐκαλεσεν
898 2610 1172 2666 Εμίμοντον.]
1209 2612 1292 2652 Scr.
1319 2610 1514 2680 Αἷμίμον-

71 2684 151 2710 τον.
209 2668 426 2721 Procopius
451 2671 500 2710 de
520 2671 723 2709 Justiniani
743 2670 892 2709 aedific.
913 2670 980 2709 lib.
1003 2670 1040 2711 4.
1097 2670 1219 2707 ταῦτα
1239 2665 1310 2718 μὲν
1330 2662 1404 2707 οὖν
1427 2669 1512 2707 Ιου-

73 2728 260 2793 στινιανῷ
282 2727 377 2776 τῆδε
402 2727 632 2778 πεποίηται·
663 2726 729 2767 καὶ
759 2724 834 2767 όσα
866 2724 908 2766 δὲ
933 2721 1039 2779 αυτῷ
1064 2718 1298 2776 ὄχνρωματα
1320 2722 1515 2776 εἴργασται

73 2777 180 2834 ἆμφί
197 2796 237 2820 τε
269 2766 342 2833 τήν
364 2779 485 2833 α’λλην
505 2780 681 2839 Θρᾴκην,
710 2799 777 2824 και
793 2779 867 2835 τὴν
885 2785 963 2822 νῦν
984 2767 1231 2833 καλουμένην
1251 2779 1511 2831 Αἷμίμοντον,

125 2842 270 2877 Ioannes
305 2842 468 2877 Matalas.
1190 2838 1242 2876 39
