1838 3230
232 186 468 235 IOANNIS
495 185 780 234 MALALAE
809 183 1145 232 CHRONOGR.
1203 184 1251 230 L.
1283 183 1399 229 x111.
1453 156 1555 237 317

77 313 278 365 σταυροῦ,
316 306 372 360 ὥς
391 305 494 352 εἶδεν
513 308 556 351 ἓν
572 311 632 367 τῷ
653 306 832 366 οὐρανῷ,
865 308 931 350 καὶ
950 312 1166 364 προηγεῖτο
1188 305 1331 353 αὗτοῦ.
1367 306 1435 349 καὶ
1450 323 1556 361 προ-

77 377 338 436 τρεψάμενος
357 377 428 421 τόν
450 377 555 421 ἴδιον
573 374 764 434 στρατόν,
798 375 924 432 λέγων
944 374 1006 419 ὅτι
1028 379 1243 431 Νικῶμεν,
1279 376 1347 418 καὶ
1372 373 1560 432 ὁρμήσας

79 450 149 491 καὶ
169 446 396 503 συμβαλὼν
415 452 503 497 τοῖς
519 443 763 503 βαρβάροις,
801 446 955 502 ἐνίκησε
974 445 1046 489 τὸν
1066 442 1243 500 πόλεμον
1265 444 1371 488 κατὰ
1389 442 1556 500 κράτος,

65 515 195 560 -ὥστεῖ
213 516 371 572 μηδένα
399 519 482 559 τῶν
507 513 735 571 βαρβάρων
765 519 956 570 σωθῆναι
989 514 1096 557 ἀλλὰ
1124 512 1281 564 πάντας
1309 513 1558 556 ἀπολέσθαι.

46 587 148 629 5καὶ
173 585 403 640 ἐπανῆλθεν
423 585 466 627 ἓν
485 588 537 641 τῇ
552 581 688 641 Ῥώμῃ
707 583 811 638 μετὰ
829 585 942 639 νίκης
971 585 1038 627 καὶ
1062 587 1198 640 χαρᾶς
1218 581 1419 639 μεγάλης,
1453 581 1556 638 ἔχων

80 653 318 711 ἔμπροσθεν
335 652 463 696 αὐτοῦ
485 652 556 696 τὸν
575 654 712 708 σίγνον
732 657 808 695 τοῦ
831 657 1028 710 σταυροῦ.
1100 653 1276 708 ἓξηγεῖτο
1298 653 1343 695 δὲ
1363 655 1462 694 πᾶσι
1481 651 1556 707 τὴν

79 727 155 766 τοῦ
185 721 396 780 ὁράματος
421 723 489 765 καὶ
518 726 593 765 τοῦ
629 724 767 776 σι’γνου
797 726 872 764 τοῦ
904 726 1087 778 σταυροῦ
1110 720 1308 775 δύναμιν,
1347 721 1473 777 λέγων
1493 719 1557 763 ὅτι

81 795 220 835 Τοῦτο
252 791 300 835 τι)
330 789 499 847 σημεῖόν
530 791 616 833 ἔστι
647 795 720 834 τοῦ
741 795 844 834 θεοῦ
872 795 955 834 τῶν
977 791 1210 834 Γαλιλαίων
1229 795 1311 833 τῶν
1331 789 1556 846 λεγομένων,

73 864 337 916 χριστιανῶν.
408 862 476 902 καὶ
519 859 674 910 εὐθέως
705 859 758 902 τὰ
789 859 876 915 ἱερὰ
906 862 973 902 καὶ
1003 858 1163 909 πάντας
1191 859 1288 909 τοὺς
1320 859 1445 908 ναοὺς
1472 862 1558 901 τῶν

23 927 277 983 1οἙλλήνων
305 929 555 986 κατέστρεψε
582 930 649 971 καὶ
679 928 754 979 τὰς
783 929 996 983 ἐκκλησίας
1022 932 1105 972 τῶν
1121 932 1370 985 χριστιανῶν
1391 927 1556 986 ἀνέῳξε,
1578 934 1612 969 G

77 1002 290 1054 πανταχοῦ
323 995 482 1054 σάκρας
513 997 788 1052 καταπέμψας
813 996 916 1041 ὥστε
939 998 1015 1048 τὰς
1034 999 1248 1053 ἐκκλησίας
1267 1001 1351 1040 τῶν
1366 1013 1558 1053 χριστια-

77 1071 159 1111 νῶν
182 1067 440 1122 ἀνοιχθῆναι.
513 1068 582 1109 καὶ
603 1064 829 1122 νηστεύσας
855 1068 921 1109 καὶ
944 1068 1193 1122 κατηχηθεῖς
1217 1067 1454 1121 ἐβαπτίσθη
1472 1063 1559 1108 ὑπὸ*

78 1136 331 1192 Σιλβέστρου
343 1168 356 1189 ,
389 1133 612 1178 ἐπισκόπου
631 1133 803 1191 Ῥώμης,
835 1135 959 1186 αὐτὸς
975 1137 1041 1178 καὶ
1059 1134 1084 1191 ἦ
1103 1133 1242 1193 μήτηρ
1268 1134 1396 1177 αὐτοῦ
1416 1132 1555 1190 Ἑλένη

78 1206 147 1247 καὶ
168 1202 317 1255 πάντες
336 1204 374 1247 οἶ
395 1211 597 1261 συγγενεῖς
618 1204 748 1248 αὐτοῦ
768 1205 835 1246 καὶ
859 1205 897 1247 οἱ
917 1206 1029 1262 φίλοι
1051 1204 1179 1248 αὐτοῦ
1205 1206 1272 1247 καὶ
1293 1207 1459 1259 πλῆθος
1478 1202 1556 1245 ἄλ-

23 1282 68 1318 15
80 1277 164 1317 λων
189 1277 353 1317 πολλῶν
375 1271 599 1328 Ῥωμαίων.
682 1275 750 1316 καὶ
779 1273 931 1330 ἐγένετο
956 1273 1194 1332 χριστιανός
1219 1271 1240 1317 ὃ
1273 1272 1400 1323 αὐτὸς
1429 1274 1555 1316 Κων-

78 1343 291 1392 ὸταντΐνος
305 1339 512 1397 βασιλεύς.

180 1413 266 1454 Καὶ
284 1409 576 1468 ἐπεστράτευσε
596 1410 702 1454 κατὰ
719 1413 896 1467 Περσῶν
917 1413 984 1454 καὶ
1002 1412 1181 1468 ἐνίκησεν
1196 1411 1263 1454 καὶ
1285 1411 1448 1466 ἐποίησε
1470 1405 1553 1452 πά·
1607 1425 1609 1427 ’

77 1497 154 1524 κτα
173 1478 334 1538 εῗρήνης
348 1480 454 1536 μετὰ
473 1478 742 1538 Σαραβάρου,
772 1480 972 1534 βασιλέως
991 1485 1182 1539 Περσῶν,
1204 1485 1278 1523 τοῦ
1295 1480 1464 1536 Πέρσου
1482 1480 1550 1521 αῗ-
1574 1489 1607 1524 0
1630 1490 1655 1527 3

77 1546 280 1605 τήσαντος
299 1547 462 1607 εἰρήνην
484 1549 585 1606 ἔχειν
605 1549 711 1605 μετὰ
725 1547 952 1605 Ῥωμαίων.
1021 1548 1043 1594 ὅ
1072 1551 1116 1593 δὲ
1146 1549 1270 1600 αὐτὸς
1287 1551 1555 1592 Κωνσταντῖ-

169 1669 226 1707 18.
249 1666 501 1716 Σαραβᾶοον]
527 1670 803 1713 „Constantinus
827 1670 989 1706 adversus
1010 1671 1178 1713 Parthos,
1203 1673 1241 1704 ut
1263 1669 1472 1716 Eutropius,
1496 1668 1554 1704 vel

169 1716 314 1759 Persas,
349 1721 387 1751 ut
417 1716 663 1761 Hieronymus,
694 1717 753 1763 qui
784 1717 856 1762 jam
880 1717 1160 1763 Mesopotamiam
1183 1716 1404 1762 fatigabant,
1437 1714 1554 1750 ultimo

169 1762 264 1797 vitae
295 1773 383 1796 auno
411 1762 536 1796 bellum
567 1762 723 1802 moliens,
756 1764 960 1808 Achyrone,
993 1762 1217 1798 Nicomediae
1246 1761 1429 1804 suburbio,
1472 1761 1555 1796 fatis

172 1808 349 1843 concessit.
397 1808 475 1850 Quo
504 1812 658 1854 tempore
681 1809 815 1856 Sapor,
846 1809 919 1844 sive
943 1811 1115 1855 Sapores,
1149 1809 1332 1844 Persarum
1357 1814 1432 1843 erat
1454 1808 1553 1842 Rex:

195 1854 230 1889 ui
261 1853 385 1895 etiam,
418 1865 506 1888 anno
539 1859 721 1900 sequente,
756 1854 902 1890 Nisibim
936 1855 1089 1898 obsedit,
1123 1860 1258 1890 vastata
1292 1853 1554 1900 Mesopotamia.

200 1900 244 1935 ed
274 1906 310 1935 et
340 1899 516 1935 Cedrenus
548 1905 716 1943 testatur,
751 1913 839 1936 anno
863 1912 935 1936 xx1.
961 1901 1177 1937 Constantini
1199 1901 1284 1947 Imp.
1311 1912 1427 1947 pacem
1459 1900 1554 1934 inter

168 1948 355 1993 Saporem,
387 1947 571 1981 Persarum
603 1958 740 1992 regem,
771 1953 809 1983 et
830 1947 999 1982 Romanos
1022 1952 1159 1994 ruptam
1181 1947 1295 1982 fuisse.
1342 1947 1462 1992 ltaque
1486 1957 1550 1992 pro

168 1991 400 2040 Σαραβάρου
432 1993 497 2027 hoc
527 1992 602 2028 loco
633 1993 814 2038 legendum
847 1992 1085 2039 Σαποόρου.“
1118 1994 1183 2030 ch.
1230 1991 1458 2041 Σαραβάρου
1480 1992 1551 2027 alia

169 2041 282 2075 forma
313 2039 450 2074 videtur
482 2038 553 2074 eius
577 2039 670 2084 quod
694 2045 746 2076 est
768 2052 803 2087 p.
828 2042 861 2077 7.
885 2041 915 2076 Β
939 2046 974 2076 et
995 2043 1030 2079 9.
1053 2040 1084 2075 C
1107 2038 1449 2089 Σαβουραρσοὶκης,
1485 2038 1551 2074 nisi

128 2093 134 2097 ·
168 2085 205 2121 id
227 2086 338 2133 ipsum
359 2085 603 2122 restituendum
627 2090 690 2121 est.

79 2189 144 2233 dit,
165 2190 303 2246 effigia
324 2201 399 2226 eam
422 2190 458 2225 in
479 2201 628 2237 pugnam
651 2190 822 2237 praeferri
840 2189 960 2237 jussit2
984 2190 1080 2226 simul
1103 2190 1205 2227 etiam
1223 2191 1388 2227 exercitui
1411 2190 1463 2227 sui
1486 2190 1551 2226 ad-

79 2237 162 2273 dens
185 2247 331 2279 ammos,
354 2236 533 2272 victoriam
559 2237 607 2272 eis
631 2237 805 2283 pollicitus
828 2243 892 2273 est.
940 2238 1029 2273 Tum
1053 2250 1135 2273 vero
1158 2249 1323 2283 egressus,
1349 2237 1550 2284 praelioque

80 2294 156 2319 eum
180 2282 344 2318 Barbaris
365 2283 549 2326 commisso,
572 2283 646 2318 illos
669 2295 710 2318 eo
734 2295 840 2329 usque
863 2283 1075 2330 profligavit,
1098 2289 1138 2319 ut
1160 2285 1204 2320 ad
1227 2296 1328 2320 unum
1350 2296 1463 2320 omnes
1486 2295 1551 2330 pe-

79 2329 213 2366 rierint.
259 2328 382 2365 Victor
404 2329 530 2364 deinde
551 2329 693 2364 Romam
715 2330 844 2375 repetit
866 2342 941 2365 cum
966 2331 1155 2377 Triumpho
1179 2343 1322 2376 magno,
1358 2329 1479 2365 Crucis
1501 2329 1549 2364 si-

80 2386 182 2420 gnum
205 2375 393 2421 praelatum
416 2375 563 2410 habens=
589 2376 685 2420 cujus
708 2387 845 2422 quoque
868 2376 945 2419 vim,
969 2377 1065 2412 simul
1088 2382 1124 2412 et
1141 2377 1310 2413 Visionem
1334 2388 1424 2411 suam
1441 2376 1549 2410 omni-

80 2421 145 2456 bus
166 2421 324 2467 aperuit3
347 2426 502 2464 testatus,
526 2422 603 2456 Hoc
618 2423 756 2468 signum
774 2434 844 2458 esse
861 2424 929 2458 Dei
948 2424 1184 2458 Galilaeorum
1202 2424 1261 2469 qui
1280 2422 1472 2457 Christiani
1486 2433 1549 2456 vo-

81 2471 216 2502 cmm.
272 2468 411 2513 Absque
431 2479 526 2503 mora
548 2468 657 2513 igitur
676 2468 865 2504 Gentilium
879 2470 1025 2515 Templa
1048 2476 1154 2514 atque
1176 2470 1258 2504 fana
1281 2468 1431 2503 funditus
1450 2479 1551 2502 ever-

81 2512 146 2547 tit=
180 2511 352 2559 missisque
374 2512 501 2559 ubique
523 2525 587 2560 per
609 2514 791 2561 Imperium
813 2515 939 2550 Literis
960 2514 1027 2550 suis
1050 2514 1302 2561 Imperatoriis‚
1333 2513 1550 2548 Christiano-

82 2569 156 2593 rum
186 2558 359 2595 Ecclesias
381 2559 511 2606 aperiri
538 2560 650 2605 jussit.
711 2562 802 2596 'rum
825 2573 930 2604 vero,
968 2561 1027 2596 ubi
1045 2562 1254 2607 jejunasset,
1291 2565 1327 2595 et
1348 2559 1548 2594 rudimentis

81 2602 298 2640 Christianae
317 2605 503 2651 Religionis
517 2605 663 2642 imbutus
686 2606 815 2650 fuisset,
837 2608 1034 2654 baptizatus
1058 2613 1110 2642 est
1132 2607 1216 2653 ipse,
1242 2617 1316 2641 cum
1340 2611 1450 2640 matre
1471 2606 1547 2640 He-

81 2650 181 2691 lena,
205 2661 227 2684 a
248 2649 416 2687 Silvestre
438 2651 611 2699 Episcopo
635 2653 807 2688 Romano:
847 2654 1017 2699 baptizati
1041 2653 1143 2688 etiam
1166 2656 1244 2686 sunt
1267 2651 1450 2699 propinqui
1473 2652 1548 2696 ejus

81 2707 194 2730 omnes
217 2699 254 2730 et
283 2695 400 2740 amici3
435 2698 729 2745 Romanorumque
759 2699 900 2745 insuper
931 2699 1072 2734 aliorum
1104 2697 1284 2734 multitudo
1312 2698 1440 2744 ingens.
1485 2697 1547 2733 Sic

77 2741 197 2787 itaque
222 2740 406 2787 Imperator
428 2744 667 2780 Constantinus
689 2745 901 2781 Christianus
923 2747 1038 2780 factus
1062 2749 1126 2780 est.

171 2787 341 2822 Posthaec
363 2799 446 2824 vero
469 2795 590 2825 contra
608 2791 730 2826 Persas
754 2802 851 2826 arma
873 2803 1023 2833 movens,
1048 2789 1136 2824 bello
1159 2788 1316 2835 superior
1331 2789 1461 2833 evasit3
1485 2789 1550 2826 da-

80 2833 125 2869 tis
149 2833 252 2868 etiam
274 2833 386 2868 Persis
434 2835 504 2870 acis
526 2835 788 2882 conditionibus,
821 2837 1002 2882 flagitante
1025 2836 1091 2870 hoc
1114 2836 1158 2870 ab
1182 2847 1223 2870 eo
1246 2835 1434 2879 Sarabaro,
1460 2836 1550 2871 Per-

80 2890 192 2916 sarum
230 2889 326 2926 rege.
383 2879 400 2915 1
424 2891 477 2916 em
513 2882 754 2919 Constantinus
793 2883 984 2930 Imperator
1019 2880 1282 2929 Euphratesiam
1314 2892 1337 2919 a
1368 2881 1474 2930 Syria
1511 2886 1549 2917 et
