1838 3230
303 170 404 219 572
795 165 1267 214 ANNOTATIONES.

302 281 530 350 provincias
558 281 817 320 occidentales
852 282 1035 322 continet.
1101 282 1228 322 Idem:
1272 278 1434 324 κοῖκεῖνο
1465 280 1510 324 δὲ
1539 281 1746 351 γνωστέον,

301 335 359 378 ότι
381 334 559 389 Εὐρώπη
582 336 653 390 μὲν
671 353 800 378 παντα
818 335 866 378 τοὶ
884 335 984 378 κατὰ
1006 335 1136 389 δύσιν,
1166 325 1399 392 ἀρξαμένοις
1417 335 1499 380 οἷπο
1518 334 1749 392 Ελλησπόν-

300 409 384 434 του
440 394 510 432 Est
532 400 570 431 et
589 407 679 445 pars
700 394 816 432 etiam
844 394 1035 445 quaedam
1065 396 1248 447 Europae
1280 395 1490 446 generalis,
1527 396 1649 435 totius
1673 409 1747 435 no-

301 450 406 488 mine
432 450 647 502 appellata,
685 449 822 487 eodem
852 450 1056 489 Eustathio
1084 457 1200 490 teste:
1230 450 1479 503 Σημειωτέον
1505 448 1571 500 δὲ,
1599 447 1661 492 ότι
1679 451 1749 492 καὶ

304 506 422 572 μέρος
441 508 478 545 τί
496 509 566 556 τῆς
587 502 747 557 Λιβύης
767 507 839 557 τῆς
852 521 981 560 χωρας
998 506 1103 547 ἐστιν
1131 508 1242 555 ἰδίως
1275 504 1378 548 ου’τω
1407 503 1655 559 καλοῦμενον
1672 511 1749 548 Λι-

303 559 396 615 βύη.
427 568 499 600 etc.
530 561 692 599 deinde.
726 564 906 602 τοιοῦτον
931 562 973 603 δέ
991 578 1028 602 τι
1046 562 1116 603 καὶ
1138 563 1229 614 περὶ
1253 566 1324 614 τῆς
1345 564 1471 611 Ασίας
1495 562 1538 604 ἐν
1554 566 1638 611 τοῖς
1658 561 1748 615 ἑξῆς

303 613 543 686 ῥηθήσεται·
584 617 647 657 ἐπὶ
679 616 811 669 μέντοι
843 633 914 669 της
944 614 1149 671 Εὐρώπης
1186 619 1350 670 ε’μπαλιν
1378 619 1558 674 γέγονεν·
1585 617 1748 671 ἐκείνης

302 673 376 728 γὰρ
398 673 513 725 μέρος
527 672 564 713 τὶ
586 672 777 728 ἐξῃρέθη,
811 676 884 714 τοῦ
916 673 1097 726 λέγεσθαι
1126 671 1344 728 Ευρώπην.
1417 675 1620 723 Quaenam
1649 687 1746 714 vero

303 731 354 768 sit
375 742 466 781 pars
490 728 612 779 haec,
639 743 718 768 non
740 730 876 768 docet:
905 730 1111 782 probabile
1135 737 1262 770 tamen
1289 738 1370 781 est,
1399 732 1503 770 sicut
1518 730 1652 769 Africa
1673 731 1746 769 mi-

302 800 375 824 nor
389 815 399 834 ‚
432 799 473 823 ea
492 786 646 823 Africae
669 800 761 837 pars
781 799 880 836 quae
911 786 1119 838 Hispaniae
1138 787 1303 826 obversa
1324 794 1403 839 est3
1431 793 1471 826 et
1489 786 1580 828 Asia
1605 786 1744 836 minor,

301 856 345 881 ea
367 842 481 879 Asiae
499 855 615 893 pars,
646 856 746 895 quae
766 843 947 893 Europae
971 856 1018 880 ex
1046 844 1210 894 opposio
1244 844 1316 881 sita
1344 851 1423 892 est,
1463 843 1655 894 peculiari
1672 857 1744 881 no·-

300 898 404 936 mine
433 897 539 936 dicta
575 904 687 947 sunt3
718 898 921 936 Graeciam
949 900 1088 947 etiam,
1125 899 1413 946 Macedoniam,
1442 898 1744 950 Thraciamque,

302 968 352 992 ex
384 953 548 992 adverso
580 953 693 992 Asiae
717 955 915 1006 jacentes,
954 954 1153 1006 Europam
1181 956 1433 1006 peculiariter
1459 955 1582 994 dictas
1611 955 1744 993 fuisse.

300 1012 432 1061 Atque
452 1009 529 1048 hoc
550 1010 781 1048 confirmare
799 1010 957 1048 videtur
976 1013 1122 1049 Auctor
1140 1018 1285 1061 noster,
1314 1012 1355 1049 in
1375 1011 1665 1063 superioribus,
1694 1011 1745 1050 de

298 1067 476 1116 Augusto
506 1073 596 1118 post
624 1067 771 1104 bellum
799 1067 1003 1104 Actiacum
1031 1067 1267 1118 Byzantium
1294 1073 1473 1133 petente,
1511 1065 1573 1104 his
1597 1066 1742 1107 verbis.

298 1126 332 1163 Ο
351 1121 394 1162 δὲ
418 1120 649 1190 Αὔγουστος
671 1120 912 1174 Οκταβιανός
927 1121 1141 1175 παρελθων
1158 1139 1231 1175 την
1248 1119 1456 1188 Εὐρώπην
1476 1125 1631 1171 πᾶσαν,
1659 1121 1745 1163 ἔπε’-

302 1191 421 1231 ρασεν
442 1174 520 1218 οῗπὸ
536 1181 607 1218 τοῦ
629 1179 846 1226 Βυζαντίου
872 1178 937 1220 ἐπὶ
967 1177 1043 1231 τήν
1072 1175 1309 1231 Χαλκηδόνα
1329 1186 1404 1222 etc.
1438 1178 1527 1219 vid.
1546 1178 1684 1230 Scalig.
1702 1178 1744 1216 in

297 1234 437 1275 Euseb.
461 1234 551 1272 Chr.
571 1248 612 1286 p.
635 1237 725 1277 183.

413 1293 505 1342 Pag.
534 1294 628 1331 262.
657 1293 696 1331 2.
724 1287 799 1341 τήν
820 1286 962 1342 πρώην
978 1289 1190 1343 λεγομένην
1209 1290 1454 1343 Πείρινθον]
1485 1291 1570 1330 Scr.
1599 1288 1744 1343 Πέριν-

300 1352 392 1387 θον.
449 1345 706 1384 Eustathius
695 1360 736 1384 ln
759 1347 919 1397 Dionys
941 1347 1126 1396 Perieget.
1156 1347 1197 1387 οἱ
1212 1345 1254 1386 δὲ
1273 1348 1388 1413 μέρος
1415 1347 1453 1386 τὶ
1471 1363 1596 1399 αυτης
1622 1344 1665 1388 τό
1682 1347 1743 1387 έν-

300 1418 367 1450 τος
389 1403 617 1453 Περίνθου,
645 1400 737 1452 ἥτοι.
758 1403 1000 1454 Ηρακλείας,
1029 1405 1086 1457 τῷ
1109 1399 1374 1456 Ελλησπόντῳ
1394 1398 1622 1469 οἷπένειμαν-

414 1461 508 1510 Pag.
537 1461 632 1498 262.
665 1458 702 1499 5.
741 1456 930 1510 πάραιτος
958 1444 1186 1525 γενόμενος]
1220 1458 1326 1505 Quid
1354 1458 1432 1495 hoc
1449 1455 1640 1511 πάραιτος
1660 1457 1741 1496 sit?

298 1517 468 1553 Zonaras
496 1514 615 1552 habet
643 1518 847 1565 πυρετοῖς,·
890 1510 1181 1561 Ουεσπασιανὸς
1209 1513 1251 1554 δὲ
1278 1511 1451 1566 νοσησας
1474 1519 1655 1566 πυρετοῖς
1678 1528 1741 1564 με-

295 1568 496 1623 τήλλαξεν.
552 1569 702 1608 Verum
723 1570 821 1608 febri
841 1583 926 1607 eum
946 1572 1158 1608 extinctum
1185 1583 1264 1607 non
1295 1570 1436 1619 fuisse,
1466 1575 1602 1609 testem
1625 1568 1742 1608 habe-

297 1641 385 1667 mus
402 1626 652 1674 Suetonium.)
684 1626 751 1678 qui
773 1639 821 1663 ex
839 1626 954 1663 nimia
975 1626 1054 1664 alvi
1080 1626 1274 1664 solutione
1298 1640 1386 1664 eum
1415 1626 1606 1664 interiisse
1631 1625 1740 1666 dicit.

302 1683 392 1722 Chr.
415 1683 526 1721 Alex
549 1687 687 1721 auctor
705 1681 898 1733 ipsissima
918 1684 1044 1720 nostri
1062 1682 1185 1720 verba
1202 1681 1344 1731 habet,
1374 1681 1441 1720 sed
1463 1687 1672 1748 corrupta,
1702 1689 1742 1720 et

296 1754 372 1793 pro
390 1735 583 1790 πάραιτος
603 1738 697 1789 legit
716 1735 934 1790 παρευθύς.
991 1741 1054 1778 Εν
1075 1734 1201 1793 τούτῳ
1227 1740 1281 1791 τῷ
1306 1734 1435 1792 χρόνῳ
1454 1733 1562 1793 νόσῳ
1588 1737 1742 1785 κλιθεις

299 1797 406 1846 [Ser.
434 1793 620 1847 βληθεὶς]
658 1793 682 1835 o‘
715 1791 1015 1841 Οὕεσπασιανος
1046 1810 1066 1833 o
1097 1792 1299 1857 βασιλευς,
1338 1779 1546 1845 παρευθῦς
1571 1796 1740 1848 τελευτᾷ.

296 1852 486 1903 Suspicor
506 1851 639 1901 itaque
664 1850 877 1889 Auctorem
908 1857 1086 1889 nostrum
1115 1850 1336 1902 scripsisse,
1364 1847 1556 1901 πάρετος,·
1594 1863 1642 1888 ex
1662 1862 1740 1915 quo

295 1915 438 1946 nutans
462 1906 680 1955 Libra1ius,
708 1909 780 1947 τοῦ
810 1922 850 1956 ε,
878 1906 919 1944 iu
951 1922 1016 1955 αι,
1053 1906 1268 1944 mutatione
1298 1906 1634 1957 frequentissima,
1662 1900 1739 1944 πά-

296 1979 428 2015 ραιτος
447 1963 549 2000 fecit.
605 1959 772 2014 πάρετος
791 1970 920 2001 autem
938 1961 1087 2008 1eddo,
1116 1961 1368 2000 membrorum
1388 1963 1427 1999 vi
1445 1960 1586 2000 soluta.
1644 1962 1739 1998 Sue·

294 2020 448 2067 tonius,
475 2016 583 2056 Alvo
607 2028 753 2070 repente
775 2034 892 2072 usque
922 2017 975 2056 acl
1004 2016 1256 2073 defectionem
1285 2015 1436 2064 soluta,
1466 2014 1738 2068 Imperatorem

298 2076 354 2114 ait
376 2083 537 2112 stantem
567 2076 666 2112 mori
699 2084 890 2127 oportere,
927 2073 1092 2126 dumque
1119 2074 1336 2125 consurgit3
1375 2087 1424 2112 ac
1455 2073 1610 2120 nititur,
1640 2072 1738 2108 inter

297 2145 435 2169 manus
454 2128 732 2168 subleuantium
756 2131 950 2169 eoa-tinctus
971 2139 1036 2168 est.
1097 2129 1313 2167 Lectionem
1345 2141 1438 2166 vero
1463 2126 1566 2165 hane
1593 2126 1736 2165 confir-

299 2192 380 2226 mat
399 2185 672 2225 Constantinus
693 2186 908 2235 Manasses,
938 2186 980 2223 in
999 2185 1260 2236 Vespasiano,
1288 2184 1354 2221 ubi
1371 2183 1467 2221 haec
1485 2182 1625 2222 habet:

514 2239 696 2307 Παρέτου
717 2241 926 2293 γινομένου
951 2239 994 2281 δὲ
1016 2257 1085 2282 του
1104 2237 1293 2293 κράτορος
1311 2238 1354 2279 ἐκ
1374 2236 1532 2308 γήρους,

514 2296 595 2337 ,Καὶ
616 2292 723 2349 νόσῳ
745 2294 1035 2365 καταλυσαντος
1052 2294 1119 2337 τὸν
1140 2297 1240 2348 βίον,
1269 2294 1336 2335 καὶ
1353 2292 1396 2335 τὸ
1417 2309 1571 2347 κρατος,

514 2356 633 2393 Ετεσι
653 2338 954 2405 βασιλεύσαντος
969 2349 1018 2392 ου’
1038 2353 1157 2392 πλείω
1177 2367 1257 2392 των
1276 2349 1400 2400 ἐννέα,

518 2412 633 2457 Τῖτος
652 2411 857 2477 παρῆλθεν
879 2409 934 2455 εἰς
954 2405 1069 2457 αὐτο,
1099 2414 1172 2446 etc.

346 2488 364 2509 >s
410 2462 508 2514 Pag.
537 2469 631 2508 262.
661 2465 698 2507 5.
738 2461 794 2504 ὠν
812 2463 1000 2503 ἐνιαυτῶν
1029 2461 1121 2515 οα’.]
1153 2465 1310 2502 Sueten.
1332 2461 1536 2500 Extinctus
1560 2466 1620 2499 est
1643 2474 1735 2501 xm.

294 2518 462 2557 Kalend.
484 2519 577 2558 Julii
596 2535 739 2559 annum
766 2534 899 2573 gerens
927 2520 1063 2558 aetatis
1091 2519 1370 2571 sexagesimum
1398 2532 1447 2557 ac
1477 2531 1642 2566 nonum,
1670 2533 1734 2555 su-

292 2587 436 2628 perque
454 2589 616 2614 mensem
637 2591 685 2615 ac
707 2575 807 2614 diem
826 2575 1037 2642 septimum.

407 2629 446 2668 Ρ
445 2644 506 2683 ⁰0
534 2635 630 2674 262.
658 2636 697 2675 8.
746 2628 959 2680 ἆπλόθριξ,
998 2627 1190 2680 σπανὸς,]
1229 2626 1375 2676 σπανὸς
1399 2628 1450 2666 ad
1469 2628 1615 2666 crinem
1634 2627 1732 2666 refe-

295 2686 464 2725 rendum
491 2687 691 2738 existimo,
718 2693 757 2726 et
786 2685 829 2728 τὸ
853 2685 1022 2740 γένειον,
1061 2691 1128 2723 aut
1166 2684 1262 2736 quid
1290 2686 1367 2723 tale
1398 2683 1733 2723 subaudiendum·

297 2739 447 2789 σπανος
465 2759 508 2783 το
529 2743 680 2796 γένειον
698 2757 815 2796 supra
835 2742 993 2791 habuit,
1025 2740 1075 2780 de
1093 2741 1322 2792 Hippolyto.

413 2796 987 2852 Ρας.262.11.θειότατος
1021 2795 1290 2849 Δομετιανός]
1344 2795 1518 2845 Quidni?
1564 2795 1733 2847 seipsum
