1838 3230
279 190 381 236 322
565 219 568 223 .
677 182 973 229 IOANNIS
1001 184 1338 230 MALALAE

244 300 249 327 ’ἶ
278 304 498 364 ἂρτεμισίῳ
525 300 594 357 ια’,
630 301 746 354 ἴτους
772 303 877 347 κατὰ
903 300 1144 360 Ἀντιόχειαν
1173 304 1248 360 τὴν
1268 300 1447 361 μεγάλην
1462 306 1734 362 χρηματίζον-

278 391 350 423 τος
369 371 471 428 τοη’,
510 369 698 422 κελεύσας
718 372 786 414 διὰ
806 373 922 415 θείου
943 372 1069 416 αὐτοῦ
1095 371 1224 416 τύπου
1254 377 1305 429 τῇ
1329 372 1434 430 αὐτῇ
1454 372 1585 433 ἡμέρᾳ
1604 375 1735 418 ἐπιτε-

225 449 258 483 D
280 445 443 484 λεΐσθαι
464 440 538 495 τὴν
567 438 711 496 ἑορτὴν
735 444 809 483 τοῦ
837 441 1042 496 γενεθλίου
1066 446 1139 496 τῆς
1166 438 1319 491 πόλεως
1344 441 1471 484 αὐτοῦ
1484 474 1498 495 ,
1533 443 1600 485 καὶ
1620 441 1733 485 ἀνοί-

863 499 980 511 W

275 525 356 566 γειν
373 513 424 566 τῇ
454 508 558 565 αὐτῇ
580 506 635 550 ια’
652 512 725 550 τοῦ
752 511 876 563 μα’ῗου
907 508 1035 565 μηνὸς
1061 509 1109 552 τὸ
1140 507 1336 564 δημόσιον
1365 509 1538 567 λουτρὸν
1557 509 1606 553 τὸ
1625 507 1733 553 Ζεύ-

277 580 435 628 ξιππον,
457 577 628 631 πλησίον
647 575 693 618 ὃν
709 581 782 619 τοῦ
800 575 979 620 Ἱππικοῦ
997 579 1063 620 καὶ
1080 582 1153 632 τῆς
1166 576 1325 633 Ῥηγίας
1345 579 1410 620 καὶ
1426 582 1500 621 τοῦ
1513 578 1728 632 παλατίου,
1742 586 1765 622 5

276 642 451 699 ποιήσας
478 642 611 702 ἑαυτῷ
633 643 760 699 ἄλλην
791 643 944 700 στήλην
964 643 1110 696 ξοάνου
1139 645 1466 701 κεχρυσωμένην,
1501 644 1733 700 βαστάζου-

276 729 355 755 σαν
382 716 433 768 τῇ
466 713 575 771 δεξιᾷ
604 711 731 755 αὐτοῦ
747 714 851 769 χειρὶ
871 711 1093 771 τὴν-τύχην
1108 718 1181 768 τῆς
1198 713 1325 768 αὐτῆς
1345 712 1496 763 πόλεως
1517 716 1583 757 καὶ
1604 713 1732 769 αὐτὴν

270 779 595 836 κεχρυσωμένην,
623 778 671 834 ἢν
695 779 880 824 ἐκάλεσεν
891 774 1140 833 Ἄνθουσαν,
1177 780 1366 831 κελεύσας
1385 782 1489 825 κατὰ
1509 781 1581 837 τὴν
1604 781 1732 838 αὐτὴν

271 846 426 904 ἡμέραν
458 852 531 890 τοῦ
560 852 821 903 γενεθλιακοῦ
853 849 1016 892 ἱππικοῦ
1045 849 1202 892 εἰσιέναι
1232 850 1304 905 τὴν
1336 850 1463 905 αὐτὴν
1487 854 1560 893 τοῦ
1582 849 1729 901 ξοάνου

271 914 424 971 στήλην
460 916 756 972 διριγευομένην
786 915 866 959 ὗπὸ
896 922 979 960 τῶν
1004 922 1265 973 στρατιωτῶν
1293 918 1396 971 μετὰ
1419 916 1641 973 χλαμύδων
1660 919 1727 961 καὶ
1739 925 1785 959 10

271 985 524 1039 καμπαγίων,
546 982 709 1027 πάντων
727 983 974 1040 κατεχόντων
991 983 1153 1042 κηρούς,
1178 987 1243 1027 καὶ
1260 986 1541 1042 περιέρχεσθαι
1560 986 1606 1029 τὸ
1628 990 1729 1041 σχῆ-

270 1069 330 1106 μα
351 1052 423 1094 τὸν
447 1050 531 1095 ἄνω
551 1052 736 1106 καμπτὸν
755 1055 822 1095 καὶ
844 1053 1035 1110 ἔρχεσθαι
1056 1056 1111 1103 εἷς
1139 1053 1186 1096 τὸ
1217 1052 1386 1109 σκάμμα
1416 1054 1626 1097 κατέναντι
1653 1057 1726 1097 τοῦ

217 1128 250 1164 Ε
266 1124 485 1173 ’βασιλικοῦ
515 1121 797 1174 καθ-ίσματος,
829 1123 896 1163 καὶ
924 1123 1148 1179 ἐγείρεσθαι
1178 1122 1250 1164 τὸν
1270 1121 1373 1164 κατὰ
1392 1122 1532 1179 καιρὸν
1555 1121 1726 1176 βασιλέα

270 1189 336 1230 καὶ
363 1194 622 1244 προσκυνεῖν,
661 1186 716 1238 ὥς
743 1193 897 1246 θεωρεῖ
915 1190 989 1246 τὴν
1009 1190 1136 1245 αὐτὴν
1156 1188 1308 1245 στήλην
1327 1191 1640 1233 Κωνσταντίνου
1659 1190 1726 1232 καὶ

267 1259 342 1311 τῆς
373 1253 498 1311 τύχης
525 1259 599 1311 τῆς
623 1254 788 1306 πόλεως.
857 1260 923 1300 καὶ
953 1257 1204 1316 πεφύλακται
1232 1262 1353 1301 τοῦτο
1375 1258 1422 1302 τὸ
1442 1258 1540 1308 ἔθος
1562 1257 1636 1308 ἕως
1652 1260 1726 1302 τοῦ
1738 1266 1781 1302 15

263 1328 350 1367 νῦν.

165 1403 198 1437 0
221 1405 245 1441 9
270 1418 273 1420 -
363 1389 413 1434 ‘O
433 1391 477 1434 δὲ
497 1389 713 1441 θειότατος
731 1395 1041 1442 Κωνσταντῖνος
1060 1392 1102 1435 ἒν
1121 1397 1171 1449 τῇ
1191 1390 1477 1450 συμπληρώσει
1499 1397 1573 1448 τῆς
1596 1391 1723 1436 αὐτοῦ

263 1457 458 1509 ὑπατείας
486 1458 649 1517 ἕρῥιψεν
677 1461 719 1503 ἐν
741 1459 1163 1504 Κωνσταντινουπόλει
1181 1459 1365 1516 χάρισμα
1382 1468 1466 1511 τοῖς
1483 1461 1723 1512 Βυζαντίοις

265 1525 460 1582 καλάμων
492 1525 689 1583 συντόμια
725 1528 860 1585 ἄρτων
891 1527 1120 1585 ἧμερησίων
1157 1526 1481 1581 ὃιαιωνιζόντων,
1532 1527 1722 1580 οὕστινας

265 1594 418 1652 ἄρτους
449 1593 608 1638 ἐκάλεσε
644 1598 892 1647 παλατίνους
922 1597 990 1639 διὰ
1021 1596 1069 1639 τὸ
1102 1597 1143 1638 ἓν
1174 1601 1232 1654 τῷ
1268 1598 1452 1656 παλατίῳ
1480 1594 1777 1653 ῥογεύεσθαιω

169 1669 201 1703 V
224 1671 246 1705 6
269 1664 365 1714 τούς
386 1663 536 1714 αὐτοὺς
554 1663 718 1721 ἄρτους,
743 1662 914 1708 ἑκάστου
939 1664 1065 1722 ἄρτου
1085 1664 1287 1721 ἀφορίσας
1311 1663 1433 1718 οἶνον,
1457 1664 1554 1721 κρέα
1570 1666 1638 1707 καὶ
1649 1665 1722 1719 βέ-

355 1763 389 1797 8.
412 1756 458 1805 ἣν
473 1757 651 1805 ἐκάλεσεν]
671 1758 833 1797 ἐκάλεσεν
853 1761 921 1795 Ox.
975 1763 1029 1796 12.
1055 1757 1178 1803 σκάμα
1195 1761 1276 1802 Ox„
1295 1760 1442 1805 σκάμμα
1459 1761 1524 1796 ch.
1577 1763 1631 1797 19.
1655 1774 1721 1797 κα-

354 1808 480 1849 λαμῶν
503 1806 586 1848 OX.‚
607 1809 780 1851 καλαμων
794 1807 914 1841 Pollux
932 1818 966 1851 p.
982 1807 1072 1848 272,
1096 1808 1283 1850 καλαμίων
1298 1808 1412 1841 fuerat
1424 1808 1490 1842 vol.
1498 1808 1525 1841 Ι.
1543 1818 1576 1852 p.
1589 1808 1664 1843 123.
1676 1808 1719 1845 Ε.

352 1853 435 1887 ibid.
459 1853 636 1897 συντομία
660 1853 727 1886 Ox.
818 1853 900 1888 ibid.
925 1850 1207 1895 διαιωνιζόντων
1231 1853 1319 1895 Ch.,
1344 1853 1487 1895 Pollux,
1516 1851 1719 1895 διωνειζόν-

351 1911 425 1932 των
450 1899 517 1932 ΟΧ.
630 1900 687 1934 21.
711 1896 835 1939 οἶνον,
857 1897 946 1941 κρέα
970 1899 1053 1940 Ch.,
1089 1899 1177 1945 οἴνῳ
1197 1897 1284 1941 κρέα
1307 1898 1446 1940 Pollux,
1480 1896 1606 1940 οἶνον,
1629 1897 1718 1941 κρέα

352 1943 442 2000 idem
459 1944 555 2022 gpud
577 1943 790 1989 Ducangium
813 1944 923 1979 Gloss.
948 1956 984 1979 v.
1005 1944 1167 1992 βέστιον,
1200 1942 1371 1990 οἰνοκρέοι
1393 1944 1460 1980 Ox.
1549 1945 1632 1979 ibid.
1655 1945 1716 1990 βε-

352 1999 436 2023 στια
495 2000 528 2023 X.

262 2067 451 2103 cedentium
473 2078 568 2102 nemo
592 2069 694 2102 talem
717 2068 876 2114 gestavit.
916 2068 1086 2103 Artemisii
1108 2081 1202 2111 vero,
1224 2069 1296 2103 sive
1318 2067 1404 2102 Maii
1426 2078 1474 2110 xl,
1499 2078 1584 2102 anno
1604 2068 1715 2104 Acrae

261 2113 493 2148 Antiochenae
517 2125 734 2155 cccnxxvm,
766 2113 1000 2150 Festivitat‘em
1024 2116 1271 2149 celeberrimam
1294 2113 1421 2157 agitari
1439 2112 1558 2157 jussit:
1588 2113 1712 2148 Divino

261 2160 363 2193 etiam
387 2158 513 2192 Edicto
536 2170 594 2192 suo
623 2160 783 2201 sancivit,
829 2160 881 2194 uti
913 2160 1028 2194 eodem
1060 2160 1116 2195 die
1141 2160 1283 2194 Natales
1308 2158 1411 2192 Urbis
1443 2158 1711 2193 celebrarentur.
1762 2186 1765 2189 .

261 2205 471 2249 Zeuxippum
496 2215 642 2248 quoque,
663 2205 822 2239 Balneum
848 2206 1032 2247 Pubchm,
1055 2205 1145 2250 quod
1170 2209 1310 2250 propter
1333 2203 1479 2244 Circum,
1511 2203 1652 2248 Regiam
1677 2209 1713 2239 et

260 2249 431 2284 Palatium
453 2248 549 2283 situm
571 2254 643 2290 est,
678 2250 794 2284 eodem
818 2250 904 2284 Maii
927 2261 964 2284 x1
995 2251 1123 2295 aperiri
1140 2249 1249 2295 jussit.
1295 2248 1394 2283 Fecit
1425 2252 1535 2283 autem
1558 2249 1621 2283 sibi
1644 2250 1712 2284 Im-

261 2299 403 2341 perator
424 2298 568 2329 statuam
591 2306 724 2348 quoque
746 2296 844 2329 aliam
866 2296 1076 2338 inauratam,
1110 2295 1201 2330 urbis
1224 2295 1424 2334 Fortunam,
1455 2305 1554 2338 quam
1576 2295 1713 2330 Anthu-

261 2353 336 2375 sam
358 2340 516 2381 vocavit,
538 2344 574 2374 et
595 2351 698 2385 ipsam
721 2351 855 2384 quoque
877 2341 1087 2383 inauratam,
1119 2352 1219 2375 manu
1243 2341 1364 2374 dextra
1385 2343 1581 2383 gestantem.
1628 2341 1710 2375 Sta-

261 2391 352 2419 tuam
376 2386 480 2427 hanc,
503 2385 620 2420 eodem
644 2385 701 2420 die
724 2385 1021 2420 Genethliacorum
1045 2386 1272 2427 Circensium,
1296 2384 1466 2419 introduci
1485 2384 1584 2428 Jussit
1605 2396 1626 2419 a
1647 2386 1711 2420 mi-

260 2430 374 2465 litibus
407 2430 608 2475 Chlamydes
636 2435 671 2465 et
704 2441 881 2475 campagos
912 2431 1057 2473 indutis,
1098 2438 1135 2466 et
1169 2442 1283 2465 cereos
1304 2429 1519 2475 portantibus
1549 2431 1710 2467 omnibus.

259 2476 282 2509 J
285 2477 367 2510 ussit
389 2487 481 2516 vero,
504 2476 554 2510 uti
577 2475 697 2510 milites
718 2475 787 2516 isti,
811 2477 970 2520 Pompam
991 2476 1253 2518 introducentes,
1279 2475 1487 2519 superiorem
1509 2475 1709 2522 Hippodro-

260 2521 306 2555 mi
327 2521 452 2555 flexum
469 2521 693 2563 circumeant3
716 2532 855 2566 cumque
876 2521 919 2554 ad
942 2521 1047 2556 sedile
1060 2520 1312 2567 ¹Imperatoriae
1329 2520 1401 2554 sedi
1422 2519 1611 2566 oppositum
1626 2533 1708 2567 per-

258 2571 393 2600 ventum
417 2566 501 2607 erit,
533 2578 704 2611 assurgens
727 2565 784 2612 qui
806 2577 869 2611 pro
892 2570 1044 2611 tempore
1066 2568 1254 2612 Imperator
1275 2565 1401 2608 fuerit,
1423 2567 1514 2600 visas
1535 2567 1708 2611 Fortunae

257 2612 360 2653 urbis,
385 2616 421 2645 et
444 2611 658 2647 Constantini
679 2615 810 2647 statuas
832 2616 1033 2646 veneretur-2
1058 2611 1116 2657 qui
1138 2623 1208 2647 mos
1231 2610 1275 2646 ad
1297 2610 1385 2645 hunc
1408 2623 1512 2657 usque
1535 2612 1623 2646 diem
1645 2613 1707 2647 ob-

258 2662 427 2691 servatur.

346 2701 576 2736 Divinissimus
599 2702 700 2738 etiam
723 2701 981 2743 Constantinus,
1014 2700 1050 2735 in
1072 2701 1146 2747 ipso
1172 2701 1372 2736 Consulatus
1403 2699 1455 2736 sui
1478 2702 1589 2744 exitu,
1623 2713 1704 2737 con-

255 2745 396 2789 giarium
419 2747 617 2792 Byzantinis
640 2747 935 2793 Constantinopoli
956 2747 1100 2790 largitus
1123 2751 1194 2788 est3
1226 2747 1347 2792 sparsis
1369 2747 1403 2781 in
1427 2748 1586 2793 populum
1609 2747 1703 2782 cala-

255 2801 382 2825 morum
404 2793 538 2827 tesseris
561 2794 656 2839 panis
681 2794 880 2834 Quotidiani
902 2792 1079 2839 perpetui:
1115 2792 1251 2836 singulis
1274 2792 1387 2834 etiam,
1410 2798 1550 2837 praeter
1570 2803 1701 2839 panem,

254 2836 423 2880 carnibus,
455 2837 546 2880 vino,
577 2843 614 2874 et
644 2839 731 2874 vesti
753 2839 936 2885 assignatis.
987 2839 1092 2874 Panes
1124 2850 1206 2874 vero
1237 2839 1298 2874 hos
1331 2839 1511 2875 Palatinos
1540 2837 1700 2879 vocavit5
