1838 3230
579 157 1047 205 ANNOTATIONES'.
1406 191 1415 195 „
1446 164 1544 211 633

203 274 300 331 Peg.
327 279 426 322 899.
458 275 524 319 13.
551 274 710 327 ἐτείχισε
727 272 773 316 vti
793 273 941 329 Δοροῖς,
969 270 1114 329 χωρίον
1130 270 1227 316 οντα
1244 279 1319 314 etc.
1329 272 1344 325 ]
1376 274 1461 312 Ser.
1483 289 1544 324 ον,

88 333 151 374 uti
176 341 219 374 et
243 334 366 376 infra.
409 333 512 372 Urbs
538 345 636 372 vero
667 328 805 383 Δαρας
831 332 1047 383 Procopio,
1087 331 1279 382 Evagrio,
1308 329 1549 382 Nicephoro‚

0 387 17 432 'is
87 389 289 485 ¹(lliedreno,
317 390 504 442 aliisque,
532 395 693 442 praeter
722 385 816 431 Chr
845 387 1060 428 Alexandr.
1090 387 1327 436 Auctorem,
1367 387 1552 426 omnibus

134 452 196 486 cta
214 453 285 488 est.

204 505 423 556 Pag.899.
463 503 528 544 19.
573 499 763 557 κακεῖθεν
792 500 869 554 ἔχει
893 497 938 541 τὸ
972 496 1133 553 ὄνομα]
1171 499 1343 539 Eandem
1379 500 1551 540 nominis

87 558 208 612 hujus
236 559 484 598 occasionem
509 542 700 610 assignat,
731 564 891 611 praeter
918 556 1041 610 alios,
1068 556 1262 609 Evagrius
1283 557 1420 610 etiam,
1448 557 1550 598 Hist

87 615 239 656 Eccles.
255 615 324 654 lib.
342 619 382 657 3.
404 629 492 668 cap.
513 617 579 657 37.

202 674 299 726 Peg.
328 674 424 715 399.
454 675 524 714 20.
560 666 750 723 λαβόντα]
788 668 1026 721 Legendum,
1058 667 1192 723 λαβὸν.

199 730 419 781 Pag.4oo.
450 731 486 769 1.
531 727 763 781 καθαιρέθη
785 724 1037 779 Ευφήμιος.]
1069 729 1152 766 Ser.
1171 724 1398 782 καθῃρέθη,
1431 725 1491 765 uti
1512 732 1551 766 et

87 785 131 825 in
151 784 423 837 sequentibus.
451 783 560 823 hunc
577 797 674 823 vero
701 783 946 853 Euthymium
966 790 1085 822 vocat
1109 783 1319 832 Cedrenus,
1348 783 1462 822 falso.

96 876 98 878 ,
202 843 296 894 Pag
324 843 423 884 400.
452 845 494 884 2-
536 837 642 889 ’ὅστις
669 840 738 881 καὶ
763 855 882 887 αυτος
910 839 1140 893 καθαιρέθη
1168 856 1222 888 ως
1245 836 1548 894 Νεστοριανός.]

87 898 175 938 11110
195 903 276 936 tres
291 896 336 936 hi
352 896 543 950 Episcopi
559 897 806 947 Orffiodoxi,
837 895 1103 948 Euphemius,
1131 896 1383 935 Macedonius
1407 903 1446 934 et
1461 896 1551 934 Fla-

87 954 248 1004 vianus,
277 954 326 992 ab
349 954 590 1005 Imperatore
610 954 841 999 Haeretitm,
873 950 1230 1005 (Synchyticorum
1257 953 1358 991 enim
1380 958 1551 991 sectator

89 1008 198 1062 erat)
227 1016 274 1049 ut
291 1011 442 1062 Synodi
458 1009 784 1049 Chalcedonensis
808 1010 1057 1060 defensores,
1084 1009 1238 1048 thronis
1255 1010 1336 1047 suis
1360 1009 1550 1047 deturba-

89 1067 146 1115 ii,
178 1072 217 1105 et
246 1067 285 1104 in
308 1067 468 1105 exilium
500 1067 608 1105 missi
640 1074 743 1107 sunt.
801 1065 902 1105 Vide
919 1066 1071 1107 Victor.
1096 1067 1317 1106 Turonens.
1331 1065 1548 1104 Marcellin.

89 1122 287 1164 Zonaram
306 1129 346 1162 et
364 1123 600 1164 cedrenum.

201 1178 304 1235 Pag-
335 1180 430 1222 400.
460 1183 498 1223 8.
541 1176 620 1221 ἄπ’-ὁ
647 1175 912 1232 μοναζόντων.
923 1178 939 1231 ]
978 1178 1252 1218 Marcellinus:
1284 1176 1446 1216 Severus
1465 1177 1550 1215 Eu-

88 1235 248 1290 tychetis
263 1234 465 1289 perfidiae,
493 1235 712 1276 Anastasio
742 1237 906 1274 Caesare
925 1233 1086 1285 volente,
1116 1233 1240 1273 sedem
1261 1232 1443 1272 Flaviani
1460 1232 1550 1272 An-

89 1293 237 1342 tistitis,
255 1306 309 1332 ex
327 1291 534 1332 Monacho
555 1292 782 1346 Episcopus,
813 1292 1030 1344 occupavit.
1090 1293 1226 1330 Annus
1245 1290 1313 1328 hic
1336 1296 1421 1329 erat
1440 1289 1552 1329 Chri-

89 1348 140 1386 sti
156 1347 333 1398 vulgaris
347 1362 474 1398 nxtn,
505 1349 701 1387 Clemente
721 1356 759 1388 et
778 1349 908 1387 Probo
931 1349 1040 1388 Coss.

201 1405 304 1456 Pag·
333 1405 427 1447 400.
458 1407 525 1447 13.
554 1405 739 1457 ἐποίησεν
758 1401 878 1445 αυτὸν
902 1400 980 1445 nimi
999 1401 1202 1456 mincii-com]
1232 1403 1456 1442 Notandum
1479 1409 1551 1452 est,

87 1460 193 1500 hanc
207 1460 363 1500 dicendi
379 1461 605 1511 formulam,
635 1459 714 1503 οἷπὸ
737 1459 913 1511 ὖπάτων,
944 1462 1182 1512 quandoque
1199 1461 1407 1499 Consulem
1434 1457 1553 1498 Ordi-

88 1518 265 1567 narium,
295 1531 384 1556 eum
404 1518 556 1556 scilicet
572 1519 638 1569 qui
663 1518 896 1571 jamdudum
923 1517 1000 1556 hac
1027 1518 1186 1556 functus
1204 1517 1322 1555 fuerit
1341 1515 1549 1566 dignitate5

90 1573 330 1625 quandoque
358 1587 455 1614 vero
482 1573 758 1614 Codicillarem
788 1581 965 1623 tantum,
995 1575 1076 1612 sive
1099 1573 1367 1612 Honorarium
1397 1572 1552 1623 signare

90 1630 321 1669 Consulem:
363 1630 424 1668 uti
446 1644 518 1668 nos
543 1637 678 1669 monet
703 1631 956 1670 doctissimus
986 1630 1245 1680 Alemannus,
1273 1629 1314 1667 in
1332 1628 1445 1667 Notis
1471 1628 1551 1667 suis

89 1685 143 1726 ad
159 1687 344 1738 Procopii
364 1687 510 1725 Histor.
532 1687 674 1725 Arcan.
694 1701 810 1738 quem
833 1686 940 1725 vide.

202 1744 304 1795 Pag.
334 1742 428 1785 400.
469 1743 533 1786 15.
593 1742 661 1783 καὶ
691 1743 877 1795 ἐποίησεν
903 1738 995 1782 ἄντ’
1026 1738 1157 1782 αὐτῶν
1190 1739 1286 1789 τούς
1314 1738 1550 1794 λεγομένους

90 1799 312 1850 Βίνδικας.]
341 1799 498 1850 Βίνδιξ,
531 1797 708 1849 Vindex,
740 1799 998 1849 vectigalium
1018 1805 1190 1836 exactor.
1250 1798 1360 1836 Inter
1383 1812 1425 1836 ea
1447 1811 1549 1849 quae

91 1856 141 1894 ab
162 1855 369 1894 Anastasio
390 1855 490 1907 Imp.
522 1856 622 1893 male
642 1863 748 1905 gesta
775 1862 884 1904 sunt,
918 1853 1106 1894 Vindices
1125 1854 1244 1893 hosce
1270 1855 1310 1892 in
1331 1856 1466 1905 Remp.
1488 1854 1548 1892 in-

89 1912 319 1962 troductos,
367 1925 457 1950 cum
487 1911 743 1963 Vectigalium
774 1912 1000 1951 exactiones
1030 1917 1142 1950 antea
1175 1926 1197 1949 a
1225 1911 1446 1950 Cui-ialibus
1472 1924 1547 1963 per

89 1969 264 2020 singulas
280 1968 460 2007 civitates
479 1967 632 2018 fierent,
663 1969 778 2021 ponit
800 1968 1004 2020 Evagrius,
1033 1968 1104 2007 lib.
1128 1971 1165 2010 3.
1184 1970 1270 2019 cap.
1291 1967 1357 2011 42.
1377 1970 1547 2036 περιεῖλε

90 2024 136 2068 δὲ
161 2025 230 2066 καὶ
249 2040 324 2077 την
352 2041 431 2065 των
451 2021 592 2078 φόρων
617 2026 821 2096 εἴσπραξιν
847 2026 890 2066 ἐκ
916 2028 995 2066 τῶν
1014 2025 1327 2093 βουλευτηρίων,
1356 2039 1451 2071 τους
1473 2039 1544 2063 κα·-

88 2082 307 2135 λουμένους
341 2082 530 2130 Βίνδικας
560 2078 628 2130 ἐφ’
660 2079 805 2152 ἑκαστῃ
835 2078 949 2123 πόλει
976 2078 1316 2135 προβαλλόμενος,
1361 2076 1546 2149 ἔσηγήσει

90 2139 191 2191 φασὶ
217 2138 407 2206 Μαρίνου
431 2140 505 2178 τοῦ
530 2135 689 2191 Σύρου,
717 2136 792 2191 τήν
818 2139 1044 2207 κορυφαίαν
1069 2137 1273 2185 διέποντος
1301 2152 1382 2176 των
1401 2133 1544 2204 οἷρχῶν,

89 2193 136 2237 ἂν
153 2195 196 2236 οἱ
209 2191 333 2235 πάλαι
353 2209 533 2262 υπαρχον
548 2210 620 2245 της
641 2191 769 2247 αὐλῆς
789 2191 977 2236 ἔκαλουν·
1005 2192 1104 2235 Ιὅθεν
1123 2210 1221 2234 κατα
1241 2191 1343 2234 πολυ
1366 2193 1446 2232 οίτε
1468 2188 1547 2241 φό-

91 2266 153 2303 ροι
175 2248 433 2305 διερῤύησαν,
465 2247 556 2291 voirs
579 2248 690 2304 ανθη
708 2254 790 2292 τῶν
806 2248 955 2293 πόλεων
971 2250 1144 2301 διέπεσε,
1174 2258 1247 2291 etc.
1306 2248 1405 2289 Vide
1429 2249 1546 2287 etiam

89 2307 376 2361 Nicephorum,
405 2308 474 2346 lib.
495 2310 559 2349 16.
579 2321 662 2359 cap.
682 2308 750 2350 44.

206 2367 425 2418 Peg-400·
458 2367 522 2407 17.
554 2365 842 2417 προεχειρίσατο
861 2359 1012 2416 κόμητα
1027 2357 1316 2417 λαργιτιόνων]
1347 2361 1544 2400 Comitum

91 2419 132 2458 in
157 2420 328 2473 Imperio
351 2421 543 2460 Orientali
571 2421 779 2472 multiplex
796 2427 880 2459 erat
903 2421 1093 2472 dignitas:
1138 2420 1229 2459 Vox
1247 2424 1373 2456 autem
1394 2418 1545 2456 Prima-

90 2477 198 2516 rium
219 2477 438 2528 quendam
428 2491 468 2516 m
487 2491 530 2515 ιε
546 2491 781 2530 unaquaque
800 2478 952 2530 signare
946 2450 1141 2516 Dvidetur.
1192 2475 1303 2523 Quae
1320 2488 1416 2514 vero
1435 2478 1545 2528 Λαρ-

89 2534 268 2587 γιτίωνες
291 2534 370 2573 sint
386 2548 506 2586 supra
524 2534 708 2573 diximus.

207 2589 422 2641 Peg-400.
455 2593 520 2632 19
548 2590 708 2642 ἐποίησε
728 2588 898 2643 φολλερᾶ
923 2591 1152 2642 προχωρεῖν.
1144 2586 1178 2639 .]
1209 2587 1263 2625 De
1281 2585 1359 2624 hoc
1376 2585 1543 2625 Marcel-

91 2646 209 2694 linus,
240 2645 290 2683 ad
307 2644 494 2685 Anastasii
513 2647 612 2699 Imp.
637 2659 781 2685 annum
799 2650 839 2688 7.
870 2645 1063 2694 Nummis,
1093 2658 1189 2698 quos
1205 2642 1382 2682 Romani
1406 2643 1545 2680 Teren-

91 2703 221 2740 nanos
250 2700 345 2754 (leg.
365 2703 654 2753 Teruntianos)
687 2701 742 2741 Gr
724 2717 827 2742 raeci
847 2699 1083 2740 Plzollerates
1111 2709 1276 2747 vocant,
1305 2698 1543 2738 Anastasius

91 2757 278 2810 Princeps
304 2771 372 2797 suo
403 2759 553 2798 nomine
575 2761 636 2812 fig
639 2760 780 2809 aratis,
807 2755 1043 2811 placabilem
1082 2755 1187 2807 plebi
1206 2756 1541 2794 commutationem

93 2812 294 2855 distraxit.
352 2812 470 2866 φόλις
490 2821 637 2866 autem,
669 2816 750 2854 sive
771 2812 934 2867 φόλλις,
965 2814 1139 2852 1111111113
1163 2812 1230 2852 lib.
1256 2814 1318 2856 18.
1340 2811 1540 2859 scribitur,
