1838 3230
648 141 1117 188 PROLEGOMENA.
1468 162 1620 189 xxxvu

138 263 306 314 teatina
341 259 605 318 συνεχόμενος
633 261 656 306 6
681 259 869 318 βασιλεῦς
889 255 1142 309 Αναστᾶσιος
1167 256 1249 300 ὕπὸ
1276 261 1352 300 τοῦ
1377 260 1624 301 Βιταλιανοῦ

136 333 402 389 βαρβαρικῶν
441 327 658 386 ὄχλήσεων.
726 329 916 370 Detentus
954 327 1056 383 Imp.
1082 326 1327 368 Anastasius
1359 343 1384 368 a
1415 326 1623 368 'Vitalium‘

138 399 360 446 bar-baricis
379 399 562 442 motibus.
621 399 818 453 Euagrius
833 397 877 449 ¹)
906 396 1175 451 apertissime:
1212 399 1414 452 Τυραννεῖ
1431 394 1622 453 (inquit)

136 467 210 512 τᾶν
224 465 483 513 Amanium
501 464 756 517 Βιταλιανός·
787 467 859 517 Et,
891 466 1030 507 eodem
1056 467 1096 506 in
1124 466 1239 519 loco,
1267 467 1322 506 ait
1342 465 1620 506 eum'medita-

135 544 222 579 tum
239 538 365 579 fuisse
380 545 428 578 ut
448 538 651 592 imperium
672 545 891 590 occuparet.
1326 547 1328 549 ·

249 607 373 647 xm„
414 607 582 648 Praeter
599 606 734 645 varios
752 603 876 644 hosce
897 604 1073 645 Ioannes
1092 603 1364 646 Antiochenos
1388 603 1471 645 huc
1490 617 1619 657 usque

134 679 396 725 memoratos,
428 688 528 728 quos
549 688 634 714 esse
649 673 830 714 diversos
852 687 874 712 a
897 672 1059 719 Joannd
1071 680 1206 714 nostro
1228 688 1279 714 ex
1301 674 1420 714 dictis
1441 673 1620 713 certissi-

135 758 200 784 me
225 745 508 797 cognoscitur3
546 743 758 783 observata
789 749 885 783 sunt
921 742 1038 782 nobis
1074 743 1180 783 inter
1216 743 1425 795 legendum
1457 742 1618 782 nomina

135 812 306 853 aliorum
326 827 407 853 non
432 826 667 867 paucorum.
723 812 872 851 Eorum
899 812 1052 865 primus
1079 818 1139 852 est
1159 810 1222 852 Jo.
1243 811 1519 852 Antiochenus
1543 811 1621 851 Ar-

134 880 436 936 chipresbyter‚
473 882 639 921 Publiae
665 881 919 920 Diaconissae
947 887 985 920 et
1014 880 1245 919 Abbatissae
1262 881 1392 920 Filius
1418 881 1615 934 subslmp.

133 950 293 991 Iuliano
313 950 508 1005 Apostata
533 951 678 991 clarus.
734 949 942 989 Secundus
961 954 1020 988 est
1035 948 1098 990 Jo.
1118 947 1372 999 Maxentius,
1402 949 1618 1002 Presbyter

135 1019 209 1069 (ut
236 1020 405 1069 volunt)
434 1020 635 1060 Ecclesiae
666 1017 941 1058 Antiochenae
983 1017 1057 1057 sub
1085 1017 1245 1057 Justino
1284 1019 1460 1069 seniore,
1502 1015 1618 1072 cujus

134 1094 275 1129 extant
292 1089 335 1128 in
358 1087 612 1128 Bibliotheca
633 1086 796 1128 Patr-um
825 1086 1028 1140 Opuscula
1052 1087 1222 1139 aliquot.
1281 1087 1441 1126 Tertius
1468 1093 1527 1126 est
1551 1085 1615 1126 Jo.

133 1156 408 1198 Antiocheam
440 1157 677 1209 Presbyter,
717 1163 858 1195 contra
889 1155 1080 1196 Faustum
1114 1156 1474 1210 Semipelagianum
1511 1154 1617 1193 Scri-

132 1231 253 1279 ptor,
295 1225 345 1271 ab
374 1223 523 1266 Adone
545 1224 759 1264 Viennensi
779 1224 992 1275 laudatus3
1026 1222 1104 1264 nisi
1130 1225 1237 1265 idem
1254 1224 1445 1264 hic-esset
1475 1223 1617 1277 (quod

131 1293 252 1334 facile
274 1294 436 1348 quidem
462 1291 670 1348 concedo)
701 1306 791 1332 cum
823 1293 1029 1346 praedicto
1058 1292 1123 1334 Jo.
1147 1293 1385 1334 Maxentio.
1436 1293 1617 1342 Quartus

132 1369 193 1404 est
225 1361 290 1403 Io.
313 1361 592 1404 Antiochenus
619 1363 772 1401 Laurae
807 1360 851 1401 S.
881 1360 1014 1400 Sabae
1047 1364 1088 1402 in
1128 1360 1347 1402 Palaestina
1379 1360 1615 1412 Monachus,

131 1432 333 1472 Diaconus
353 1438 393 1472 et
410 1431 688 1482 Canonncha,
720 1436 830 1469 secta
851 1429 1098 1482 Origenista‚
1127 1431 1352 1484 imperante
1375 1431 1612 1470 Justiniano.

132 1501 311 1551 Quintus
330 1507 391 1540 est
411 1499 476 1542 Jo.
506 1499 800 1551 scholasticus,
830 1514 880 1539 ex
899 1500 1142 1553 Presbytero
1158 1499 1414 1540 Antiocheno
1443 1500 1614 1539 Patriar-

130 1569 208 1612 eh‘a
236 1570 703 1624 Constantinopolitanae
739 1568 814 1608 sub
859 1569 1035 1622 ejusdem
1072 1569 1284 1608 Justiniani
1321 1569 1454 1608 exitu:
1501 1567 1616 1620 eujus

132 1646 274 1680 extant
304 1637 497 1680 collectio
531 1637 760 1690 canonum,
799 1644 839 1678 et
876 1636 1020 1692 Capita
1061 1635 1370 1689 Ecclesiastica,·
1416 1648 1616 1689 quemque

132 1708 258 1762 aliqui
287 1721 498 1761 perperam
523 1707 777 1747 confundunt
811 1721 902 1745 cum
924 1705 987 1745 Jo.
1011 1704 1266 1746 Antiocheno
1292 1701 1613 1757 chronographo,

133 1777 251 1831 cujus
269 1782 408 1817 extant
423 1775 621 1829 Excerpta
643 1776 684 1814 in
704 1774 949 1814 collectione
973 1772 1221 1814 Constantini
1244 1771 1614 1826 Porphyrogenneti.

131 1846 281 1885 Sextus
309 1850 370 1884 est
398 1841 572 1883 Joannes
605 1842 653 1883 de
674 1842 898 1883 Antiochia
928 1842 1048 1893 vulgo
1079 1841 1234 1893 dictus,
1265 1841 1480 1890 Arrianus,
1510 1854 1616 1880 unus

131 1927 184 1954 ex
206 1912 406 1964 Magistris
429 1899 1147 1964 Muhammeclis‘Pseudoprophetaffi
1183 1924 1263 1963 quo
1283 1917 1466 1963 tempore
1487 1909 1615 1963 impe-

129 1982 239 2022 ravit
261 1981 484 2021 Heraclius.
545 1980 665 2020 Hisce
695 1979 910 2033 adjiciendi
939 1985 1054 2031 sunt,
1085 1979 1162 2018 nisi
1187 1979 1308 2019 iidem
1329 1980 1499 2018 sortasse
1526 1978 1617 2018 sue-

131 2051 215 2091 rint
244 2064 336 2090 cum
362 2050 497 2101 aliquo
528 2049 608 2103 jam
636 2049 856 2099 dictorum,
899 2046 1070 2088 Joannes
1093 2048 1321 2089 Monachus
1348 2058 1384 2087 et
1407 2047 1616 2100 Presbyter

131 2118 398 2169 Antiochiae,
428 2118 491 2157 cui
512 2119 553 2157 in
576 2118 724 2157 Codice
746 2116 918 2170 quodam
939 2116 1019 2155 MS.
1040 2118 1275 2157 attribuitur
1298 2118 1439 2157 Oratio
1461 2115 1509 2155 de
1529 2116 1616 2155 Do-

131 2189 232 2228 mini
260 2188 648 2242 Trou-figuratione,
688 2185 824 2226 eadem
861 2199 952 2224 cum
980 2185 1073 2237 illa,
1106 2200 1223 2239 quam
1252 2186 1415 2225 nomine
1438 2184 1503 2224 Jo.
1533 2185 1616 2223 Da-

131 2258 307 2297 masceni
334 2257 377 2296 in
401 2256 512 2296 illius
547 2256 750 2310 Operibus
785 2255 1010 2307 evulgatam
1041 2253 1256 2297 habemus:
1299 2261 1337 2294 et
1373 2253 1438 2293 Jo.
1465 2252 1618 2293 Antio-

132 2323 309 2376 chensis,
343 2326 459 2380 cujus
489 2341 631 2366 nomen
659 2326 701 2365 in
729 2324 808 2363 alio
839 2323 1015 2377 quodam
1048 2323 1130 2365 MS.
1160 2323 1365 2362 Tractatui
1386 2323 1453 2361 De
1473 2322 1615 2375 Conju-

131 2392 353 2434 rationibus
377 2395 601 2449 praefixum
631 2394 842 2449 reperitur.
901 2394 957 2433 De
987 2392 1173 2431 omnibus
1196 2391 1331 2442 hisce,
1365 2392 1471 2430 sicut
1497 2397 1536 2429 et
1565 2390 1616 2430 de

128 2460 210 2502 illis
238 2462 441 2516 plerisque
469 2479 569 2517 quos
593 2466 634 2504 in
667 2460 944 2515 superioribus
969 2462 1297 2511 memoravimus,
1328 2474 1402 2499 nos
1428 2459 1555 2498 fusius
1576 2466 1617 2499 et

132 2529 293 2583 plenius
309 2531 350 2571 in
378 2532 568 2574 Diatriba
599 2548 721 2587 supra
745 2536 962 2570 memorata
986 2529 1048 2569 De
1071 2528 1342 2584 Scriptoribus
1365 2526 1528 2568 Graecis
1546 2542 1616 2567 va-

134 2599 228 2650 riis,
267 2601 473 2654 Capitibus
504 2602 664 2644 duobus
694 2599 860 2657 primis,
897 2612 947 2639 ex
983 2599 1167 2654 professo
1205 2597 1474 2639 disseruimus.
1541 2597 1616 2637 Hic

182 2813 219 2859 ι)
244 2811 336 2849 Hist.
359 2813 495 2850 Eccles.
511 2815 533 2850 1.
555 2816 590 2853 3.
613 2827 641 2851 c.
662 2813 720 2853 43.
