1838 3230
281 179 380 227 298
679 172 975 218 IOANNIS
1002 173 1337 217 MALALAE

281 294 348 337 καὶ
367 292 440 336 οὐκ
470 290 659 349 ἠδυνήθη
673 325 684 345 ,
723 292 1067 347 ἀλλὰμεσασθεὶς
1093 291 1249 351 ἐσφάγη
1271 293 1355 335 ἐκεῖ
1377 293 1433 343 εἲς
1454 289 1732 348 Μιζουλανόν,

282 361 338 406 ὢν
361 363 555 405 ἐνιαυτῶν
585 360 660 412 ξα’.
1595 391 1602 400 ,Δ
1679 393 1681 395 -
1722 383 1723 386 =

133 439 167 472 Ο
191 435 260 475 394
384 430 508 473 Mn&
530 430 573 471 δὲ
591 429 667 483 τὴν
678 428 887 483 βασιλείαν
899 432 1149 486 Βαλεριανοῦ
1162 429 1394 484 ἐβασίλευσε
1406 431 1447 470 Γ
1443 425 1655 478 αλλιενόςὸ
1667 428 1737 470 καὶ

278 498 516 547 Λικινιανὸς
530 497 598 552 ἔτη
610 495 676 540 ιὸ’.
711 493 762 552 ’ἦν
774 498 818 539 δὲ
831 501 880 553 τῇ
892 495 1024 558 ἡλικίᾳ
1033 498 1181 548 τέλειος
1191 499 1256 540 καὶ
1269 503 1461 553 γενναῖος,
1470 494 1732 552 μελάγχρους,

281 564 492 621 οὗλόθριξ,
529 563 795 622 δασυπώγων,
829 564 996 622 εὔρινος,
1026 565 1388 622 μεγαλόφθαλμος,
1424 562 1768 620 μεγαλόψυχος·5

281 636 406 692 ἐφίλει
420 635 463 676 δὲ
477 634 522 676 τὸ
537 634 706 677 Βένετον
724 633 857 690 μέρος.
902 636 969 677 καὶ
990 633 1016 689 ἢ
1035 633 1160 689 μόνον
1177 635 1447 688 ἐβασίλευσεν,
1469 629 1735 688 ἐπεστράτευ-

283 720 329 746 σε
354 701 459 745 κατὰ
478 705 654 758 Περσῶν
671 704 738 745 καὶ
764 706 968 757 κατῆλθεν
989 705 1045 752 εἷς
1061 704 1260 758 ἐκδίκησιν
1272 700 1503 756 Ῥωμαίων·
1538 701 1606 742 καὶ
1633 702 1737 742 πολ-

282 771 336 813 λὰ
357 770 529 827 παρέσχε
550 778 635 818 τοῖς
660 772 939 827 πραιὸευθεῖσι
973 773 1040 813 καὶ
1076 769 1217 826 ζήσασι
1227 803 1240 822 ,
1278 771 1345 812 καὶ
1366 767 1543 824 ἀνήγειρε
1564 767 1616 810 τὰ
1635 783 1737 810 καυ-

281 839 412 882 θέντα
446 841 513 880 καὶ
543 837 728 896 ἐκούφισε
755 838 829 889 τὰς
859 840 1085 889 συντελείας
1115 840 1178 881 ἐπὶ
1211 838 1278 893 ἔτη
1306 836 1356 881 6⁴.
1436 836 1562 879 ἔκτισε
1595 836 1640 878 δὲ
1668 836 1736 877 καὶ

285 907 393 964 ἱερὸν
412 907 454 948 ἐν
469 907 614 964 Ἐμίσῃ
635 907 749 962 μέγα.
798 909 863 950 καὶ
883 907 1106 962 συμβαλών
1124 905 1297 961 πόλεμον
1316 905 1419 962 πρὸς
1435 904 1532 954 τοὺς
1549 903 1731 960 ΙΙέρσας,
1747 915 1791 949 10

232 984 266 1019 Ε
289 977 357 1018 καὶ
386 979 548 1018 πολλῶν
580 974 784 1018 πεσόντων
813 977 855 1026 ἐξ
873 975 1115 1032 ἀμφοτέρων
1141 979 1222 1018 τῶν
1239 978 1387 1031 μερῶν,
1422 974 1606 1028 ἐποίησεν
1626 969 1737 1027 εἰρή-

283 1061 357 1098 νης
383 1041 530 1086 πάκτα.
602 1043 788 1087 κάκεῖθεν
823 1042 1087 1101 ὖποστρέψας
1121 1043 1306 1098 ἀπῆλθεν
1339 1043 1394 1091 εἷς
1429 1040 1503 1096 τὴν
1527 1039 1736 1096 Ἀραβίαν,

285 1113 352 1154 καὶ
382 1111 577 1164 συνέβαλε
603 1110 778 1166 πόλεμον
808 1117 866 1170 τῷ
891 1112 1077 1170 Ἐνάθῳ,
1113 1115 1277 1166 βασιλεῖ
1298 1112 1548 1166 Σαρακηνῶν
1573 1103 1751 1164 &ofni--

286 1197 392 1236 ρων,
442 1181 508 1221 καὶ
539 1178 750 1237 ἐφόνευσεν
779 1178 903 1223 αὐτόν
913 1214 925 1233 ,
974 1183 1040 1223 καὶ
1069 1181 1272 1237 παρέλαβε
1301 1178 1375 1233 τὴν
1400 1177 1618 1234 Ἀραβίαν·
1672 1175 1741 1217 καὶ

282 1246 532 1303 ὑπέστρεψεν
565 1249 607 1290 ἐν
637 1246 794 1305 Ῥώμῃ,
847 1250 913 1291 καὶ
941 1247 1049 1308 νόσῳ
1078 1250 1250 1304 βληθεὶς
1280 1249 1470 1305 τελευτᾷ,
1519 1243 1575 1287 ὢν
1603 1243 1736 1286 ἕνιαυ-
1748 1254 1791 1289 15

284 1320 366 1359 τῶν
385 1313 435 1359 ν’.

382 1383 508 1426 Μετὰ
535 1383 579 1425 δὲ
610 1383 683 1438 τὴν
711 1385 919 1437 βασιλείαν
944 1387 979 1425 Γ
977 1387 1159 1426 αλλιενοῧ
1188 1387 1261 1426 τοῦ
1291 1383 1357 1425 καὶ
1376 1383 1619 1423 Λικινιανοῦ
1637 1379 1736 1432 ἔβα-

132 1439 170 1518 ‘3'
190 1438 260 1520 {gg
285 1453 442 1495 σι’λευσε
474 1449 683 1502 Κλαύδιος
706 1451 966 1502 Ἀπολλιανός
989 1452 1056 1507 ἔτη
1079 1450 1137 1495 θ’.
1208 1447 1259 1506 ἦν
1281 1452 1325 1493 δὲ
1345 1451 1607 1504 ὄιμοιριαῒος,
1643 1449 1737 1488 λευ-

285 1518 368 1573 κός,
406 1521 658 1575 προκοίλιος,
697 1519 925 1577 ἁπλόθριξ,
963 1518 1186 1574 πλάτοψις,
1220 1516 1431 1572 ὖπόσιμος,
1466 1514 1734 1571 ὖπόγλαυκος,

283 1587 542 1640 ὗπόξανθος,
580 1587 926 1644 στρεβλόστομος,
963 1588 1105 1646 μικρὸν
1123 1586 1392 1645 ὖπότραυλος,
1425 1582 1793 1640 μεγαλόψυχος-’20

284 1656 416 1712 ἔχαιρε
438 1657 483 1698 δὲ
498 1660 557 1714 τῷ
576 1659 773 1714 Πρασίνῳ
794 1657 916 1712 μέρει.

383 1724 472 1767 Ἐπὶ
492 1725 536 1766 δὲ
555 1730 628 1780 τῆς
645 1727 853 1780 βασιλείας
886 1724 1011 1767 αὐτοῦ
1032 1722 1160 1767 ἔπαθε
1180 1721 1455 1779 Νικομήδεια,
1489 1716 1740 1776 μητρόπολίς

378 1880 434 1916 17.
458 1878 656 1915 Γαλλιένου
678 1879 745 1914 Ox.

288 2016 408 2051 sistere
430 2015 558 2059 voluit,
580 2016 615 2050 in
639 2016 814 2051 Orientem
837 2017 1030 2062 profectusz
1064 2016 1191 2050 Verum
1215 2014 1258 2048 ab
1282 2012 1432 2047 hostibus
1454 2010 1603 2056 undique
1625 2009 1738 2045 obses-

289 2074 355 2104 sus,
380 2073 441 2106 per
465 2074 521 2095 eos
544 2074 609 2096 non
632 2062 764 2107 potuit3
788 2063 845 2097 sed
869 2061 1052 2096 Mediolani
1075 2060 1202 2096 occisus
1224 2058 1373 2100 interiit,
1397 2068 1517 2091 annum
1541 2067 1645 2100 agens
1666 2066 1738 2092 Lxl.

381 2107 595 2142 Valerianum
618 2108 753 2153 excepit
774 2108 961 2149 Gallienus,
985 2107 1042 2152 qui
1066 2111 1102 2141 et
1118 2106 1331 2144 Licinianus3
1353 2103 1410 2148 qui
1432 2101 1614 2147 imperavit
1635 2112 1739 2136 annos

291 2164 363 2189 xxv.
410 2154 500 2188 Erat
522 2153 579 2187 hic
601 2158 734 2187 statura
754 2155 865 2198 justa,
889 2157 1053 2195 strenuus,
1077 2152 1186 2196 niger,
1211 2149 1346 2194 crispus,
1373 2149 1479 2182 barba
1501 2147 1654 2192 bispida,
1676 2158 1740 2181 na·-

288 2211 326 2233 so
351 2198 521 2244 eleganti,
544 2198 650 2232 oculis
672 2200 874 2242 grandibus,
898 2200 1142 2243 magnanimus:
1182 2197 1335 2230 Venetae
1358 2198 1469 2228 autem
1490 2192 1646 2227 Factioni
1668 2196 1740 2227 stu-

289 2245 404 2279 debat.
450 2244 537 2286 Hic,
572 2243 713 2288 imperio
737 2250 914 2289 suscepto,
945 2245 981 2278 in
1003 2245 1124 2278 Persas
1147 2253 1239 2276 arma
1260 2239 1385 2280 movit3
1420 2238 1559 2283 injurias
1581 2236 1740 2273 Romanis

289 2291 402 2325 illatas
425 2290 565 2323 ulturus.
614 2289 762 2323 Urbibus
797 2295 906 2324 autem
938 2291 981 2324 ab
1016 2289 1062 2324 eis
1093 2286 1247 2333 spoliatis
1281 2284 1475 2329 civibusque
1504 2282 1738 2328 superstitibus

290 2336 435 2380 plurima
458 2334 599 2379 largitus
624 2339 694 2375 est3
719 2345 872 2379 quaeque
894 2335 1025 2380 ignibus
1048 2335 1226 2378 absumpta
1247 2332 1406 2371 fuerant,
1428 2328 1651 2369 instauravit3
1675 2327 1740 2362 tri-

290 2381 381 2415 butis
404 2380 504 2414 etiam
526 2380 563 2413 in
585 2379 836 2425 quadriennium
866 2381 1031 2416 allevatis.
1077 2378 1255 2423 Templum
1277 2387 1410 2421 quoque
1444 2375 1559 2419 ingens
1583 2374 1740 2408 Emessae

291 2426 456 2461 extruxit.
502 2426 637 2460 Praelio
669 2430 779 2459 autem
802 2437 875 2459 cum
898 2426 1008 2460 Persis
1033 2425 1223 2464 commisso,
1258 2421 1391 2468 plurimi
1420 2422 1580 2464 utrinque
1605 2418 1757 2453 cecide·.

291 2476 382 2513 runt,
406 2471 524 2516 itaque
548 2471 634 2505 datis
655 2470 797 2505 invicem
820 2470 912 2515 pacis
934 2470 1189 2510 conditionibus,
1212 2469 1399 2513 Imperator
1420 2466 1500 2500 inde
1522 2466 1558 2500 in
1581 2464 1740 2499 Arabiam

291 2517 386 2551 ducit
408 2517 486 2550 iter.
533 2517 603 2551 Ubi
627 2528 699 2551 cum
722 2517 868 2558 mintho,
893 2517 1119 2550 Barbarorum
1139 2516 1384 2548 Saracenorum
1405 2523 1500 2556 rege,
1524 2510 1653 2557 praelio
1673 2509 1740 2544 ini-

291 2567 351 2604 to,
385 2562 491 2607 ipsum
515 2562 704 2604 interfecit,
737 2569 840 2606 atque
862 2562 1022 2595 Arabiam
1053 2560 1246 2607 occupavit.
1288 2559 1427 2592 Romam
1452 2562 1565 2593 autem
1585 2566 1739 2591 reversus

291 2620 335 2643 ex
356 2609 472 2642 morbo
497 2608 646 2650 interiit,
680 2619 799 2642 annum
822 2619 924 2651 agens
947 2618 981 2641 L.

383 2654 466 2687 Post
498 2654 692 2688 Gallienum
725 2653 930 2687 Licinianum
959 2651 1139 2698 imperavit
1162 2649 1321 2684 Claudius
1344 2648 1540 2694 Apollianus
1563 2658 1667 2682 annos
1688 2657 1738 2680 rx·

293 2699 383 2733 Erat
405 2704 517 2733 autem
539 2704 671 2733 statura
689 2700 812 2743 justam
833 2703 1034 2744 superante,
1070 2696 1249 2738 candidus,
1281 2699 1475 2735 ventrosus,
1511 2693 1604 2728 crine
1627 2693 1740 2737 plano,

292 2744 387 2778 vultu
411 2745 537 2789 patulo,
561 2745 732 2786 subsimus,
755 2744 956 2786 subcaesius‚
977 2743 1159 2784 subflavus,
1182 2753 1241 2776 ore
1263 2741 1412 2782 detorto,
1435 2740 1644 2786 aliquantum
1666 2736 1740 2771 bal-

297 2790 369 2831 bus,
393 2791 702 2835 magnanimusque:
737 2791 898 2825 Prasinae
919 2793 1027 2824 autem
1051 2787 1205 2823 Factioni
1227 2788 1380 2821 favebat.

387 2836 496 2880 Hujus
516 2837 577 2871 sub
600 2835 740 2882 imperio
773 2835 993 2878 Nicomedia,
1027 2833 1209 2880 Bithyniae
1232 2831 1451 2879 Metropolis,
1489 2829 1636 2866 divinam
1655 2827 1739 2862 iram
