1838 3230
683 105 983 186 EP1sT0LA.
1005 122 1007 124 ’
1471 147 1571 198 753

102 255 281 297 vantium
299 256 467 310 plausus
483 256 658 298 secundo
678 272 839 298 rumore
858 257 1050 311 ingredi?
1081 260 1143 299 Tu
1169 272 1285 306 vero,
1319 267 1365 299 ut
1388 261 1586 313 polliceri·

101 313 156 354 de
173 319 213 354 te
229 327 416 367 possum,
443 316 564 354 facies
593 314 637 353 id
665 315 827 363 sedulo3
856 317 1095 368 simulatque
1127 317 1248 356 exibit
1276 317 1433 357 Novum
1459 325 1572 358 tuum

101 370 418 421 Testamentum,
445 371 527 425 jam
541 371 627 411 sere
657 371 709 410 ad
730 372 964 413 umbilicum
989 386 1116 425 usque
1140 374 1394 426 perductum:
1426 375 1570 426 quoin

102 439 246 479 opem,
274 428 350 466 nisi
370 441 535 468 vererer
554 441 687 467 coram
708 428 751 466 in
772 443 817 467 os
842 435 880 468 te
901 430 1085 479 laudare,
1116 429 1289 469 dicerem
1312 444 1431 482 quam
1449 432 1569 483 longo

99 483 311 524 intervallo
331 484 513 524 aliorum
544 485 720 523 omnium
743 487 787 523 in
817 499 864 524 eo
887 499 1028 537 genere
1048 487 1202 526 labores
1227 494 1320 539 post
1338 494 1378 527 te
1395 488 1569 540 relique-

99 539 171 581 ris.
227 542 286 581 Ea
308 541 523 594 Typorum
543 541 734 592 elegantia
760 547 820 580 est
848 549 887 581 et
915 543 1227 594 magnificentia3
1264 557 1307 582 ea
1331 543 1372 582 in
1391 543 1568 584 Annota-

98 597 276 637 tionibus
300 598 474 638 eruditio
503 597 650 647 elucet,
678 599 720 636 in
750 598 878 637 Variis
900 599 1150 639 Lectionibus
1172 599 1389 639 industria·
1419 602 1568 667 quippe

100 651 246 694 etenim
289 653 340 692 ad
379 668 464 694 eam
501 654 656 706 copiam
691 656 1000 707 comparandam
1040 658 1169 695 onmia
1200 659 1239 695 S
1277 658 1440 696 Patrum
1475 659 1569 698 scri-

27 709 33 712 ’
99 717 193 776 pta,
232 724 366 751 omnes
393 711 578 777 antiquas
610 711 844 758 Versiones‚
886 718 925 751 et
961 712 1154 752 infinitam
1185 714 1267 753 vim
1302 713 1426 753 codd.
1458 714 1567 754 MSS.

100 767 258 806 curiose
287 768 506 807 excussisti.
573 768 786 807 Enimvero
817 767 915 807 mihi
939 769 1186 808 stomachum
1212 770 1379 809 subinde
1405 778 1569 810 movent

98 823 274 876 imperiti
289 824 449 876 quidam
467 824 648 864 homines
664 831 704 864 et
721 825 832 864 nullo
855 839 930 864 usu
947 826 1143 865 bonarum
1160 827 1366 865 literarum
1386 827 1570 879 praediti,

101 881 172 933 qui
191 895 345 920 omnem
369 895 552 933 operam,
583 895 685 934 quae
708 881 750 920 in
776 882 897 920 variis
915 882 1154 923 lectionibus
1177 884 1406 936 colligendis
1422 884 1571 936 impen-

98 937 230 987 ditur,
270 944 338 976 aut
365 938 547 977 inutilem
582 951 666 978 esse
700 938 924 977 existimant
962 946 1031 979 aut
1067 940 1263 979 Ecclesiae
1294 941 1571 993 periculosam.

97 994 248 1034 Eorum
270 1008 342 1046 ego
359 1007 578 1044 sermoneS,
609 1009 833 1047 quanquam
862 995 1016 1047 indigni
1043 1003 1136 1035 sunt
1167 1011 1335 1048 quorum
1361 997 1440 1036 ulla
1466 998 1570 1036 ratio

98 1049 316 1101 habeatur,
345 1064 428 1090 uno
447 1051 490 1090 in
511 1052 731 1103 praesentia
758 1053 940 1105 exemplo
956 1053 1186 1093 retundam:
1216 1067 1294 1105 quo
1315 1054 1571 1106 perspicuum

99 1107 176 1146 erit
195 1109 345 1147 minuta
371 1107 566 1160 quaedam
589 1115 628 1147 et
654 1109 782 1161 prima
811 1109 949 1161 utique
979 1111 1108 1162 specie
1126 1109 1325 1149 levissima
1351 1124 1468 1163 posse
1485 1124 1571 1149 ma-

84 1174 195 1216 ·gnas
215 1163 471 1204 difficultates
497 1165 701 1217 expedire.
760 1166 891 1204 Locus
919 1172 978 1205 est
998 1168 1176 1220 Cap.1v.
1206 1168 1248 1205 in
1279 1168 1352 1219 Ep.
1378 1167 1429 1206 ad
1451 1167 1570 1205 Gala-

97 1227 186 1272 tas,
216 1220 284 1273 qui
309 1222 358 1260 ab
377 1221 539 1260 ineunte
556 1223 640 1261 fere
663 1220 962 1262 Christianismo
985 1236 1112 1275 usque
1141 1223 1192 1262 ad
1212 1222 1316 1262 hanc
1337 1225 1569 1262 memoriam

97 1252 351 1317 doc’tiasimos
368 1279 474 1318 viros
499 1278 688 1320 exercuit.
748 1283 815 1322 22.
855 1278 1076 1333 Γέγραπται
1102 1277 1176 1332 γάρ
1209 1276 1271 1319 ότι
1291 1277 1464 1333 Αβραοὲμ
1490 1277 1568 1321 δύο

95 1332 216 1384 νὶους
245 1334 376 1386 ἔσχεν·
425 1334 496 1375 ἕνα
524 1335 567 1375 ἐκ
601 1337 685 1386 τῆς
702 1336 934 1386 παιδίσκης,
962 1335 1040 1375 καὶ
1069 1334 1139 1375 ἕνα
1169 1335 1213 1376 ἐκ
1236 1338 1310 1387 τῆς
1341 1336 1566 1389 ἐλευθέρας,

96 1392 168 1434 28.
196 1387 300 1431 ..ἀλλ’
324 1389 351 1432 ὅ
381 1388 456 1442 μὲν
483 1390 528 1430 ἐκ
557 1392 629 1441 τῆς
655 1391 889 1442 παιδίσκης,
919 1406 1019 1431 κατα
1049 1404 1175 1444 σαρκα
1202 1391 1450 1458 γεγέννηται·
1480 1408 1501 1433 ο
1525 1391 1569 1433 δὲ

95 1447 142 1488 ἐκ
169 1449 243 1516 τῆς
267 1445 507 1498 ἐλευθέρας,
536 1444 604 1486 dui
631 1449 703 1498 τῆς
728 1446 973 1499 ἐπαγγελίας.
1036 1448 1105 1490 24
1143 1445 1272 1488 Ατινά
1307 1448 1414 1491 ἔστιν
1451 1444 1568 1501 ἄλλη-

95 1499 344 1558 γορούμενα·
374 1499 493 1543 αὗται
508 1518 584 1556 γαρ
605 1502 706 1542 εἰσιν
729 1503 775 1542 αἴ
793 1500 869 1543 δύο
889 1504 1109 1556 διαθῆκαι·
1139 1505 1224 1557 μία
1236 1502 1309 1556 μὲν
1337 1500 1417 1545 dub
1447 1503 1567 1559 ὄρους

99 1563 218 1610 Σινᾶ,
247 1560 304 1608 εἰς
324 1560 510 1600 δουλείαν
536 1561 729 1613 γεννῶσα,
757 1556 846 1611 ἥτις
866 1559 974 1600 ἐστὶν
995 1565 1119 1614 Λγαρ.
1178 1558 1370 1603 25.Τό
1358 1577 1434 1615 γαρ
1452 1566 1567 1631 Αγαρ
1584 1573 1592 1586 “

97 1619 206 1657 Σινᾶ
235 1631 329 1683 ορος
362 1615 469 1656 ἐστὶν
493 1615 536 1656 ἐν
566 1618 616 1671 τῇ
636 1617 816 1671 Αραβία,
829 1621 1043 1684 συστοιχεῐ
1061 1615 1105 1656 δὲ
1136 1619 1187 1687 τῇ
1205 1632 1283 1657 vvv
1307 1616 1566 1670 Ιερουσαλῆμ,

98 1669 284 1714 δουλεύει
312 1669 355 1712 δὲ
387 1687 494 1739 μετα
508 1687 589 1712 των
615 1671 765 1712 τέκνων
788 1668 921 1723 αὐτῆς.
979 1676 1046 1716 26.
1077 1676 1125 1712 H
1146 1660 1190 1713 δὲ
1213 1671 1298 1714 α’νω
1318 1673 1568 1728 Ιερουσαλημ.

99 1729 293 1783 ἐλευθέρα
310 1727 437 1779 ἐστὶν,
466 1724 554 1779 ἥτις
570 1727 652 1769 ἐστὶ
672 1725 802 1781 μήτηρ
821 1726 998 1769 πάντων
1003 1729 1133 1782 ἡμῶν.
1190 1729 1349 1768 Memini
1371 1732 1565 1783 equidem,

98 1786 223 1836 Milli,
252 1799 314 1824 me
342 1798 423 1823 non
451 1785 521 1823 ita
540 1784 692 1836 pridem
725 1800 747 1823 a
777 1791 816 1823 te
840 1792 1045 1836 rogatum,
1085 1793 1130 1825 ut
1156 1785 1205 1824 de
1231 1787 1459 1838 perdifficili
1488 1787 1565 1827 hoc

97 1843 190 1882 loco
208 1841 402 1895 judicium
425 1854 556 1880 meum
583 1845 893 1893 interponerem,
929 1841 1182 1882 veliementer
1207 1844 1448 1895 approbasse
1477 1858 1564 1884 sen-
1588 1843 1622 1877 V
1646 1841 1691 1879 47

97 1899 263 1940 tentiam
293 1905 425 1948 tuam,
456 1912 572 1950 quam
600 1899 642 1936 in
673 1899 741 1936 illa
770 1905 837 1937 tua
866 1899 1052 1938 Editione
1074 1899 1260 1952 posuisti:
1299 1902 1436 1953 Neque
1459 1902 1563 1941 enim

99 1956 270 1996 eundem
289 1956 461 1994 montem
491 1961 530 1994 et
552 1955 721 2006 Agarem
745 1961 929 1994 vocatum
955 1970 1039 1995 esse
1067 1963 1105 1995 et
1132 1957 1283 2007 Sinam,
1303 1968 1441 2009 *neque
1466 1971 1562 1997 vero

98 2014 227 2053 ullum
257 2025 427 2064 usquam
455 2012 630 2063 gentium
649 2025 708 2055 ‚eo
739 2013 897 2051 nomine
924 2019 1102 2052 notatum
1136 2027 1238 2063 esse,
1279 2027 1406 2067 neque
1437 2029 1562 2067 porro

100 2071 266 2122 Agarem
287 2082 443 2108 servam
474 2068 538 2118 (si
562 2068 612 2107 de
631 2083 744 2107 serva
761 2069 872 2107 malit
891 2070 1108 2123 quispiam,
1139 2083 1256 2122 quam
1278 2070 1328 2109 de
1347 2078 1479 2110 monte
1500 2086 1562 2110 ac·
1587 2080 1620 2114 Ο
1644 2081 1691 2116 97

97 2125 254 2180 cipere)
282 2126 325 2164 in
351 2125 484 2164 eadem
516 2125 715 2175 Allegoria
747 2132 784 2164 et
815 2126 937 2164 Monti
965 2126 1208 2178 respondere
1235 2141 1371 2179 posse,
1405 2134 1443 2166 et
1468 2129 1562 2179 Legi

98 2197 201 2236 quae
230 2196 281 2222 ex
308 2188 440 2221 monte
471 2182 722 2235 promulgata
753 2189 832 2221 est:
873 2189 990 2236 atque
1020 2183 1083 2222 his
1109 2183 1159 2222 de
1187 2185 1316 2222 causis
1341 2184 1381 2222 in
1405 2184 1561 2223 diversa

95 2240 262 2280 consilia
280 2240 380 2278 itum
403 2253 486 2278 esse
509 2239 556 2278 ab
576 2240 770 2290 antiquis,
801 2253 969 2291 quorum
999 2241 1066 2279 alii
1092 2243 1219 2290 Σινᾶ,
1251 2241 1320 2279 sed
1338 2241 1473 2292 plures
1510 2239 1562 2283 Τὸ

96 2313 175 2352 γαρ
194 2301 307 2351 Λγαρ
330 2310 350 2335 e
366 2296 479 2335 libris
499 2296 765 2334 sustulerunt:
798 2310 897 2347 quae
928 2303 1060 2336 autem
1083 2303 1217 2335 nostra
1240 2303 1277 2335 et
1294 2303 1452 2348 patrum
1477 2311 1560 2335 me·-

99 2353 225 2393 moria
255 2353 333 2393 viri
360 2353 491 2403 magni
521 2353 774 2392 commentati
802 2359 914 2403 sunt,
944 2360 1097 2392 tantum
1124 2354 1258 2391 abesse
1281 2360 1324 2391 ut
1344 2354 1476 2392 locum
1500 2355 1558 2392 sa-

97 2410 207 2449 ciant
241 2410 559 2475 explicatiorem,
609 2416 653 2448 ut
690 2410 803 2448 novis
839 2410 956 2449 etiam
996 2409 1304 2448 obscuritatibus
1339 2410 1558 2451 involvant.

101 2466 191 2515 Qua
212 2467 371 2518 quidem
402 2467 631 2515 occasione,
662 2480 712 2504 ne
743 2467 901 2505 omnino
931 2463 1158 2520 ἀσύμβολος
1179 2479 1323 2515 essem,
1355 2466 1560 2518 conjectu-

98 2537 204 2572 ram,
234 2529 280 2562 ut
303 2523 402 2573 scis,
432 2519 738 2575 extemporalem
769 2524 810 2562 in
840 2523 1014 2562 medium
1043 2522 1182 2572 attuli,
1214 2535 1312 2573 quae
1335 2523 1450 2560 etiam
1471 2529 1557 2561 tum

98 2580 184 2619 visa
209 2585 268 2617 est
288 2580 338 2618 ad
358 2581 562 2619 veritatem
581 2581 762 2631 proxime
785 2581 983 2619 accedere.
1040 2579 1200 2617 Scilicet
1227 2592 1247 2617 e
1264 2578 1422 2629 regione
1445 2579 1559 2618 verbi

100 2637 207 2676 Σινα
232 2635 440 2675 adnotasse
477 2637 570 2675 olim
602 2637 824 2688 quempiam
865 2635 1120 2675 enarrationis
1153 2648 1295 2685 causa,
1334 2638 1439 2675 Σινᾶ
1465 2633 1560 2688 ὅρος

99 2691 244 2733 ἐστὶν’
227 2707 269 2732 εν
290 2695 343 2748 τῇ
362 2695 542 2749 Αραβία,
574 2692 675 2732 Sina
704 2695 795 2743 iste,
826 2708 936 2747 quem
964 2701 1152 2730 memorat
1177 2689 1417 2743 Apostolus,
1446 2706 1560 2730 mons

99 2747 280 2787 Arabiae
298 2759 374 2799 est3
403 2763 448 2788 ea
469 2756 598 2788 autem
620 2750 742 2788 verba
762 2764 842 2788 non
862 2750 989 2787 multo
1009 2754 1114 2800 post,
1144 2755 1189 2786 ut
1206 2761 1322 2798 saepe
1346 2761 1421 2786 usu
1438 2748 1558 2792 venit,

89 2804 150 2842 ·de
175 2804 269 2842 libri
295 2780 469 2855 mai-gine
494 2806 538 2845 in
571 2807 792 2847 orationem
827 2806 955 2858 ipsam
983 2803 1208 2858 irrepsisse:
1247 2817 1340 2842 nam
1376 2804 1560 2857 Apostoli

154 2866 301 2901 loannes
334 2867 502 2902 Matalas.
1230 2860 1284 2903 48
