1838 3230
256 188 356 235 278
653 178 945 226 IOANNIS
973 181 1316 225 MALALAE

259 298 459 357 δημόσιον
489 295 662 356 λουτρὸν
691 301 759 343 καὶ
791 297 947 356 ἀγωγὸν
967 298 1025 342 ἐπ’
1049 299 1180 356 ὄνομα
1199 298 1351 354 αὑτοῦ,
1385 300 1518 345 καὶτὸ
1540 299 1719 359 θέατρον

212 383 243 418 c
265 374 347 412 τῶν
380 373 519 425 πηγῶν
548 366 723 424 Δάφνης
749 366 875 417 αὐτὸς
902 368 1062 424 ἐποίησε
1095 371 1161 412 καὶ
1190 368 1244 412 τὰ
1272 366 1486 424 ἐκχεόμενοι
1511 368 1646 413 ὕδατα
1670 370 1721 414 ,ἓν

267 443 359 487 ταῖς
374 437 550 493 Ἀγριάις
570 443 660 485 ταῖς
691 435 919 491 λεγομέναις
949 435 1147 494 φάραγξιν
1172 435 1422 494 ὑπέστρεψε,
1457 435 1631 494 ποιήσας
1650 438 1722 480 πί-

271 510 346 555 λας
363 507 427 548 καὶ
446 502 719 559 οἷκοδομήσας
732 504 897 560 στερεᾶς
914 506 980 547 καὶ
997 503 1361 561 πολυδαπανήτους
1378 505 1480 563 πρὸς
1497 505 1555 549 τὸ·
1563 509 1723 562 νικῆσαι

270 573 346 623 τὰς
364 571 493 630 ὁρμὰς
511 576 592 615 τῶν
608 570 771 615 ὖδάτων
792 573 859 615 καὶ
878 572 947 615 διὰ
966 577 1040 616 τοῦ
1064 574 1274 629 γενομένου
1297 573 1391 630 παρ’
1416 573 1544 617 αὐτοῦ
1563 574 1722 630 ἀγωγοῦ
1733 582 1756 618 5

273 641 454 696 ἀχθῆναι
484 642 540 690 εἷς
569 640 643 695 τὴν
672 640 799 695 αὐτὴν
817 639 1025 696 Ἀντιόχου
1052 640 1168 685 πόλιν
1199 643 1254 692 εἷς
1279 642 1428 698 ἄφνίαν
1455 646 1528 697 τῆς
1554 639 1722 692 πόλεως.

274 707 402 751 ἴκτισε
419 709 464 750 ’δὲ
481 710 548 752 καὶ
565 708 636 751 τὸν
653 708 751 751 ναὸν
774 712 856 752 τῶν
875 708 1011 752 αὐτῶν
1029 714 1181 765 πηγῶν,
1203 708 1303 752 ὅθεν
1324 710 1551 766 ἐξέρχονται
1568 709 1620 752 τὰ
1641 708 1726 767 ῥεῖ’-

275 780 365 833 θρα
387 777 429 819 ἓν
458 781 510 833 τῇ
540 777 643 834 αὐτῇ
663 774 842 833 Δάφνῃ,
879 778 1030 834 ἐγείρας
1049 779 1090 820 ἓν
1118 782 1175 836 τῷ
1194 777 1305 836 αὐτῷ
1325 782 1410 836 ναῷ
1437 782 1518 820 τῶν
1535 781 1726 835 Νυμφῶν

276 843 442 899 ἄγαλμα
464 844 567 900 μέγα
594 843 828 899 καθήμενον
856 847 922 887 καὶ
947 850 1124 902 κρατοῦν
1140 850 1276 888 πῶλον
1304 850 1378 889 τοῦ
1399 845 1502 896 Διὸς
1524 847 1580 895 εἷς
1605 844 1726 900 τιμὴν

275 917 358 955 τῶν
378 911 590 965 Ναϊάδων,
628 912 690 956 ὅτι
712 914 911 956 ἐτελείωσε
930 913 978 956 τὸ
999 918 1159 957 τοιοῦτο
1180 913 1356 971 φοβερὸν
1376 913 1506 970 ἔργον,
1535 911 1637 970 ὖπὲρ
1659 912 1726 956 εὖ-
1738 920 1784 955 10

274 981 501 1036 χαριστιάς.
570 982 730 1037 ἐποίησε
751 982 796 1023 δὲ
815 983 881 1024 καὶ
901 981 948 1024 τὸ
969 980 1116 1036 βλύζον
1135 980 1247 1039 ὕδωρ
1266 986 1339 1037 τῆς
1356 981 1568 1038 λεγομένης
1586 985 1729 1038 Σαρα-

278 1046 437 1102 μάννας
459 1052 590 1104 πηγῆς
619 1049 674 1092 δι’
709 1047 828 1091 ὁλκοῦ
856 1049 995 1100 ἐξιέναι
1015 1051 1082 1093 καὶ
1113 1051 1319 1105 ἔκχεΐσθαι
1340 1051 1396 1099 εἲς
1415 1049 1542 1092 αὐτὸν
1565 1049 1636 1092 τὸν
1655 1053 1728 1104 τῆς

229 1130 261 1165 1)
283 1120 414 1171 πηγῆς
433 1114 550 1159 ὃλκόν
567 1118 608 1159 ἐν
625 1122 683 1175 τῷ
700 1119 919 1176 θεατριδίῳ
937 1117 983 1160 τὸ
1002 1119 1044 1160 ἐκ
1062 1122 1135 1161 τοῦ
1152 1122 1253 1161 ναοῦ
1272 1117 1374 1168 ἐξιὸν
1390 1116 1502 1174 ὕδωρ
1521 1117 1564 1160 ἓν
1581 1115 1731 1174 διαφό-

283 1201 369 1240 ροις
390 1183 560 1238 χεύμασι
580 1183 624 1238 ε’,
660 1184 760 1241 ἅπερ
783 1184 964 1228 ἐκάλεσεν
995 1184 1016 1228 ὅ
1048 1185 1170 1236 αὐτὸς
1204 1183 1494 1240 πενταμόὸιον,
1529 1182 1732 1242 τετραμό-

141 1259 174 1293 0
197 1259 267 1297 364
290 1254 399 1304 ὄιον,
446 1251 677 1308 τριμόδιον,
725 1252 929 1307 ὃιμόδιον,
975 1252 1129 1307 μόδιον.
1199 1255 1266 1296 καὶ
1302 1253 1524 1296 ἐπετέλεσεν
1554 1251 1575 1296 ὅ
1608 1252 1732 1303 αὐτὸς
1743 1260 1785 1297 15
1828 1298 1831 1301 ⁴

275 1319 487 1372 ,Ἀδριανὸς
507 1319 651 1376 ἑορτὴν
667 1326 747 1363 τῶν
773 1326 909 1376 πηγῶν
927 1324 1022 1376 μηνὶ
1043 1322 1185 1378 δαισίῳ
1204 1325 1261 1379 τῷ
1282 1323 1346 1364 καὶ
1367 1323 1504 1380 ἴουνίῳ
1522 1319 1594 1376 κγ’.
1665 1322 1733 1364 καὶ

282 1387 358 1437 ‘cclcc
391 1390 543 1438 θυσίας
576 1390 621 1431 δὲ
647 1387 841 1438 ὡσαύτως
871 1391 1068 1443 γίνεσθαι.
1136 1388 1208 1443 τὴν
1241 1390 1285 1431 δὲ
1317 1389 1448 1444 πηγὴν
1480 1389 1554 1444 τὴν
1583 1390 1638 1438 εἷς
1658 1389 1732 1438 τὰς

275 1455 437 1511 Ἀγρίοις
457 1456 529 1510 τὴν
548 1458 761 1511 λεγομένην
778 1454 1000 1505 Παλλάδος
1018 1456 1297 1511 ἀπολλυμένην
1317 1458 1576 1513 περισφίγξας
1595 1457 1733 1512 ἐποίη-

282 1539 352 1565 σεν
373 1523 528 1578 ἀγωγὸν
549 1526 604 1573 εἷς
618 1523 847 1579 μετάληψιν
865 1531 950 1573 τοῖς
969 1527 1122 1566 οἰκοῦσι
1140 1524 1213 1579 τὴν
1234 1524 1344 1580 ἱερὰν
1361 1522 1550 1580 Δάφνην.

384 1589 432 1633 Ὁ
453 1592 498 1633 δὲ
519 1591 641 1641 αὐτὸς
665 1591 875 1648 Ἀδριανὸς
894 1592 1084 1645 βασιλεὺς
1103 1592 1181 1648 πρὸ
1205 1597 1278 1634 τοῦ
1301 1596 1538 1645 βασιλεῦσαι
1558 1587 1609 1647 ἦν
1629 1591 1732 1645 μετὰ
1743 1601 1789 1634 20

289 1663 500 1714 Τραϊανοῦ
523 1663 596 1702 τοῦ
615 1660 838 1713 βασιλέως,
868 1658 921 1709 ὥς
942 1659 1124 1716 γαμβρὸς
1145 1659 1286 1713 αὐτοῦ,
1317 1659 1383 1703 ὅτε
1402 1659 1554 1703 ἔπαθεν
1577 1657 1603 1714 ἦ
1631 1659 1734 1714 αὐτὴ

282 1724 487 1781 Ἀντιόχου
518 1725 633 1776 πόλις
659 1726 685 1782 ἢ
717 1726 869 1783 μεγάλη
893 1725 969 1769 ὖπό
991 1732 1062 1782 τῆς
1080 1729 1326 1783 θεομηνίας,
1361 1725 1452 1770 τότε
1476 1727 1737 1783 συγκλητικὸς

287 1792 495 1851 ὑπάρχων.
564 1791 670 1850 ἦσαν
699 1796 743 1838 δὲ
767 1797 834 1838 καὶ
861 1797 1003 1837 πολλοὶ
1030 1797 1280 1852 συγκλητικοὶ
1302 1795 1381 1839 ἀπὸ
1394 1793 1551 1851 Ῥώμης
1566 1794 1677 1845 ὄντες
1695 1795 1736 1837 ἓν

378 1891 434 1925 16.
456 1890 576 1937 Δεσίῳ
600 1891 665 1925 Ox.
758 1892 814 1928 18.
838 1889 1033 1934 Παλλάδος
1055 1891 1120 1927 ch.
1134 1917 1145 1935 ,
1169 1889 1342 1934 Παλάδος
1365 1892 1434 1927 Ox.

286 1979 427 2011 magnae
442 1968 603 2003 Balneum
618 1970 785 2015 publicum
802 1974 837 2004 et
853 1970 1129 2015 Aquaeductum3
1154 1981 1175 2004 a.
1196 1969 1328 2005 nomine
1350 1981 1410 2005 suo
1432 1972 1588 2006 vocatum
1605 1972 1736 2004 utrum-

288 2024 367 2057 que.
425 2014 611 2048 Theatrum
645 2027 778 2060 quoque
800 2016 959 2060 Daphnes
990 2016 1035 2049 ad
1065 2017 1175 2050 fontes
1209 2015 1337 2057 erexit3
1383 2021 1419 2051 et
1441 2027 1544 2060 aquas
1570 2015 1649 2049 inde
1672 2026 1736 2060 per

288 2057 414 2103 Agrias
437 2069 518 2102 quas
539 2065 661 2094 vocant
683 2062 878 2106 Pharanges
900 2062 1087 2096 defluentes
1110 2061 1268 2102 divertit,
1299 2061 1376 2106 pilis
1397 2062 1434 2095 in
1454 2065 1580 2095 terram
1603 2060 1736 2102 defixis,

288 2105 408 2148 eisque
429 2103 573 2138 firmiter
594 2105 747 2150 impactis
769 2113 806 2141 et
826 2107 1064 2152 sumptuosiori
1087 2118 1192 2152 opere
1213 2106 1379 2150 aggestis3
1421 2106 1471 2140 uti
1493 2117 1654 2150 aquarum
1675 2106 1737 2139 de-

291 2148 494 2183 currentium
516 2149 583 2182 vim
614 2152 818 2195 repellerent
849 2159 885 2186 et
907 2152 1103 2187 affluentem
1134 2163 1296 2195 aquarum
1319 2150 1448 2195 copiam
1477 2162 1540 2195 per
1563 2150 1737 2195 aquaedu-

289 2199 398 2236 ctum,
423 2194 515 2229 urbis
537 2195 572 2227 in
596 2206 687 2229 usum
713 2197 921 2234 diducerent.
968 2198 1122 2232 Fontium
1145 2196 1244 2230 etiam
1268 2196 1395 2230 Fanum
1417 2197 1453 2230 in
1475 2195 1638 2240 Daphne,
1673 2207 1737 2230 un-

291 2240 337 2273 de
359 2251 468 2284 aquae
490 2240 694 2281 scaturiunt,
719 2244 887 2277 extruxit:
913 2254 978 2288 quo
1004 2243 1119 2277 eodem
1135 2242 1226 2286 Nym
1252 2242 1370 2275 harum
1389 2241 1481 2275 Fano
1504 2241 1737 2275 simulachrum

290 2285 428 2329 ingens,
464 2285 581 2319 sedens
604 2289 640 2319 et
660 2285 753 2320 Jovis
775 2287 886 2321 alitem
910 2299 1007 2322 manu
1030 2294 1166 2328 tenens,
1189 2285 1384 2328 colocavit3
1426 2286 1594 2321 Naiadum
1617 2298 1738 2331 nempe

290 2329 325 2364 in
350 2332 519 2372 honorem,
543 2334 723 2375 gratesque
745 2333 951 2375 persolvens,
975 2334 1018 2367 ob
1040 2332 1236 2378 stupendum
1260 2333 1324 2365 hoc
1346 2343 1430 2376 opus
1449 2331 1491 2365 ad
1515 2332 1639 2365 exitum
1657 2342 1739 2376 per-

290 2375 439 2409 ductum.
486 2375 731 2420 Scaturiginem
755 2388 887 2422 quoque
909 2378 1012 2412 fontis
1035 2376 1231 2412 Saramen‘ni
1259 2387 1321 2421 per
1343 2377 1490 2411 canalem
1514 2375 1549 2410 in
1572 2376 1739 2411 Theatri-

290 2420 383 2454 dium
405 2420 550 2455 transire
571 2421 673 2462 fecit3
697 2433 762 2466 quo
786 2426 822 2455 et
843 2434 956 2466 aquas,
982 2434 1023 2457 ex
1041 2424 1135 2457 Fano
1158 2422 1375 2463 dimanantes,
1399 2433 1461 2466 per
1485 2426 1611 2455 meatus
1627 2433 1660 2456 v.
1685 2422 1740 2456 di-

291 2477 427 2508 versos,
451 2465 613 2507 deduxit,
637 2466 755 2511 quibus
779 2466 910 2501 nomina
932 2468 1045 2509 dedit,
1070 2466 1342 2508 Pentamodium‚
1366 2466 1632 2508 Tetramodium‚
1656 2467 1740 2501 'rri-

290 2511 455 2553 modium,
486 2511 694 2552 Dimodium‚
727 2512 891 2547 Modium.
947 2513 1112 2547 Adrianus
1144 2512 1244 2546 etiam
1267 2512 1430 2546 Fontibus
1461 2513 1582 2546 festum
1604 2523 1740 2558 quoque

292 2556 379 2590 diem
403 2557 568 2598 instituit,
601 2556 695 2591 Desii
717 2557 788 2591 sive
809 2557 899 2591 Junii
923 2568 1027 2598 xxm,
1058 2557 1229 2591 sacrificiis
1251 2556 1318 2590 rite
1349 2557 1592 2592 celebrandum.
1645 2557 1738 2591 Fon—

292 2607 359 2635 tem
383 2613 466 2636 vero
492 2603 549 2647 qui
573 2602 608 2635 in
631 2603 743 2646 Agriis
766 2607 835 2643 est,
860 2602 1007 2636 Palladis
1031 2603 1176 2643 (lictum,
1198 2602 1366 2636 ruinosum
1388 2603 1522 2644 fanum,
1545 2606 1642 2647 septo
1665 2613 1739 2637 mu·-

291 2647 396 2687 niens,
421 2647 673 2691 Aquaeductum
695 2648 791 2689 feeit,
814 2647 850 2681 in
874 2658 967 2682 usum
990 2659 1115 2681 sacram
1139 2647 1312 2691 Daphnem
1334 2647 1558 2682 incolentium.

382 2693 546 2726 Adrianus
580 2699 690 2727 autem
722 2694 928 2738 Imperator,
970 2692 1047 2726 dum
1077 2692 1228 2737 privatus
1261 2692 1371 2727 adhuc
1403 2698 1490 2727 esset
1521 2696 1556 2726 et
1578 2693 1736 2733 Senator,

293 2748 366 2770 cum
390 2738 542 2781 Trajano
566 2737 794 2783 Imperatore,
818 2739 936 2783 (cujus
959 2749 1078 2783 nempe
1100 2748 1205 2781 gener
1227 2739 1346 2782 erat,)
1375 2737 1576 2773 Antiochiae
1598 2747 1738 2781 magnae

291 2783 577 2822 commorabatur,
618 2795 684 2828 quo
707 2787 860 2829 tempore
893 2784 972 2818 urbs
994 2782 1078 2817 iram
1109 2782 1255 2817 divinam
1286 2794 1382 2827 passa
1403 2787 1463 2819 est.
1524 2782 1614 2823 Quin
1637 2787 1673 2816 et
1694 2791 1737 2814 ex

290 2825 514 2863 senatoribus
546 2828 703 2865 Romanis
727 2830 786 2865 alii
809 2829 908 2866 etiam
940 2828 1074 2876 plurimi
1097 2828 1215 2865 eodem
1245 2828 1396 2876 tempore
1429 2828 1630 2870 adhierunt3
1664 2826 1736 2873 qui,
