1838 3230
317 195 414 240 578
749 186 1206 232 ANNOTATIONES.

314 300 463 349 ὕπατος
491 299 661 354 ἔγένετοι
690 314 743 338 ex
769 315 927 353 qnorum
958 314 1110 339 numero
1139 309 1220 338 erat
1248 297 1357 339 Pedo
1397 298 1553 341 Consul.
1589 300 1643 342 Μ.
1668 313 1741 342 ιιι-

315 365 394 397 tem
421 358 597 395 Valerius
622 355 804 403 Messala,
854 362 892 394 et
920 356 962 395 C.
1001 355 1190 406 Popillius
1230 356 1328 394 Caro
1365 355 1483 394 Pedo
1511 357 1627 400 Coss..
1656 357 1742 396 sud-

315 419 407 453 runt
436 413 483 451 ad
513 425 653 450 annum
680 410 858 463 Trajani,
877 411 992 463 Imp.
1023 411 1300 462 penultimum,
1337 425 1477 464 nempe
1515 412 1637 451 Fastis
1665 413 1743 452 Ca·-

314 470 469 522 pitolin.
496 481 594 506 xv11.
638 467 804 504 Eusebio
833 479 949 516 vero,
990 472 1029 505 et
1065 466 1154 504 Chr.
1193 468 1303 505 Alex.
1343 467 1495 506 auctori
1520 481 1636 507 xviu.
1674 468 1743 520 qui

317 525 442 563 obiter
469 522 740 572 corrigendus.
776 517 964 569 Πὸδωνος
993 520 1092 560 enim
1120 522 1260 572 habet,
1294 536 1367 574 pro
1398 522 1607 571 Πέδωνος’
1636 523 1742 563 Haec

317 594 406 619 cum
435 580 488 616 ita
516 579 612 627 sint,
651 576 895 614 manifestum
924 582 980 615 est
1015 576 1110 614 haec
1137 579 1342 627 contigisse
1372 579 1422 616 ad
1450 590 1592 616 aunum
1619 578 1744 617 Acrae

317 634 578 674 Antiochenae
607 645 744 671 chm.
786 632 961 683 adeoque
991 646 1091 670 anno
1129 641 1217 684 post
1244 634 1400 685 Trajani
1427 635 1466 672 in
1497 633 1744 672 Antiochiam

316 691 521 729 adventum
549 702 603 727 VI.
632 688 664 725 si
693 687 832 736 modo,
872 688 931 732 uti
958 688 1046 726 vult
1073 695 1210 727 auctor
1237 697 1379 738 noster,
1408 690 1566 740 Imperii
1594 689 1744 728 suisn-

315 760 366 784 no
397 759 477 783 xix.
500 742 744 782 Antiochiam
773 742 920 781 venerit
941 743 1150 795 Trajanu85
1178 750 1217 782 et
1244 758 1335 792 non,
1364 751 1409 783 ut
1435 745 1519 796 ipse
1548 746 1612 794 ait,
1641 758 1742 783 anno

314 807 404 853 post
434 801 515 852 ejus
541 799 752 837 adventum
780 812 824 836 11.
862 811 962 836 unus
999 799 1130 849 itaque
1166 800 1257 837 anni
1292 799 1649 839 Metachronismus‘
1674 807 1743 840 est.

315 856 503 906 Evagrius
522 855 633 893 etiam
661 855 781 892 salsus
807 859 885 903 est,
916 854 1016 892 Hist.
1037 854 1184 893 Eccles.
1212 855 1277 893 lib.
1305 859 1344 896 2.
1373 869 1457 907 cap.
1488 860 1552 898 12.
1580 856 1744 894 111110111-

314 913 402 951 dem
414 911 513 948 hanc
523 909 817 948 Antiochensem
827 910 1030 960 contigisse
1045 910 1194 959 asserit,
1217 910 1377 950 ἔννατον
1394 910 1462 951 καὶ
1479 909 1744 963 πεντηκοστὸν

315 967 382 1008 καὶ
407 964 615 1007 ἑκατοστὸν
633 961 806 1017 ἀγούσης
832 968 902 1016 τῆς
921 962 1076 1011 [πόλεως
1106 965 1189 1012 ε’τος
1228 968 1299 1017 τῆς
1334 962 1587 1018 αὐτονομίας·
1626 967 1741 1004 Urbis

317 1019 554 1073 αὐτονομίας
575 1034 674 1058 anno
705 1034 808 1069 cmx,
840 1021 960 1058 totius
981 1020 1224 1071 quadriennii
1253 1021 1548 1078 prochronismo
1564 1035 1741 1073 peccans.

427 1081 518 1129 Pag.
548 1077 638 1119 275
672 1079 733 1118 12.
775 1075 804 1128 ἦ
832 1072 951 1123 Ρόδος
978 1073 1091 1123 πόλις
1119 1079 1241 1127 νῆσος
1279 1078 1381 1116 οὐσα
1407 1080 1477 1128 τῆς
1505 1076 1742 1129 ἔξαπὸλεως]

312 1135 441 1171 Locus
469 1131 727 1183 proculdubio
757 1131 986 1169 mendosus.
1013 1131 1175 1169 Rhodus
1201 1131 1356 1182 quidem
1385 1133 1479 1170 urbs
1509 1139 1566 1174 est
1581 1132 1744 1183 Iberiae,

289 1225 291 1227 ,
317 1190 399 1226 sive
427 1188 651 1239 Hispaniae,
692 1201 714 1223 a
742 1186 909 1224 Rhodiis
943 1187 1123 1236 condita,
1164 1193 1259 1225 teste
1287 1187 1488 1225 Eustathio
1515 1188 1555 1226 in
1583 1188 1745 1239 Dionys.

316 1245 461 1292 Perieg.
491 1257 539 1281 ex
565 1241 774 1280 Strabone:
813 1240 838 1281 ὅ
868 1240 910 1281 δὲ
941 1239 1170 1295 γεωγρᾶφος
1205 1241 1304 1293 φησὶ
1330 1242 1396 1282 καὶ
1425 1240 1486 1283 ὅτι
1511 1240 1744 1292 πλεύσαντες

317 1299 359 1339 οἱ
388 1295 519 1338 Ρόδιοι
547 1295 676 1349 μέχρις
709 1297 869 1348 Ιβηρίας
907 1296 1061 1336 ἔκτισαν
1089 1297 1170 1336 ἐκεῖ
1197 1295 1315 1337 πόλιν
1345 1295 1478 1337 Ρὸδον.
1535 1299 1606 1337 Est
1629 1299 1743 1337 etiam

316 1353 578 1404 Rhodopolis,
606 1352 699 1390 111113
729 1351 887 1400 hazica,
919 1352 968 1389 de
998 1365 1072 1401 qua
1101 1352 1326 1402 ProcopiuS,
1356 1352 1404 1391 de
1430 1353 1520 1391 bell.
1549 1354 1654 1393 Pers.
1672 1355 1742 1394 lib.

317 1414 358 1451 2.
390 1415 426 1447 et
457 1407 575 1447 Goth.
605 1408 633 1446 1.
663 1410 702 1448 4.
758 1406 898 1445 Verum
931 1406 1028 1444 haec
1056 1406 1197 1455 verba,
1226 1410 1348 1458 νῆσος
1376 1402 1498 1456 ουσα,
1527 1408 1575 1447 de
1606 1409 1742 1448 Rhodo

316 1464 447 1502 Insula
481 1462 589 1514 loqui
619 1469 842 1524 auctoiem,
882 1462 984 1498 clare
1017 1462 1169 1499 docent.
1238 1462 1281 1499 In
1310 1461 1448 1500 Rhodo
1480 1477 1577 1502 vero
1607 1464 1743 1503 urbem

316 1520 431 1559 etiam
469 1518 639 1569 ejusdem
674 1516 839 1561 nominis
876 1516 993 1554 fuisse
1029 1516 1214 1554 discimus
1247 1530 1297 1555 ex
1318 1518 1539 1581 Pomponio
1567 1519 1665 1557 Mela
1695 1520 1743 1558 de

318 1576 396 1613 situ
424 1573 540 1612 Orbis
568 1572 636 1610 lib.
666 1575 705 1613 2.
764 1572 889 1609 Locus
917 1571 1049 1637 itaque
1076 1572 1149 1611 iste
1180 1573 1347 1610 auctoris
1373 1574 1494 1612 nostri
1521 1573 1596 1612 hoc
1624 1575 1741 1613 modo

316 1632 478 1669 fortasse
516 1626 795 1666 restituendus:
834 1625 958 1666 ἔπαθε
996 1622 1082 1667 τότε
1114 1627 1181 1666 καὶ
1221 1626 1251 1680 ἦ
1282 1624 1428 1677 Ρόδος,
1470 1626 1585 1678 πόλις
1612 1628 1741 1671 Ρόδου

317 1683 442 1735 νήσου
468 1678 567 1724 ουσα
596 1685 667 1733 τῆς
705 1678 932 1730 ἕξαπόλεως.
1003 1680 1148 1720 Eodem
1188 1692 1351 1734 tempore
1384 1698 1503 1735 passa
1536 1695 1590 1723 est
1626 1687 1740 1724 etiam

319 1738 494 1788 Rhodus,
522 1737 612 1777 urbs
628 1736 764 1775 Rhodi
783 1735 929 1775 insulae
952 1752 1024 1775 sem
1051 1736 1240 1775 urbibus·
1224 1738 1394 1803 insignis.
1449 1741 1514 1778 vel
1540 1741 1640 1779 forte
1667 1741 1742 1780 sic:

319 1795 443 1835 ἔπαθε
474 1791 554 1835 τότε
581 1792 648 1833 καὶ
682 1791 712 1844 ἦ
741 1790 881 1840 Ρόδος,
920 1792 988 1830 sed
1025 1805 1143 1842 quare
1181 1789 1363 1841 ἕξὰπολιν
1398 1802 1516 1833 vocat
1542 1795 1738 1845 Rhodum,

318 1863 426 1898 cum,
458 1855 500 1887 ut
531 1862 581 1887 ex
611 1849 771 1899 Scylace
800 1847 1058 1898 caryandensi
1086 1848 1269 1887 habemus
1279 1879 1290 1897 ‚
1332 1849 1373 1886 in
1400 1850 1575 1901 PeriplO,
1609 1853 1743 1918 τρίπο-

319 1908 379 1953 λις
416 1911 563 1943 tantum
602 1904 748 1942 fuerit?
788 1900 907 1950 Ρόὸος
940 1919 1038 1943 κατα
1073 1903 1187 1944 τοῦτο
1225 1907 1346 1956 νῆσος
1385 1906 1558 1957 τρίπολις
1599 1902 1742 1959 αρχαία

317 1958 450 2007 πόλις·
489 1960 556 1999 καὶ
582 1959 624 2000 ἐν
653 1955 754 2013 αὐτῇ
780 1955 913 2005 πόλεις
942 1959 1048 2007 αι’δε,
1090 1957 1271 2007 Ιάλυσος,
1313 1960 1482 2011 Λίνδος,
1521 1959 1739 2013 Κάμειροςς

316 2015 419 2052 idem
449 2015 562 2052 etiam
596 2020 759 2052 testatur
787 2013 962 2053 Eustath.
993 2014 1032 2051 in
1065 2014 1223 2066 Dionys.
1253 2015 1330 2054 100.
1359 2016 1464 2054 citat.
1495 2017 1732 2067 Pomponius

320 2070 432 2108 etiam
462 2070 583 2117 Mela,
620 2070 645 2106 1.
674 2074 711 2111 2.
740 2069 807 2107 ubi
835 2075 926 2120 post
965 2077 1205 2108 enumeratas
1246 2071 1359 2108 maris
1387 2071 1652 2109 Mediterranei
1681 2072 1740 2109 in·

320 2125 443 2172 sulas,
473 2124 610 2162 deinde
639 2124 766 2162 addit:
796 2125 836 2161 in
856 2124 981 2175 Lycia
1001 2123 1174 2164 Rhodos.
1231 2126 1271 2163 in
1299 2124 1380 2163 illis
1404 2124 1578 2176 singulae
1605 2125 1739 2164 iisdem

320 2178 534 2218 nominibus
556 2178 677 2218 urbes.
734 2180 783 2216 In
803 2177 946 2217 Rhodo
964 2177 1047 2230 {tres
1081 2178 1276 2232 quondam
1304 2189 1430 2229 erant,
1458 2179 1629 2230 Lindos,
1662 2181 1741 2218 Ca-

319 2235 455 2282 miros‚
500 2232 668 2285 Ialysos.
716 2233 823 2280 Quae
853 2240 891 2271 et
911 2233 1070 2272 Rhodus
1098 2235 1202 2273 dicta
1233 2241 1316 2283 est,
1355 2241 1450 2273 teste
1480 2235 1606 2273 Plinio
1640 2236 1737 2274 Hist.

320 2289 407 2328 Nat.
432 2290 456 2326 1.
481 2289 517 2330 5.
546 2290 601 2327 De
621 2287 697 2325 hoc
717 2289 873 2327 videant
894 2289 1048 2328 eruditi.

433 2347 522 2396 Pag-
554 2343 646 2385 275-
676 2346 741 2384 21.
779 2346 1063 2396 νυμφαγωγίαν
1087 2341 1189 2400 αυτῇ
1219 2342 1409 2397 ποιήσας]
1440 2346 1739 2398 Νυμφαγωγίαν

320 2398 406 2447 hie,
451 2399 556 2449 quod
585 2398 673 2436 alibi
703 2400 917 2448 Νυμφαῖον
945 2407 1061 2436 vocat
1089 2386 1327 2447 aedificium,
1366 2399 1560 2448 virginum
1593 2414 1738 2452 paupe-

320 2454 466 2492 riorum
496 2454 641 2504 nuptiis
669 2452 903 2491 celebrandis
931 2452 1182 2492 destinatum·
1210 2456 1270 2493 uti
1298 2466 1414 2503 supra
1443 2456 1672 2494 monuimus.

432 2512 527 2560 Pag.
556 2513 646 2551 276
676 2512 714 2551 4.
755 2504 924 2553 ατελὲς
909 2505 975 2554 ο“ν,
987 2506 1002 2559 ]
1045 2522 1141 2559 opus
1170 2508 1245 2546 hoc
1281 2522 1302 2546 a
1331 2508 1486 2548 Tiberio
1513 2510 1736 2563 incoeptum

322 2563 374 2601 ait
402 2563 550 2602 Auctor
577 2577 717 2615 supra,
748 2564 789 2602 in
819 2562 973 2600 Tibe1io
994 2563 1093 2614 Imp.

433 2622 525 2670 Pag.
553 2623 645 2661 276
675 2620 713 2661 5.
749 2619 790 2659 ἐν
817 2617 918 2671 μέσῳ
942 2620 1012 2658 τοῦ
1038 2619 1240 2669 νυμφαίου
1267 2622 1339 2660 τοῦ
1365 2620 1634 2674 προσκηνίου]
1663 2622 1737 2661 τοῦ

318 2675 521 2724 νυμφαίου
551 2675 706 2712 omnino
734 2673 935 2740 παρέλκειν
962 2673 1155 2714 videntur.

429 2731 735 2779 Pag.276-.10
764 2725 999 2780 ἐμαρτύρησε
1026 2727 1069 2768 δὲ
1096 2728 1160 2769 ἐπι
1189 2726 1312 2770 αὐτοῦ
1326 2727 1411 2771 τότε
1439 2727 1516 2772 6⁹
1488 2746 1599 2785 αγιος
1622 2727 1734 2782 Ιγνᾶ-

319 2781 427 2835 τιος]
464 2784 665 2836 1gnafium,
709 2785 944 2837 Episcopum
988 2783 1287 2837 Antiochenam,
1333 2800 1382 2825 ex
1426 2787 1536 2838 Syria
1573 2786 1730 2825 Romam
