1838 3230
411 179 1037 227 CHRONOGRAPHIA.
1092 180 1144 224 L.
1172 180 1287 226 VIII.
1489 187 1589 235 209

108 300 282 359 ὃνόματι
301 301 496 359 Πέρσην,
533 301 601 345 καὶ
622 298 881 357 παραλαβὼν
903 299 977 355 τὴν
999 302 1267 343 Μακεδονίαν
1280 297 1426 358 χώραν
1448 302 1588 357 ἐποίη-

108 388 179 416 σεν
197 371 327 428 αὒῐὴν
345 369 426 414 ὕπὸ
450 369 676 425 Ῥωμαίους
689 383 699 393 ·
735 370 826 424 περὶ
855 362 904 411 οὗ
925 367 1205 420 Σαλλούστιος
1222 370 1424 425 μέμνηται
1441 372 1497 421 εἷς
1511 371 1584 426 τὴν

108 441 437 498 Κατελλιναρίαν
456 438 641 491 ἔκθεσιν,
671 435 939 492 μνημονεύων
958 442 1033 493 τῆς
1054 440 1306 494 δημηγορίας
1326 443 1400 482 τοῦ
1421 440 1586 482 Καίσα-

1611 376 1643 411 O
1667 377 1735 414 267

110 526 195 565 ρος,
267 509 334 552 καὶ
373 507 478 563 μετὰ
517 511 652 550 ταῦτα
687 503 892 560 βασιλεύει
933 510 1008 560 τῆς
1046 508 1153 557 ἰδίας
1177 505 1321 563 χώρας
1346 508 1533 564 Περσεῦς
1561 508 1581 551 ὁ
1607 512 1638 546 D

78 574 361 634 δἨπειρῶεης
379 574 400 620 ὅ
421 573 619 631 νεομάχος
638 576 705 617 καὶ
724 572 932 630 τοπάρχης
963 576 1217 628 Θεσσαλίας,
1257 574 1395 619 ὅντινα
1419 578 1586 632 Περσέα

111 644 299 701 ὠνόμασε
320 649 371 702 τῇ
395 646 483 703 ἰδίᾳ.
501 644 658 687 ἐκθέσει
679 642 908 698 Εὗτρόπιος
927 641 948 686 ὅ
971 644 1228 700 συγγραφεὺς
1245 642 1457 698 Ῥωμαίων
1474 647 1515 688 ἓν
1533 651 1585 704 τῇ

109 711 364 771 μεταφράσει
395 712 537 756 αὐτοῦ.
607 709 758 755 τούτου
777 713 821 754 δὲ
840 714 906 754 καὶ
928 715 1207 768 Παλαίφατος
1226 713 1442 769 μέμνηται.
1514 715 1586 758 τὸν

111 783 158 826 δέ
186 781 314 826 αὐτὸν
339 782 508 839 Περσέα
539 780 704 840 πολέμῳ
736 780 865 823 ἀνεῖλε
884 779 1074 832 Λούκιος
1089 785 1284 835 Παῦλος,
1311 781 1470 833 ὕπατος
1485 781 1586 827 Ῥω-

109 852 258 906 μαίων.

57 925 103 961 10
207 919 276 963 Ἐν
294 916 356 969 οἷς
370 914 536 975 χρόνοις
549 914 740 972 Ἀννιβάλ
759 935 820 968 τις
834 914 1019 972 ὀνόματι,
1042 918 1118 976 ῥὴξ
1129 923 1212 963 τῶν
1223 918 1403 977 Ἄφρων,
1419 918 1591 978 ἐτυράν-

111 1004 209 1044 νησε
228 988 305 1043 τὴν
323 985 482 1042 Ῥώμην
499 987 562 1029 ἐπὶ
592 986 662 1042 ἔτη
685 987 848 1039 εἴκοσιν,
885 986 1156 1040 ἀβασίλευτον
1177 983 1320 1041 οὖσαν,
1360 990 1591 1042 διοικουμέ-

112 1075 188 1113 νην
207 1058 252 1100 δὲ
272 1054 354 1099 ὕπὸ
375 1059 458 1099 τῶν
476 1052 657 1098 ὑπάτων.
731 1054 843 1105 ὅστις
873 1060 948 1111 τῆς
968 1055 1145 1107 Ἰταλίας
1161 1054 1296 1112 πάσης
1317 1057 1365 1099 τὸ
1388 1057 1493 1101 πολὺ
1514 1058 1590 1112 μέ-

114 1142 188 1183 ρος
216 1122 421 1168 ἀπώλεσεν
449 1121 900 1189 ὖποτάξαςμολέμοις,
935 1125 1003 1167 καὶ
1033 1123 1178 1181 σφάζει
1207 1125 1279 1168 τὸν
1301 1127 1594 1182 προειρημένον

113 1197 302 1238 Παῦλον.
372 1193 441 1236 καὶ
483 1191 626 1235 λοιπὸν
656 1191 904 1249 προεβάλετο
934 1191 962 1248 ἦ
993 1190 1219 1249 σύγκλητος
1244 1191 1403 1250 Ῥώμης
1431 1193 1591 1239 ὕπατον
1611 1205 1644 1239 Ε

59 1268 105 1305 15
115 1262 293 1306 δυνατὸν
310 1262 354 1305 ἓν
370 1265 486 1313 πᾶσι,
506 1258 687 1314 μάλιστα
707 1262 752 1304 δὲ
773 1262 815 1303 ἓν
832 1261 1036 1314 πολέμοις,
1057 1262 1128 1305 τὸν
1147 1260 1362 1317 λεγόμενον
1379 1265 1592 1320 Σκηπιόνα
1616 1275 1647 1309 O
1670 1276 1739 1311 268

114 1331 188 1375 τὸν
217 1331 358 1387 μέγαν.
431 1327 543 1379 ὅστις
575 1330 767 1384 Σκηπίων
798 1329 840 1373 ἐν
863 1323 895 1388 ᾧ
918 1325 969 1386 ἦν
988 1332 1212 1387 διατρίβων
1231 1329 1252 1374 ὅ
1269 1332 1462 1386 Ἀννιβὰλ
1480 1334 1523 1376 ἕν
1540 1338 1594 1391 τῇ

110 1399 266 1459 Ἰταλίᾳ
296 1398 417 1454 ἔλαβε
446 1401 612 1452 πλῆθος
643 1403 825 1454 στρατοῦ
852 1400 920 1441 καὶ
951 1398 1138 1454 ἀπῆλθεν
1164 1402 1221 1449 εἷς
1249 1400 1323 1456 τὴν
1350 1399 1493 1458 χώραν
1516 1406 1593 1445 τοῦ

107 1465 344 1522 Ἀννιβαάλ,
379 1468 436 1517 εἷς
454 1465 529 1521 τὴν
545 1466 754 1523 Ἀφρικήν,
792 1469 858 1510 καὶ
879 1466 1087 1511 ἀπώλεσεν
1106 1467 1248 1524 αὐτήν,
1288 1469 1499 1525 ἐμπρήσας
1521 1471 1596 1526 τὴν

117 1535 236 1580 πόλιν
255 1536 360 1580 ἔνθα
381 1530 432 1591 ἦν
452 1534 528 1592 ρὴξ
548 1533 570 1578 ὅ
584 1534 803 1590 Ἀννιβαάλ
814 1569 828 1589 ,
866 1536 940 1592 τὴν
960 1535 1264 1594 Καρθάγεναν,
1297 1540 1363 1580 καὶ
1383 1541 1595 1593 αἰχμαλω-

56 1612 109 1660 Ὶ20
121 1606 237 1655 τίσας
262 1604 391 1660 αὐτὴν
421 1605 489 1646 καὶ
519 1604 660 1658 λαβὼν
686 1605 784 1655 τοὺς
814 1604 943 1648 αὐτοῦ
970 1603 1128 1656 πάντας
1146 1606 1251 1661 μετὰ
1272 1610 1347 1662 τῆς
1367 1606 1594 1663 συγκλήτου

121 1674 249 1717 αὐτοῦ
269 1671 423 1727 ὑπέστη
446 1674 501 1722 εἷς
521 1672 595 1727 τὴν
610 1670 783 1728 Ῥώμην.

222 1742 308 1786 Καὶ
328 1745 449 1784 τοῦτο
473 1740 592 1796 γνοὺς
613 1738 870 1796 ὃἈννιβαάλ
893 1741 1080 1797 ἀπῆλθεν
1098 1744 1155 1793 εἰς
1172 1743 1247 1798 τὴν
1268 1744 1474 1787 Βιθυνίαν
1495 1745 1596 1802 πρὸς

212 1851 248 1888 2.
294 1848 524 1892 Σαλούστιος
547 1851 618 1886 Ox.
666 1851 711 1885 V.
738 1862 772 1896 p.
797 1851 853 1886 90.
878 1850 919 1885 B.
1059 1852 1095 1888 3.
1143 1853 1454 1899 Κατελλιναρίαν]
1487 1865 1515 1887 c.
1541 1855 1597 1890 51.

214 1895 270 1933 14.
293 1896 535 1944 προεβάλλετο
561 1898 629 1932 Ox.
678 1897 738 1933 Sic
762 1900 798 1931 et
821 1908 856 1943 p.
873 1908 943 1943 seq.
967 1908 1002 1932 v.
1019 1899 1053 1934 8.
1150 1901 1206 1936 19.
1233 1899 1501 1945 Καρθοῖγενναν
1525 1900 1596 1934 Ox.

138 1950 141 1954 ’
211 1945 270 1979 21.
292 1939 455 1990 ὖπέστην
479 1944 548 1979 Ox.

122 2045 420 2117 :ltmssfltmffffl
439 2037 605 2118 §iffi
616 2036 1597 2119 2⁵2¹31⁰ffill220{23⁰{¹⁰620{¹}³3⁵h2'i3?3¹213¹²1e2¹1¹t3¹⁵3222

121 2127 209 2162 baec
229 2127 365 2173 regioni
386 2141 468 2164 suae
489 2129 673 2175 imperavit
695 2129 815 2163 Perses
839 2128 1007 2174 Epirota,
1048 2129 1248 2164 Thessaliae
1272 2131 1429 2174 regulus,
1463 2130 1597 2165 navali-

122 2173 185 2208 bus
209 2173 330 2219 pugnis
353 2175 508 2210 celebris.
554 2175 665 2220 Hujus
699 2175 802 2209 etiam
824 2174 860 2207 in
883 2174 1033 2210 Historia
1055 2187 1136 2218 sua,
1179 2176 1216 2210 in
1241 2176 1410 2211 Graecam
1446 2176 1596 2220 lingum

122 2218 303 2262 traducta,
324 2221 474 2255 meminit
497 2221 703 2267 Eutropius,
729 2221 955 2255 Romanorum
982 2221 1298 2268 Historiographus.
1358 2222 1519 2266 Ejusdem
1544 2226 1597 2255 et-

122 2264 191 2300 iam
214 2265 416 2301 mentionem
440 2267 525 2302 feeit
549 2267 787 2313 Palaephatus.
835 2266 934 2302 Hune
956 2266 1075 2313 itaque
1098 2268 1188 2303 bello
1213 2269 1407 2309 devictum,
1431 2267 1508 2302 neci
1534 2267 1595 2301 de-

87 2336 96 2353 ,
120 2309 178 2346 -dit
197 2310 322 2346 Lucius
346 2313 489 2355 Paulus,
525 2313 650 2348 Consul
674 2314 855 2348 Romanus.

217 2356 286 2390 Illis
309 2358 534 2404 temporibus,
570 2360 693 2394 bellum
717 2370 791 2393 cum
812 2358 973 2393 Romanis
996 2358 1121 2404 gessit,
1154 2370 1219 2405 per
1242 2370 1344 2393 annos
1368 2369 1432 2399 xx,
1466 2357 1596 2391 Hanni-

125 2401 185 2437 bal
206 2401 362 2448 quidam,
385 2405 545 2439 Afrorum
569 2405 664 2447 Rex,
690 2416 756 2450 quo
779 2410 952 2450 tempore,
976 2404 1125 2449 Regibus
1146 2406 1273 2440 dudum
1297 2403 1447 2445 exactis,
1470 2403 1596 2438 Roma-

126 2456 173 2481 na
203 2448 307 2493 Resp.
339 2460 361 2484 a
384 2449 582 2485 Consulibus
613 2451 848 2486 administrata
871 2455 934 2485 est.
998 2451 1067 2485 Hic
1098 2451 1264 2496 potiorem
1295 2449 1416 2483 ltaliae
1449 2455 1596 2494 partem,

127 2491 218 2527 bello
240 2494 435 2538 subactam,
471 2497 642 2539 vastavit3
678 2497 861 2531 interfecto
885 2496 988 2531 etiam
1023 2497 1132 2531 Paulo
1157 2497 1235 2539 illo,
1272 2497 1315 2530 de
1340 2507 1408 2540 quo
1432 2495 1594 2539 superius.

129 2538 274 2573 Senatus
295 2539 423 2587 itaque
446 2542 616 2578 Romanus
650 2543 827 2578 Consulem
851 2542 1044 2587 designavit
1074 2543 1270 2588 Scipionem
1295 2541 1386 2574 illum
1419 2551 1596 2585 magnum3

128 2582 238 2618 virum
261 2590 355 2624 certe
377 2586 413 2621 in
434 2588 599 2632 omnibus,
631 2589 774 2623 maxime
796 2600 880 2623 vero
904 2588 940 2622 in
964 2588 1060 2623 bellis
1083 2589 1222 2622 clarum.
1270 2585 1388 2631 Scipio
1413 2586 1480 2627 hie,
1503 2587 1596 2620 iute-

128 2628 192 2663 rim
216 2628 352 2667 dumin
374 2632 475 2667 Italia
497 2645 607 2670 moras
627 2635 790 2670 trahebat
812 2634 1005 2676 Hannibal,
1047 2634 1176 2678 magnis
1200 2635 1380 2666 instructus
1398 2631 1525 2677 copiis,
1560 2632 1595 2665 in

129 2674 303 2716 Atticam,
325 2677 524 2715 Hannibalis
548 2681 716 2726 patriam,
739 2681 927 2716 maturavit
950 2680 1035 2714 iter:
1061 2681 1118 2714 ubi
1141 2678 1338 2722 regionibus
1362 2677 1512 2722 undique
1534 2688 1596 2710 va-

131 2720 248 2762 statis,
271 2721 512 2768 Carthaginem
533 2725 653 2772 ipsam,
677 2726 736 2761 ubi
757 2727 923 2772 regnabat
945 2725 1136 2765 Hannibal,
1162 2723 1318 2761 incendio
1342 2723 1457 2757 deditt
1483 2728 1519 2756 et
1534 2723 1598 2756 ab·-

130 2766 243 2801 ductis
274 2767 394 2802 incolis
415 2770 582 2814 omnibus,
622 2772 731 2819 ipsum
762 2773 867 2807 etiam
901 2772 1066 2806 Senatum
1089 2770 1394 2814 Carthaginensem
1424 2767 1598 2814 captivum

131 2811 271 2847 Romam
298 2813 451 2848 abduxit.

222 2858 276 2892 De
300 2859 352 2893 bis
375 2865 487 2895 autem
509 2862 637 2898 certior
659 2863 773 2899 factus
794 2862 992 2905 Hannibal,
1029 2860 1224 2908 Bithyniam
1248 2861 1420 2908 profectus
1444 2862 1516 2901 est,
1553 2856 1600 2893 ad

190 2911 333 2946 Ioannes
361 2913 527 2949 Malalaa.
1272 2910 1322 2952 14

1621 1755 1720 1790 VS9
