1838 3230
296 173 398 220 236
458 199 461 201 >
702 164 985 211 IOANNIS
1013 166 1347 211 MALALAE

298 286 370 344 ρὸν
399 286 465 328 καὶ
500 282 782 340 βιβλιοθήκην.
852 283 978 330 ἔκτισε
1021 287 1066 329 δὲ
1094 288 1160 329 καὶ
1194 285 1216 329 ὃ
1255 286 1442 344 Τιβέριος
1470 282 1586 331 πόλιν
1620 286 1662 336 ἓν
1691 291 1748 346 τῇ

302 352 446 415 Θρᾴκῃ
467 353 614 409 ἄλλην,
649 352 700 408 ἢν
721 350 880 397 ἐκάλεσε
909 355 1112 412 Τιβερίαν.

400 448 475 502 Τῷ
502 444 546 486 δὲ
569 441 613 486 ιε’
645 442 720 485 ἔτει
750 447 824 499 τῆς
854 444 1062 498 βασιλείας
1091 444 1217 487 αὐτοῦ
1254 445 1295 487 ἓν
1327 442 1499 504 ὗπατείᾳ
1521 443 1744 488 Ἀλουανοῢ

297 514 365 556 καὶ
403 509 569 569 Νερούα
616 510 768 567 ἤρξατο
811 509 832 554 ὃ
867 511 977 568 ἅγιος
1010 511 1200 568 Ἰωάννης
1226 510 1246 555 ὃ
1273 510 1506 569 πρόδρομος
1531 509 1744 568 κηρύσσειν

295 579 508 635 βάπτισμα
541 580 757 634 μετανοίας
799 582 1003 633 βαπτίζειν
1042 580 1145 624 κατὰ
1177 581 1250 636 τὴν
1287 572 1541 637 προφητικὴν
1579 577 1776 637 φωνήν·6

155 647 189 726 3
211 646 280 728 ῗὲἒ
303 651 368 692 καὶ
390 649 550 703 ἀπῆλθε
576 647 677 703 πρὸς
706 647 829 690 αὐτὸν
849 652 961 691 πᾶσα
980 646 1005 704 ἦ
1029 649 1207 691 Ἰουδαιά
1224 646 1354 704 χώρα.
1424 650 1490 690 καὶ
1507 647 1646 691 λοιπὸν
1669 647 1746 703 ἆρ-

296 718 376 773 χὴν
407 714 623 770 ἐποιήσατο
657 719 731 758 τοῦ
761 717 961 772 σωτηρίου
995 715 1015 759 ὅ
1048 715 1183 774 κύριος
1220 715 1336 771 ἡμῶν
1365 715 1521 770 Ἰησοῦς
1546 714 1742 771 Χριστός,

296 786 542 840 βαπτισθεὶς
567 782 644 826 ὑπὸ
669 787 743 826 τοῦ
775 784 902 827 αὐτοῦ
928 782 1116 827 Ἰωάννου
1142 789 1214 827 τοῦ
1242 781 1502 842 προδρόμου,
1538 781 1746 840 γενόμενος

297 855 491 896 ἐνιαυτῶν
513 852 605 908 περί
630 869 707 894 που
736 850 771 893 λ’
807 854 874 895 καὶ
893 857 1232 909 θαυματουργῶν.
1301 853 1533 906 ἐβαπτίσθη
1558 852 1602 894 δὲ
1621 853 1662 894 ἓν
1685 855 1744 910 τῷ

292 919 500 978 Ἰορδάνῃ,
547 924 718 977 ποταμῷ
753 924 824 974 τῆς
856 922 1159 975 Παλαιστίνης,
1204 921 1300 974 μηνὶ
1331 919 1537 978 αὗδηναίῳ
1580 923 1639 977 τῷ
1677 920 1743 962 καὶ
1756 931 1800 965 10

298 990 518 1046 ῗανουαρίῳ
538 988 653 1044 ἕκτῃ,
693 987 779 1048 ὥρᾳ
798 993 1004 1045 νυκτερινῇ
1025 986 1065 1041 ι’,
1103 989 1144 1030 ἓν
1161 986 1332 1046 ὑπατείᾳ
1345 985 1520 1043 Ῥούφου
1541 988 1608 1029 καὶ
1627 985 1744 1030 Ῥου-

298 1058 524 1111 βελλίωνος.
595 1056 672 1099 ἀπὸ
703 1055 794 1098 τότε
821 1058 887 1098 καὶ
917 1055 937 1099 ὃ
968 1056 1194 1111 βαπτιστὴς
1225 1054 1411 1110 Ἰωάννης
1441 1057 1564 1110 δῆλος
1593 1055 1743 1110 ἐγένετο

299 1132 386 1175 τοῖς
409 1122 665 1180 ἀνθρώποις·
700 1126 765 1166 καὶ
785 1124 974 1179 ἀπέτεμεν
993 1124 1117 1167 αὐτὸν
1133 1122 1320 1179 Ἡρώδης
1341 1121 1362 1165 ὃ
1389 1122 1580 1177 βασιλεὺς
1614 1119 1635 1164 ὅ
1666 1126 1745 1166 Φι-

298 1195 462 1245 λίππου,
499 1190 520 1234 ὃ
540 1196 769 1248 τοπαρχῶν,
803 1192 892 1247 ἤτοι
910 1191 1148 1247 βασιλεύων,
1183 1196 1256 1246 τῆς
1279 1191 1578 1247 Τραχωνίτιδος
1590 1187 1742 1247 χιίρας,

299 1263 342 1305 ἓν
382 1264 571 1316 Σεβαστῇ
606 1259 715 1302 πόλει
760 1265 810 1316 τῇ
851 1260 928 1316 πρὸ
964 1259 1003 1316 η’
1044 1261 1256 1303 καλανδῶν
1292 1259 1453 1302 ῗουνίων
1497 1259 1539 1301 ἐν
1573 1256 1744 1317 ὑπατείᾳ
1756 1267 1798 1303 15

249 1341 279 1376 Β
306 1327 549 1377 Φλάκκωνος
567 1330 633 1369 καὶ
649 1326 858 1383 Ῥουφίνου
881 1328 949 1370 διὰ
964 1326 1199 1383 εΙ»Ιρωδια’δα
1219 1327 1293 1382 τὴν
1309 1334 1478 1382 γυναῖκα
1497 1326 1647 1379 αὐτοῦ,
1682 1325 1746 1369 ὅτι

299 1397 426 1453 ἔλεγεν
460 1396 570 1454 αὐτῷ
596 1394 616 1438 ὁ
643 1393 853 1450 Ἰωάννης,
903 1395 988 1438 Οὐκ
1017 1395 1147 1445 ἔξεστί
1165 1411 1230 1437 σοι
1259 1394 1357 1448 ἔχειν
1386 1394 1460 1449 τὴν
1484 1401 1652 1450 γυναῖκα
1669 1397 1743 1437 τοῦ

297 1465 475 1522 ἀδελφοῦ
504 1481 601 1516 σου,
635 1463 776 1513 καθώς
803 1464 844 1506 ἐν
872 1470 962 1514 ταῖς
989 1465 1121 1512 θείαις
1152 1462 1365 1519 ἐμφέρεται
1392 1468 1569 1519 γραφαῖς
1597 1465 1741 1504 ταῦτα.

383 1574 418 1609 3.
436 1572 618 1619 βασιλείας
628 1571 704 1613 Ch„
721 1567 894 1613 ὑπατείας
902 1572 968 1606 Ox.
1018 1573 1070 1608 10.
1090 1568 1294 1616 αὖδηναίῳ]
1303 1565 1474 1614 Αὗδυνέφ
1486 1569 1554 1603 Ox·
1601 1571 1655 1607 12.
1669 1566 1744 1605 ἆπό

383 1618 467 1655 τότε
489 1638 533 1644 -
557 1619 634 1653 239.
656 1619 710 1652 17.
727 1617 848 1662 χώρας
866 1618 982 1652 attulit
996 1617 1138 1652 Ioannes
1156 1617 1382 1651 Damascenus
1396 1614 1562 1649 Oratione
1579 1615 1684 1656 tertia
1701 1615 1745 1649 de

382 1665 490 1710 Imag.
512 1664 580 1698 vol.
600 1663 627 1697 I.
656 1675 690 1708 p.
709 1665 787 1699 368.
809 1664 862 1698 ed.
883 1663 1045 1707 Lequien.
1138 1664 1192 1698 13.
1210 1658 1375 1705 εΗρώδης
1398 1657 1418 1696 ὃ
1441 1658 1610 1706 βασιλεῦς
1632 1658 1652 1695 ὁ
1680 1663 1745 1696 Φι-

385 1713 519 1746 λίππου
544 1708 563 1743 ὁ
587 1711 791 1754 τοπαρχῶν,
814 1706 897 1753 ἥτοι
919 1707 1120 1755 βασιλεύων
1145 1708 1210 1753 τῆς
1238 1707 1505 1751 Τραχωνίτιδος
1527 1706 1617 1750 etc.]
1641 1706 1743 1748 ‚‚Scr.
1801 1706 1804 1708 ’

384 1758 454 1792 τοῦ
477 1757 765 1799 τοπαρχοῦντος,
789 1752 871 1799 ἤτοι
894 1753 1148 1799 βασιλεύοντος
1170 1754 1236 1797 τῆς
1263 1753 1542 1797 Τραχωνίτιδος.
1589 1751 1758 1786 Herodes*

385 1803 473 1837 enim
505 1801 697 1835 Tetrarcha
720 1800 926 1842 Galilaeam;
964 1800 1138 1845 Philippus
1172 1805 1303 1841 autem,
1331 1799 1440 1832 frater
1470 1798 1562 1841 ejus,
1592 1797 1743 1832 Ituream

385 1853 421 1882 et
444 1846 721 1881 Trachonitidem
743 1847 926 1890 regionem,
950 1846 1013 1879 sibi
1036 1847 1204 1890 subjectas
1226 1845 1435 1884 habuerunt3
1458 1843 1510 1877 uti
1533 1847 1677 1888 apparet
1699 1854 1743 1876 ex

388 1893 503 1926 Sacris
525 1893 641 1933 literis,
665 1892 748 1925 Luc.
766 1894 799 1927 3.
818 1904 891 1936 cap.
912 1895 967 1926 l.“
992 1892 1054 1925 Ch.
1123 1892 1204 1925 ibid.
1231 1887 1250 1925 ὁ
1273 1888 1439 1936 βασιλεῦς
1460 1907 1504 1913 --
1553 1885 1744 1932 ecstasim]

385 1937 406 1973 ὁ
430 1936 613 1982 τοπάρχης
636 1938 688 1977 εἰς
709 1936 750 1972 τὸ
778 1938 960 1982 βασίλειον
982 1938 1133 1971 Ioannes.
1180 1936 1218 1969 In
1250 1935 1465 1979 sequentibus
1538 1933 1656 1967 alalam
1687 1945 1744 1967 er-

386 1983 520 2017 roribus
543 1985 669 2017 frustra
693 1984 838 2018 liberare
858 1983 992 2017 student
1015 1983 1078 2017 ch.
1104 1986 1139 2016 et
1160 1981 1399 2025 Wesselingius
1428 1980 1471 2013 ad
1494 1979 1684 2013 Hieroclem
1707 1990 1742 2024 p.

388 2030 468 2064 719.
560 2029 612 2063 15.
641 2026 742 2065 πόλει
764 2030 821 2074 τῇ]
847 2030 889 2075 τῇ
913 2027 1015 2064 πόλει
1035 2028 1185 2062 Ioannes.
1278 2028 1331 2061 16.
1357 2023 1568 2064 Φλάκκωνος
1590 2025 1742 2066 Ioannes,

391 2072 584 2114 Φλάκωνος
617 2075 683 2108 Ox.
741 2075 804 2110 διὰ
845 2095 889 2101 -
932 2086 966 2120 p.
998 2085 1068 2119 seq.
1103 2084 1136 2108 v.
1170 2075 1203 2109 1.
1237 2069 1461 2116 λυπούμενος
1495 2081 1558 2105 om.
1591 2070 1743 2105 Ioannes.

390 2120 445 2155 18.
467 2121 609 2164 θείαις]
635 2121 750 2154 Lucae
773 2132 848 2166 cap.
870 2120 932 2154 III.

300 2211 434 2246 thecam
458 2208 573 2244 extrui
591 2209 745 2252 jusserat.
795 2210 953 2245 Tiberius
976 2212 1087 2244 autem
1107 2209 1224 2243 urbem
1247 2218 1382 2253 quoque
1411 2205 1510 2241 aliam
1530 2205 1568 2240 in
1590 2204 1743 2240 Thracia

301 2256 471 2298 condidit,
511 2266 608 2299 quam
631 2255 804 2289 Tiberiam
828 2256 1024 2301 appellavit.

391 2326 487 2359 Anno
509 2326 620 2357 autem
642 2333 688 2355 xv
711 2322 907 2366 imperantis
930 2321 1082 2364 Tiberii,
1105 2321 1234 2356 Albano
1258 2323 1293 2354 et
1314 2320 1436 2354 Nerva
1458 2320 1553 2353 Coss.
1576 2317 1614 2351 S.
1635 2317 1742 2351 Joan-

301 2382 360 2405 nes
381 2370 588 2403 Praecursor
610 2367 813 2411 Baptismum
834 2367 1102 2412 Resipiscentiae
1136 2366 1334 2412 praedicare
1356 2363 1469 2408 coepit
1491 2368 1527 2398 et
1548 2362 1741 2408 baptizare:

302 2427 343 2450 ac
366 2427 386 2449 a
409 2412 587 2459 Prophetis
617 2412 823 2457 praedictum
858 2414 979 2447 fuerat.
1034 2413 1164 2446 Exibat
1185 2416 1295 2446 autem
1327 2410 1370 2443 ad
1393 2421 1464 2443 eum
1489 2408 1591 2442 omnis
1611 2407 1741 2441 Judaea

301 2460 416 2504 regio:
453 2465 522 2494 tum
546 2459 673 2492 demum
695 2457 875 2503 primordia
898 2458 1015 2492 salutis
1037 2458 1211 2491 Humanae
1242 2456 1363 2490 statuit
1384 2454 1426 2487 D.
1451 2454 1496 2488 N.
1519 2454 1614 2487 Jesus
1638 2452 1742 2486 Chri-

302 2510 391 2547 stus,
427 2507 470 2539 ab
494 2504 610 2538 eodem
631 2504 759 2537 Joanne
790 2503 1015 2537 Praecursore
1037 2503 1241 2547 baptisatus,
1276 2511 1348 2534 cum
1372 2511 1491 2533 annum
1522 2502 1639 2543 ageret
1659 2509 1738 2538 xxx,

301 2557 362 2586 aut
385 2563 425 2585 eo
450 2549 603 2591 circiter,
637 2548 798 2582 miracula
819 2552 887 2581 tum
910 2549 1051 2592 primum
1075 2547 1211 2581 faciens.
1255 2545 1452 2589 Baptizatus
1485 2550 1595 2578 autem
1618 2542 1682 2576 fuit
1704 2542 1740 2576 in

300 2595 471 2637 Jordane,
504 2595 716 2629 Palaestinae
737 2593 861 2634 fluvio,
893 2592 1017 2626 Mensis
1039 2591 1235 2636 Audynaei,
1268 2591 1338 2624 sive
1361 2589 1512 2624 Januarii
1529 2600 1586 2630 VI,
1610 2588 1654 2621 ad
1677 2588 1739 2622 ho-

301 2654 374 2676 ram
395 2641 502 2675 noctis
525 2652 566 2681 x,
602 2640 692 2673 Rufo
717 2644 751 2673 et
774 2638 971 2672 Rubellione
994 2638 1085 2671 Coss.
1132 2638 1189 2670 Ex
1212 2647 1251 2670 eo
1274 2640 1426 2680 tempore
1448 2635 1656 2669 innotescere
1678 2633 1740 2666 ho-

301 2687 443 2720 minibus
465 2685 578 2730 coepit
599 2685 744 2719 Joannes
767 2683 942 2729 Baptista3
976 2683 1031 2716 cui
1052 2693 1113 2716 rex
1135 2681 1307 2723 Herodes,
1329 2682 1437 2715 frater
1460 2678 1628 2724 Philippi,
1651 2677 1741 2721 regis

301 2731 576 2771 Trachonitidis,
599 2735 702 2775 caput
725 2729 929 2775 amputavit,
952 2728 987 2761 in
1009 2728 1092 2761 urbe
1115 2727 1278 2768 Sebaste,
1301 2737 1366 2761 v111
1391 2727 1468 2760 Kal.
1491 2724 1618 2764 Junias‚
1641 2722 1741 2756 Flac-

301 2786 386 2810 cone
409 2780 444 2810 et
466 2777 587 2811 Rufino
612 2776 705 2810 Coss.
729 2779 869 2820 propter
899 2785 1034 2808 uxorem
1057 2772 1292 2807 Herodiadem.
1339 2772 1482 2805 Dixerat
1503 2770 1591 2804 enim
1611 2766 1742 2802 Herodi

301 2821 466 2863 Joannes3
515 2822 593 2857 Non
626 2821 706 2856 licet
734 2821 799 2856 tibi
831 2820 945 2856 fratris
972 2819 1024 2854 tui
1054 2829 1191 2854 uxorem
1223 2819 1365 2853 habere:
1403 2816 1454 2852 uti
1475 2817 1560 2851 haec
1581 2815 1617 2848 ln
1637 2811 1740 2847 sacris
