1838 3230
325 157 423 207 574
814 156 1280 203 ANNOTA-TIONES.

324 285 397 310 nus
423 269 472 309 de
493 271 648 311 eodem:
676 270 744 312 καὶ
764 287 844 312 των
871 270 1006 313 ιππων
1034 288 1108 325 την
1138 265 1302 324 αταξίαν
1329 272 1574 328 χαλινώσας,
1599 276 1652 336 ’ἕν
1681 283 1767 330 ταις

323 324 574 368 συνελεύσεσι
590 331 669 368 τῶν
687 325 899 379 αρχόντων.

434 386 533 436 Pag.
567 385 659 427 264-
689 386 755 425 23
787 380 983 437 στηθοῖριν
1001 386 1212 438 μολιβοῢν,
1239 386 1376 439 ἔχοντα
1391 387 1504 441 λεμὶν
1522 391 1596 430 τοῦ
1613 390 1766 458 Αρεως]

323 440 508 479 Mendose
527 439 623 478 haec
643 440 793 489 omnia3
824 454 921 491 quae
943 441 995 478 ita
1024 443 1264 481 restituenda
1290 444 1488 484 videntur.
1546 443 1767 500 στηθᾶριον

323 498 550 549 μολυβοῦν,
591 496 688 547 ε’χων
726 497 861 548 λεμίον
899 499 971 536 τοῦ
1002 502 1149 549 Αρεως.
1212 497 1343 552 Λεμὸς
1377 502 1500 551 enim,
1527 501 1632 541 idem
1658 502 1767 554 quod

324 550 483 605 λαιμὸς,
521 552 628 604 apud
662 552 924 604 Hesychium·
964 551 1116 605 Λεμός,
1153 552 1297 608 λάρυξ,
1340 552 1519 622 φάρυγξ,
1559 563 1599 596 et
1623 571 1766 610 supr-1³5

325 606 463 659 λαιμὸς
489 624 510 648 ο
529 605 705 661 φάρυγξ,
736 608 760 648 6
782 605 988 661 τράχηλος,
1020 609 1040 650 6
1061 606 1224 663 λάρυγξ,
1255 611 1278 652 6
1295 609 1471 675 βρόγχος.
1513 614 1648 666 λεμίον
1668 626 1767 653 vero

325 665 622 715 diminutivum,
653 680 673 702 a
705 662 841 716 λεμός.·
871 664 975 702 unde
1003 672 1193 718 corrupta
1228 668 1463 719 scriptione:
1499 669 1632 722 λεμὶνε
1670 675 1716 708 ut
1743 684 1768 710 a

324 717 567 772 στηθοὲριον,
599 726 806 772 στηθαριν.
835 719 947 772 λεμός
965 734 1079 771 vero,
1111 723 1202 761 licet
1224 721 1364 762 Guteur
1383 727 1545 776 proprie
1567 725 1766 776 significet,

323 790 398 829 pio
428 775 638 815 Stomacho
668 785 800 815 tamen
829 777 876 814 ab
904 777 1074 816 Homero
1093 785 1337 845 usurpatum
1365 780 1488 819 tradit
1514 782 1588 823 Jul.
1610 781 1767 831 Pollux,

323 833 392 871 lib.
423 837 462 874 2.
493 846 578 884 cap.
611 833 649 874 4.
711 836 871 886 Ομηρος
901 832 1032 884 μέντοι
1061 830 1131 874 τὸν
1161 833 1368 886 στόμαχον,
1409 835 1478 876 καὶ
1501 835 1664 890 λαιμὸν,
1699 837 1769 878 καὶ

325 889 544 928 λαυκανίαν
563 892 685 930 καλεῖ.
742 889 831 928 Ηοο
865 902 961 928 vero
985 891 1027 928 in
1057 890 1147 929 loco
1176 889 1344 941 vultum,
1374 905 1444 930 seu
1463 892 1674 949 Iffl‘igiem,
1703 907 1768 932 so-

326 958 419 983 nare
437 945 608 985 videtur.

441 1000 538 1054 Pag·
568 1000 660 1044 265.
689 1005 727 1044 2.
765 997 994 1055 παραμήριν
1020 997 1098 1042 α’πὸ
1129 1002 1323 1068 καλαμίου
1348 1001 1645 1057 κρεμμᾶμενον]
1683 1005 1766 1046 Ser.

328 1057 491 1106 iterum,
521 1054 793 1110 κρεμεόμενον,
825 1073 846 1096 a
866 1058 1071 1110 κρέμαμαι.
1101 1054 1330 1110 παραμήριν
1348 1073 1457 1108 vero,
1489 1074 1564 1112 pro
1584 1057 1769 1114 παραμή-

329 1128 439 1165 ριονε
488 1127 565 1164 quo
596 1115 790 1152 vocabulo
820 1114 959 1152 Graeci
993 1114 1250 1165 recentiores,
1292 1115 1514 1155 Gladiolum
1545 1116 1768 1168 designant3

325 1182 372 1207 eo
395 1168 503 1221 quod
522 1184 543 1207 a
560 1170 706 1209 femore
724 1170 907 1222 pendeat.

444 1228 536 1276 Pag.
567 1230 659 1268 266.
690 1227 727 1268 5
756 1225 852 1278 πυρὶ
876 1237 1024 1265 καυσαι
1045 1224 1070 1266 6
1094 1222 1192 1278 παρ’
1216 1226 1409 1280 αἰγιαλοῖς
1427 1227 1659 1281 Αρὲντησι.]
1690 1228 1770 1266 Lo-

329 1294 399 1318 cus
418 1281 490 1318 iste
508 1282 684 1351 pessime
697 1297 717 1319 a
746 1282 922 1320 Librario
949 1280 1107 1319 habitus
1138 1288 1207 1320 est.
1264 1283 1383 1321 Forte
1411 1283 1641 1334 legendum,
1673 1283 1770 1336 πυρὶ

326 1349 512 1377 καυσεται
541 1353 561 1377 ο
594 1334 684 1407 παρ’
711 1338 903 1390 αἰγιαλοῖς
933 1333 1119 1388 Ορόντης.
1185 1338 1384 1377 Cedrenus
1407 1339 1524 1390 legit:
1562 1335 1770 1380 κλαυσεται

326 1392 369 1433 δέ
390 1405 432 1432 σε
451 1393 518 1433 καὶ
539 1392 562 1433 o‘
583 1390 681 1445 παρ’
703 1395 893 1446 αἰγιαλοῖς
907 1389 1120 1444 Ορρόντης.

444 1450 535 1499 Pag
564 1453 656 1491 266
691 1452 754 1491 13.
783 1447 926 1501 ’ντινα
955 1445 1112 1488 ἐκάλεσε
1132 1445 1520 1500 Δομετιανούπολιν]
1557 1449 1769 1500 Corrigen-

327 1503 401 1542 dus
421 1503 555 1554 itaque
578 1504 797 1556 Stephanus
817 1505 865 1544 de
882 1503 1074 1551 Urbibus,
1105 1504 1172 1555 qui
1192 1501 1504 1556 Δομετιούπολιν
1523 1505 1658 1544 habet:
1671 1480 1769 1547 υΔο-

328 1556 602 1612 μετιούπολις,
644 1562 830 1612 Ισαυρίας
862 1557 988 1607 πόλις.
1056 1557 1364 1611 Δομετιούπολις
1396 1561 1496 1598 enim
1534 1575 1555 1598 a
1582 1562 1766 1611 Domitio,

326 1612 685 1667 Λομιτιανούπολις
713 1630 811 1656 vero
840 1631 861 1654 a
892 1616 1114 1654 Domitiano
1153 1630 1292 1654 nomen
1316 1629 1430 1654 suum
1456 1617 1676 1656 necessario
1702 1632 1769 1656 ac-

327 1685 371 1710 ce
401 1672 444 1711 it.

373 1686 398 1723 p
437 1726 536 1780 Peg.
567 1729 660 1770 266.
693 1730 758 1769 16.
789 1726 843 1775 ὥς
863 1728 1047 1779 εἰσῆλθεν
1066 1726 1109 1767 ἐν
1125 1729 1182 1782 τῷ
1203 1727 1292 1782 ἱερῷ
1312 1729 1384 1768 τοῦ
1410 1725 1510 1776 Διός
1528 1725 1767 1782 θυσιάσαι,]

326 1783 519 1821 Fabuiosa
535 1783 633 1821 haec
655 1784 805 1831 omnia3
837 1784 878 1821 in
907 1784 1092 1822 cubiculo
1115 1784 1215 1821 enim
1233 1797 1304 1821 suo
1330 1798 1350 1821 a
1371 1783 1569 1835 Stephano
1593 1786 1768 1823 Domitil-

327 1840 389 1877 lae
416 1846 695 1891 procmatore‚
741 1813 905 1892 aliisque
935 1840 1174 1893 conjuratis,
1207 1839 1359 1878 occisus
1392 1846 1469 1878 est:
1508 1840 1601 1879 vide
1627 1842 1770 1910 Sueto-

327 1896 450 1934 nium.

443 1954 536 2002 Pag.
567 1954 663 1994 267.
693 1954 732 1994 6.
761 1954 842 1992 τῶν
865 1948 991 1992 ὄντων
1018 1949 1061 1991 ἐν
1089 1953 1145 2002 τῷ
1165 1950 1258 2004 ἷερῷ
1282 1946 1515 2002 κανδήλων]
1546 1950 1636 1992 Chr.
1655 1951 1767 1991 Alex.

328 2006 446 2056 legit:
475 2022 554 2046 των
587 2003 718 2048 ου’σων
745 2006 787 2047 ἓν
813 2010 868 2063 τῷ
895 2009 986 2061 ἱερῷ
1009 2004 1229 2058 κανδήλων.
1286 2007 1326 2044 Si
1345 2013 1473 2044 tamen
1494 2005 1672 2058 κανδήλα
1688 2006 1767 2057 hic,

331 2062 545 2100 foeminino
574 2076 730 2113 genere,
762 2077 835 2114 pro
841 2049 1034 2102 candela
1050 2064 1232 2114 ponitur,
1260 2063 1470 2114 κανδηλων
1492 2062 1663 2112 genitivo
1682 2064 1769 2114 plu-

330 2118 406 2157 rali
425 2118 674 2159 scriberetur.
733 2120 850 2157 Forte
869 2120 1001 2169 itaque
1022 2120 1086 2157 vel
1105 2125 1285 2157 neutrum
1306 2125 1382 2167 est,
1410 2118 1475 2156 vel
1494 2118 1770 2166 masculinum3

330 2174 513 2225 idemque
555 2174 682 2224 signat
723 2176 884 2212 Graecis
924 2175 1208 2213 recentioribus
1256 2170 1567 2225 κανδηλαβριον,
1620 2172 1770 2212 Cande-

333 2228 499 2267 labrum.
565 2230 754 2294 Exempla
791 2238 920 2268 tamen
956 2230 1182 2283 hujusmodi
1215 2229 1321 2267 haud
1360 2235 1504 2267 temere
1541 2236 1768 2270 occurrunt.

330 2285 550 2336 κανδίλων,
580 2286 695 2325 etiam
713 2285 816 2323 infra
833 2285 1045 2337 habemus,
1074 2288 1141 2327 lib.
1173 2290 1237 2328 12.
1267 2286 1308 2323 in
1339 2283 1550 2322 commodo
1578 2285 1677 2337 Imp.
1692 2299 1768 2337 pro

335 2339 519 2379 candelis
543 2342 736 2393 positum:
765 2338 865 2408 λόγῳ
885 2317 1123 2393 λαμπαόων,
1149 2342 1216 2382 καὶ
1237 2341 1453 2389 κανδίλων,
1481 2346 1554 2379 etc.

447 2399 540 2450 Pag·
569 2401 662 2441 267.
698 2401 739 2440 7.
768 2395 955 2445 εἰσιόντες
983 2398 1038 2446 εἷς
1067 2396 1112 2439 vo*
1145 2396 1254 2452 ἱερὸν
1279 2393 1526 2449 η’πατοῦντο]
1557 2397 1642 2438 Ser.
1667 2411 1769 2449 ⁹271:oe-

332 2454 469 2492 τῶντο.

443 2510 766 2560 Pag.267.17.
809 2505 1019 2561 παρασχων
1059 2505 1169 2563 αυτῷ
1202 2504 1297 2549 όκτω
1327 2504 1583 2560 κεντηνοῖρια]
1628 2505 1769 2544 Modus

332 2563 406 2602 iste
425 2577 498 2615 per
516 2564 745 2603 centenaria
765 2564 996 2602 numerandi
1025 2564 1172 2615 ubique
1199 2564 1307 2615 apud
1336 2564 1508 2601 Graecos
1536 2562 1768 2601 recentiores

335 2621 532 2670 occurrit3
578 2627 765 2671 quantum
793 2634 889 2659 vero
918 2620 1187 2658 Centenarium
1217 2620 1287 2668 sit,
1329 2619 1369 2657 in
1404 2619 1554 2656 incerto
1584 2616 1770 2667 relinquit

336 2675 494 2713 Suidas·
533 2673 825 2729 Κεντηνοῖριον,
863 2672 1113 2728 νομισμάτων
1140 2671 1321 2726 ποσότης.
1388 2673 1612 2744 Procopius
1628 2672 1676 2710 de
1696 2672 1768 2710 bel.

336 2731 442 2769 Pers.
462 2732 488 2771 l.
511 2735 547 2773 1.
578 2733 871 2781 Centenarium,
913 2732 1076 2770 Centum
1108 2731 1230 2770 libras
1258 2730 1455 2768 continere
1484 2730 1558 2767 ait:
1589 2728 1690 2768 ελκει.
1714 2726 1768 2766 λί-

338 2802 432 2839 τρας
449 2785 494 2828 τό
520 2784 780 2841 κεντηνάριον
807 2785 967 2837 ἑκατόν,
996 2783 1075 2840 ἀφ’
1106 2781 1155 2828 οὗ
1189 2783 1238 2839 δὴ
1255 2786 1322 2827 καὶ
1350 2783 1580 2838 ὠνόμασται.
1636 2779 1770 2824 κεντὸν
