<?xml version="1.0" encoding="UTF-8"?>
<!DOCTYPE html PUBLIC "-//W3C//DTD XHTML 1.0 Transitional//EN"
    "http://www.w3.org/TR/xhtml1/DTD/xhtml1-transitional.dtd">
<html xmlns="http://www.w3.org/1999/xhtml" xml:lang="en" lang="en">
 <head>
  <title>
</title>
<meta http-equiv="Content-Type" content="text/html;charset=utf-8" />
  <meta name='ocr-system' content='tesseract 3.04.00' />
  <meta name='ocr-capabilities' content='ocr_page ocr_carea ocr_par ocr_line ocrx_word'/>
</head>
<body>
  <div class='ocr_page' id='page_1' title='image "./corpusscriptorum28niebuoft_0557.png"; bbox 0 0 1838 3230; ppageno 0'>
   <div class='ocr_carea' id='block_1_1' title="bbox 372 153 1562 206">
    <p class='ocr_par' dir='ltr' id='par_1_1' title="bbox 372 153 1562 206">
     <span class='ocr_line' id='line_1_1' title="bbox 372 153 1562 206; baseline 0.004 -4"><span class='ocrx_word' id='word_1_1' title='bbox 372 153 985 202; x_wconf 87' lang='lat' dir='ltr'><strong>CHRONOGRAPHIA.</strong></span> <span class='ocrx_word' id='word_1_2' title='bbox 1042 154 1090 198; x_wconf 90' lang='lat' dir='ltr'><strong><em>L.</em></strong></span> <span class='ocrx_word' id='word_1_3' title='bbox 1119 153 1276 200; x_wconf 88' lang='lat' dir='ltr'>XVIII.</span> <span class='ocrx_word' id='word_1_4' title='bbox 1462 157 1562 206; x_wconf 84' lang='lat'><strong><em>475</em></strong></span> 
     </span>
    </p>
   </div>
   <div class='ocr_carea' id='block_1_2' title="bbox 41 270 1720 1919">
    <p class='ocr_par' dir='ltr' id='par_1_2' title="bbox 95 270 1566 536">
     <span class='ocr_line' id='line_1_2' title="bbox 95 270 1562 332; baseline -0.002 -13"><span class='ocrx_word' id='word_1_5' title='bbox 95 291 190 319; x_wconf 81' lang='grc' dir='ltr'><strong><em>που.</em></strong></span> <span class='ocrx_word' id='word_1_6' title='bbox 261 275 329 319; x_wconf 76' lang='grc' dir='ltr'><strong><em>καὶ</em></strong></span> <span class='ocrx_word' id='word_1_7' title='bbox 353 270 589 327; x_wconf 76' lang='grc' dir='ltr'><strong><em>ἐξελθόντες</em></strong></span> <span class='ocrx_word' id='word_1_8' title='bbox 614 273 655 318; x_wconf 79' lang='grc' dir='ltr'><strong><em>οἱ</em></strong></span> <span class='ocrx_word' id='word_1_9' title='bbox 681 275 772 332; x_wconf 83' lang='grc' dir='ltr'><strong><em>περὶ</em></strong></span> <span class='ocrx_word' id='word_1_10' title='bbox 798 275 1004 318; x_wconf 79' lang='grc' dir='ltr'><em>Μοῦνδον</em></span> <span class='ocrx_word' id='word_1_11' title='bbox 1026 275 1094 318; x_wconf 84' lang='grc' dir='ltr'><strong><em>καὶ</em></strong></span> <span class='ocrx_word' id='word_1_12' title='bbox 1119 273 1461 318; x_wconf 78' lang='grc' dir='ltr'><strong><em>Κωνσταντίολον</em></strong></span> <span class='ocrx_word' id='word_1_13' title='bbox 1493 276 1562 317; x_wconf 84' lang='grc' dir='ltr'><strong><em>καὶ</em></strong></span> 
     </span>
     <span class='ocr_line' id='line_1_3' title="bbox 95 340 1565 400; baseline -0.001 -13"><span class='ocrx_word' id='word_1_14' title='bbox 95 344 325 400; x_wconf 69' lang='grc' dir='ltr'><strong><em>Βασιλίδῖην</em></strong></span> <span class='ocrx_word' id='word_1_15' title='bbox 341 343 446 400; x_wconf 78' lang='grc' dir='ltr'><strong><em>μετὰ</em></strong></span> <span class='ocrx_word' id='word_1_16' title='bbox 463 343 665 399; x_wconf 72' lang='grc' dir='ltr'><strong><em>βοηθείας</em></strong></span> <span class='ocrx_word' id='word_1_17' title='bbox 698 342 803 386; x_wconf 79' lang='grc' dir='ltr'><strong><em>κατὰ</em></strong></span> <span class='ocrx_word' id='word_1_18' title='bbox 821 343 1000 386; x_wconf 86' lang='grc' dir='ltr'><strong><em>κέλευσιν</em></strong></span> <span class='ocrx_word' id='word_1_19' title='bbox 1021 347 1096 387; x_wconf 79' lang='grc' dir='ltr'><strong><em>τοῦ</em></strong></span> <span class='ocrx_word' id='word_1_20' title='bbox 1116 342 1338 398; x_wconf 81' lang='grc' dir='ltr'><strong><em>βασιλέως,</em></strong></span> <span class='ocrx_word' id='word_1_21' title='bbox 1359 340 1565 398; x_wconf 83' lang='grc' dir='ltr'><strong><em>βουλόμε-</em></strong></span> 
     </span>
     <span class='ocr_line' id='line_1_4' title="bbox 95 409 1566 470; baseline -0.002 -14"><span class='ocrx_word' id='word_1_22' title='bbox 95 429 160 456; x_wconf 84' lang='grc' dir='ltr'><strong><em>νοι</em></strong></span> <span class='ocrx_word' id='word_1_23' title='bbox 185 417 455 470; x_wconf 76' lang='grc' dir='ltr'><strong><em>κατασιγῆσαι</em></strong></span> <span class='ocrx_word' id='word_1_24' title='bbox 473 412 527 455; x_wconf 76' lang='grc' dir='ltr'><strong><em>τὰ</em></strong></span> <span class='ocrx_word' id='word_1_25' title='bbox 549 409 820 464; x_wconf 80' lang='grc' dir='ltr'><strong><em>στασιάζοντα</em></strong></span> <span class='ocrx_word' id='word_1_26' title='bbox 850 409 994 468; x_wconf 82' lang='grc' dir='ltr'><strong><em>πλήθη</em></strong></span> <span class='ocrx_word' id='word_1_27' title='bbox 1007 426 1017 436; x_wconf 93' lang='grc'>·</span> <span class='ocrx_word' id='word_1_28' title='bbox 1054 412 1270 469; x_wconf 84' lang='grc' dir='ltr'><strong><em>κατέκραζε</em></strong></span> <span class='ocrx_word' id='word_1_29' title='bbox 1294 411 1372 468; x_wconf 83' lang='grc' dir='ltr'><strong><em>γὰρ</em></strong></span> <span class='ocrx_word' id='word_1_30' title='bbox 1393 411 1441 454; x_wconf 87' lang='grc' dir='ltr'><strong><em>τὸ</em></strong></span> <span class='ocrx_word' id='word_1_31' title='bbox 1460 415 1566 466; x_wconf 83' lang='grc' dir='ltr'><strong><em>πλῆ-</em></strong></span> 
     </span>
     <span class='ocr_line' id='line_1_5' title="bbox 96 479 1565 536; baseline -0.001 -12"><span class='ocrx_word' id='word_1_32' title='bbox 96 485 180 532; x_wconf 77' lang='grc' dir='ltr'><strong><em>θος</em></strong></span> <span class='ocrx_word' id='word_1_33' title='bbox 209 479 401 524; x_wconf 77' lang='grc' dir='ltr'>Ἰωάννου</span> <span class='ocrx_word' id='word_1_34' title='bbox 442 485 518 524; x_wconf 82' lang='grc' dir='ltr'><strong><em>τοῦ</em></strong></span> <span class='ocrx_word' id='word_1_35' title='bbox 548 481 713 536; x_wconf 74' lang='grc' dir='ltr'><strong><em>ἐπίκλην</em></strong></span> <span class='ocrx_word' id='word_1_36' title='bbox 745 479 1030 532; x_wconf 77' lang='grc' dir='ltr'><em>Καππάδοκος</em></span> <span class='ocrx_word' id='word_1_37' title='bbox 1058 483 1125 524; x_wconf 81' lang='grc' dir='ltr'><strong><em>καὶ</em></strong></span> <span class='ocrx_word' id='word_1_38' title='bbox 1159 483 1459 536; x_wconf 84' lang='grc' dir='ltr'><strong><em>Τριβουνιανοῦ</em></strong></span> <span class='ocrx_word' id='word_1_39' title='bbox 1490 484 1565 523; x_wconf 85' lang='grc' dir='ltr'><strong><em>τοῦ</em></strong></span> 
     </span>
    </p>

    <p class='ocr_par' dir='ltr' id='par_1_3' title="bbox 63 547 1568 882">
     <span class='ocr_line' id='line_1_6' title="bbox 63 547 1566 607; baseline -0.002 -13"><span class='ocrx_word' id='word_1_40' title='bbox 63 550 382 606; x_wconf 75' lang='grc' dir='ltr'><strong><em>ῦΚοιαΙστωρος</em></strong></span> <span class='ocrx_word' id='word_1_41' title='bbox 403 551 470 593; x_wconf 81' lang='grc' dir='ltr'><strong><em>καὶ</em></strong></span> <span class='ocrx_word' id='word_1_42' title='bbox 494 553 570 593; x_wconf 77' lang='grc' dir='ltr'><strong><em>τοῦ</em></strong></span> <span class='ocrx_word' id='word_1_43' title='bbox 590 547 771 607; x_wconf 75' lang='grc' dir='ltr'><strong><em>ἐπάρχου</em></strong></span> <span class='ocrx_word' id='word_1_44' title='bbox 793 554 867 606; x_wconf 86' lang='grc' dir='ltr'><strong><em>τῆς</em></strong></span> <span class='ocrx_word' id='word_1_45' title='bbox 885 548 1039 600; x_wconf 89' lang='grc' dir='ltr'><strong><em>πόλεως</em></strong></span> <span class='ocrx_word' id='word_1_46' title='bbox 1058 549 1339 604; x_wconf 76' lang='grc' dir='ltr'><em>Εὐδαίμονος·</em></span> <span class='ocrx_word' id='word_1_47' title='bbox 1374 550 1441 592; x_wconf 81' lang='grc' dir='ltr'><strong><em>καὶ</em></strong></span> <span class='ocrx_word' id='word_1_48' title='bbox 1462 553 1566 592; x_wconf 81' lang='grc' dir='ltr'><strong><em>ταῦ-</em></strong></span> 
     </span>
     <span class='ocr_line' id='line_1_7' title="bbox 95 615 1567 676; baseline -0.001 -14"><span class='ocrx_word' id='word_1_49' title='bbox 95 634 152 662; x_wconf 78' lang='grc' dir='ltr'><strong><em>τοι</em></strong></span> <span class='ocrx_word' id='word_1_50' title='bbox 173 618 270 675; x_wconf 76' lang='grc' dir='ltr'><strong><em>παρ’</em></strong></span> <span class='ocrx_word' id='word_1_51' title='bbox 295 618 433 662; x_wconf 64' lang='grc' dir='ltr'><strong><em>αὐτῶν</em></strong></span> <span class='ocrx_word' id='word_1_52' title='bbox 451 616 669 673; x_wconf 78' lang='grc' dir='ltr'><strong><em>ἀκηκοότες</em></strong></span> <span class='ocrx_word' id='word_1_53' title='bbox 698 619 736 662; x_wconf 81' lang='grc' dir='ltr'><strong><em>οῖ</em></strong></span> <span class='ocrx_word' id='word_1_54' title='bbox 761 619 1063 676; x_wconf 73' lang='grc' dir='ltr'><strong><em>ἐκπεμφθέντες</em></strong></span> <span class='ocrx_word' id='word_1_55' title='bbox 1085 620 1343 675; x_wconf 78' lang='grc' dir='ltr'><strong><em>συγκλητικοὶ</em></strong></span> <span class='ocrx_word' id='word_1_56' title='bbox 1364 615 1567 674; x_wconf 79' lang='grc' dir='ltr'><em>ἀνήγαγον</em></span> 
     </span>
     <span class='ocr_line' id='line_1_8' title="bbox 96 684 1568 746; baseline -0.001 -16"><span class='ocrx_word' id='word_1_57' title='bbox 96 690 158 746; x_wconf 81' lang='grc' dir='ltr'><strong><em>τῷ</em></strong></span> <span class='ocrx_word' id='word_1_58' title='bbox 184 691 367 740; x_wconf 85' lang='grc' dir='ltr'><strong><em>βασιλεῖ’·</em></strong></span> <span class='ocrx_word' id='word_1_59' title='bbox 404 689 472 730; x_wconf 82' lang='grc' dir='ltr'><strong><em>καὶ</em></strong></span> <span class='ocrx_word' id='word_1_60' title='bbox 505 687 660 737; x_wconf 76' lang='grc' dir='ltr'><strong><em>εὐθέως</em></strong></span> <span class='ocrx_word' id='word_1_61' title='bbox 687 688 960 743; x_wconf 75' lang='grc' dir='ltr'><strong><em>ὃιεδέχθησαν</em></strong></span> <span class='ocrx_word' id='word_1_62' title='bbox 989 693 1063 743; x_wconf 86' lang='grc' dir='ltr'><strong><em>τῆς</em></strong></span> <span class='ocrx_word' id='word_1_63' title='bbox 1091 688 1219 743; x_wconf 77' lang='grc' dir='ltr'><strong><em>ἀρχῆς</em></strong></span> <span class='ocrx_word' id='word_1_64' title='bbox 1250 686 1272 731; x_wconf 81' lang='grc' dir='ltr'>ὅ</span> <span class='ocrx_word' id='word_1_65' title='bbox 1297 704 1340 730; x_wconf 86' lang='grc' dir='ltr'><strong><em>τε</em></strong></span> <span class='ocrx_word' id='word_1_66' title='bbox 1375 684 1568 742; x_wconf 76' lang='grc' dir='ltr'><strong><em>Ἰωάννης</em></strong></span> 
     </span>
     <span class='ocr_line' id='line_1_9' title="bbox 97 750 1566 813; baseline 0 -15"><span class='ocrx_word' id='word_1_67' title='bbox 97 757 167 798; x_wconf 81' lang='grc' dir='ltr'><strong><em>καὶ</em></strong></span> <span class='ocrx_word' id='word_1_68' title='bbox 196 750 494 811; x_wconf 78' lang='grc' dir='ltr'><strong><em>Τριβουνιανός</em></strong></span> <span class='ocrx_word' id='word_1_69' title='bbox 528 758 596 799; x_wconf 84' lang='grc' dir='ltr'><strong><em>καὶ</em></strong></span> <span class='ocrx_word' id='word_1_70' title='bbox 631 757 867 811; x_wconf 72' lang='grc' dir='ltr'><strong><em>Εὐδαίμων.</em></strong></span> <span class='ocrx_word' id='word_1_71' title='bbox 948 758 1016 799; x_wconf 80' lang='grc' dir='ltr'><strong><em>καὶ</em></strong></span> <span class='ocrx_word' id='word_1_72' title='bbox 1049 755 1289 808; x_wconf 73' lang='grc' dir='ltr'><strong><em>ἐξελθόντος</em></strong></span> <span class='ocrx_word' id='word_1_73' title='bbox 1320 756 1566 813; x_wconf 82' lang='grc' dir='ltr'><strong><em>Βελισαρίου</em></strong></span> 
     </span>
     <span class='ocr_line' id='line_1_10' title="bbox 95 822 1567 882; baseline 0 -15"><span class='ocrx_word' id='word_1_74' title='bbox 95 823 201 879; x_wconf 69' lang='grc' dir='ltr'><strong><em>μετὰ</em></strong></span> <span class='ocrx_word' id='word_1_75' title='bbox 218 822 409 880; x_wconf 76' lang='grc' dir='ltr'><strong><em>πλήθους</em></strong></span> <span class='ocrx_word' id='word_1_76' title='bbox 427 828 467 868; x_wconf 93' lang='grc' dir='ltr'><strong>Γ</strong></span> <span class='ocrx_word' id='word_1_77' title='bbox 465 830 652 878; x_wconf 81' lang='grc' dir='ltr'><strong><em>οτθικοῦ,</em></strong></span> <span class='ocrx_word' id='word_1_78' title='bbox 676 827 743 869; x_wconf 82' lang='grc' dir='ltr'><strong><em>καὶ</em></strong></span> <span class='ocrx_word' id='word_1_79' title='bbox 766 830 980 881; x_wconf 80' lang='grc' dir='ltr'><strong><em>συμβολῆς</em></strong></span> <span class='ocrx_word' id='word_1_80' title='bbox 997 826 1224 882; x_wconf 75' lang='grc' dir='ltr'><strong><em>γενομένης,</em></strong></span> <span class='ocrx_word' id='word_1_81' title='bbox 1247 826 1392 868; x_wconf 80' lang='grc' dir='ltr'><strong><em>πολλοὶ</em></strong></span> <span class='ocrx_word' id='word_1_82' title='bbox 1420 825 1464 867; x_wconf 81' lang='grc' dir='ltr'><strong><em>ἐκ</em></strong></span> <span class='ocrx_word' id='word_1_83' title='bbox 1483 829 1567 867; x_wconf 83' lang='grc' dir='ltr'><strong><em>τῶν</em></strong></span> 
     </span>
    </p>

    <p class='ocr_par' dir='ltr' id='par_1_4' title="bbox 42 892 1622 1228">
     <span class='ocr_line' id='line_1_11' title="bbox 42 892 1622 951; baseline -0.001 -15"><span class='ocrx_word' id='word_1_84' title='bbox 42 894 290 948; x_wconf 83' lang='grc' dir='ltr'><strong><em>1οδημοτῶν</em></strong></span> <span class='ocrx_word' id='word_1_85' title='bbox 309 892 641 951; x_wconf 78' lang='grc' dir='ltr'><strong><em>κατεσφάγησαν.</em></strong></span> <span class='ocrx_word' id='word_1_86' title='bbox 710 896 916 951; x_wconf 76' lang='grc' dir='ltr'><strong><em>θυμωθέν</em></strong></span> <span class='ocrx_word' id='word_1_87' title='bbox 935 895 980 938; x_wconf 75' lang='grc' dir='ltr'><strong><em>δὲ</em></strong></span> <span class='ocrx_word' id='word_1_88' title='bbox 1010 894 1057 938; x_wconf 85' lang='grc' dir='ltr'><strong><em>τὸ</em></strong></span> <span class='ocrx_word' id='word_1_89' title='bbox 1075 899 1240 950; x_wconf 85' lang='grc' dir='ltr'><strong><em>πλῆθος</em></strong></span> <span class='ocrx_word' id='word_1_90' title='bbox 1267 895 1335 937; x_wconf 81' lang='grc' dir='ltr'><strong><em>καὶ</em></strong></span> <span class='ocrx_word' id='word_1_91' title='bbox 1359 895 1402 936; x_wconf 86' lang='grc' dir='ltr'><strong><em>ἐν</em></strong></span> <span class='ocrx_word' id='word_1_92' title='bbox 1428 892 1568 943; x_wconf 71' lang='grc' dir='ltr'><strong><em>ἄλλοις</em></strong></span> <span class='ocrx_word' id='word_1_93' title='bbox 1591 900 1622 934; x_wconf 80' lang='lat' dir='ltr'>C</span> 
     </span>
     <span class='ocr_line' id='line_1_12' title="bbox 94 959 1569 1020; baseline 0 -15"><span class='ocrx_word' id='word_1_94' title='bbox 94 959 236 1012; x_wconf 77' lang='grc' dir='ltr'><strong><em>τόποις</em></strong></span> <span class='ocrx_word' id='word_1_95' title='bbox 253 961 404 1016; x_wconf 69' lang='grc' dir='ltr'><strong><em>ἕβαλον</em></strong></span> <span class='ocrx_word' id='word_1_96' title='bbox 424 967 507 1020; x_wconf 81' lang='grc' dir='ltr'><strong><em>πῦρ</em></strong></span> <span class='ocrx_word' id='word_1_97' title='bbox 524 964 596 1006; x_wconf 85' lang='grc' dir='ltr'><strong><em>καί</em></strong></span> <span class='ocrx_word' id='word_1_98' title='bbox 610 979 723 1014; x_wconf 90' lang='grc' dir='ltr'><strong><em>τινας</em></strong></span> <span class='ocrx_word' id='word_1_99' title='bbox 743 963 931 1014; x_wconf 78' lang='grc' dir='ltr'><strong><em>ἀτάκτως</em></strong></span> <span class='ocrx_word' id='word_1_100' title='bbox 952 962 1159 1020; x_wconf 80' lang='grc' dir='ltr'><strong><em>ἐφόνευον.</em></strong></span> <span class='ocrx_word' id='word_1_101' title='bbox 1229 967 1280 1020; x_wconf 83' lang='grc' dir='ltr'><strong><em>τῇ</em></strong></span> <span class='ocrx_word' id='word_1_102' title='bbox 1302 963 1347 1006; x_wconf 74' lang='grc' dir='ltr'><strong><em>δὲ</em></strong></span> <span class='ocrx_word' id='word_1_103' title='bbox 1369 962 1569 1006; x_wconf 79' lang='grc' dir='ltr'><strong><em>ὀκτωκαι-</em></strong></span> 
     </span>
     <span class='ocr_line' id='line_1_13' title="bbox 95 1028 1568 1091; baseline -0.001 -18"><span class='ocrx_word' id='word_1_104' title='bbox 95 1028 247 1088; x_wconf 77' lang='grc' dir='ltr'><strong><em>δεκάτῃ</em></strong></span> <span class='ocrx_word' id='word_1_105' title='bbox 264 1035 338 1075; x_wconf 80' lang='grc' dir='ltr'><em>τοῦ</em></span> <span class='ocrx_word' id='word_1_106' title='bbox 358 1031 487 1075; x_wconf 72' lang='grc' dir='ltr'><strong><em>αἰτοῦ</em></strong></span> <span class='ocrx_word' id='word_1_107' title='bbox 503 1031 634 1088; x_wconf 83' lang='grc' dir='ltr'><strong><em>μηνὸς</em></strong></span> <span class='ocrx_word' id='word_1_108' title='bbox 668 1032 851 1089; x_wconf 81' lang='grc' dir='ltr'><strong><em>ἀνῆλθεν</em></strong></span> <span class='ocrx_word' id='word_1_109' title='bbox 886 1030 908 1076; x_wconf 80' lang='grc' dir='ltr'><em>ὃ</em></span> <span class='ocrx_word' id='word_1_110' title='bbox 926 1032 1119 1087; x_wconf 80' lang='grc' dir='ltr'><strong><em>βασιλεῦς</em></strong></span> <span class='ocrx_word' id='word_1_111' title='bbox 1140 1033 1182 1075; x_wconf 88' lang='grc' dir='ltr'><strong><em>ἐν</em></strong></span> <span class='ocrx_word' id='word_1_112' title='bbox 1204 1036 1264 1091; x_wconf 79' lang='grc' dir='ltr'><strong><em>τῷ</em></strong></span> <span class='ocrx_word' id='word_1_113' title='bbox 1290 1029 1455 1090; x_wconf 81' lang='grc' dir='ltr'><strong><em>Ἱππικῷ</em></strong></span> <span class='ocrx_word' id='word_1_114' title='bbox 1484 1036 1568 1085; x_wconf 87' lang='grc' dir='ltr'><strong><em>βα-</em></strong></span> 
     </span>
     <span class='ocr_line' id='line_1_14' title="bbox 96 1098 1569 1158; baseline 0 -16"><span class='ocrx_word' id='word_1_115' title='bbox 96 1098 256 1152; x_wconf 80' lang='grc' dir='ltr'><strong><em>στάζων</em></strong></span> <span class='ocrx_word' id='word_1_116' title='bbox 276 1100 324 1144; x_wconf 88' lang='grc' dir='ltr'><strong><em>τὸ</em></strong></span> <span class='ocrx_word' id='word_1_117' title='bbox 342 1098 454 1157; x_wconf 81' lang='grc' dir='ltr'><strong><em>ἅγιον</em></strong></span> <span class='ocrx_word' id='word_1_118' title='bbox 474 1105 706 1158; x_wconf 85' lang='grc' dir='ltr'><strong><em>μεγαλεῖον·</em></strong></span> <span class='ocrx_word' id='word_1_119' title='bbox 744 1103 811 1146; x_wconf 82' lang='grc' dir='ltr'><strong><em>καὶ</em></strong></span> <span class='ocrx_word' id='word_1_120' title='bbox 841 1100 1052 1157; x_wconf 73' lang='grc' dir='ltr'><strong><em>μαθόντες</em></strong></span> <span class='ocrx_word' id='word_1_121' title='bbox 1073 1102 1110 1144; x_wconf 80' lang='grc' dir='ltr'><strong><em>οἳ</em></strong></span> <span class='ocrx_word' id='word_1_122' title='bbox 1140 1100 1252 1155; x_wconf 76' lang='grc' dir='ltr'><strong><em>ὄχλοι</em></strong></span> <span class='ocrx_word' id='word_1_123' title='bbox 1273 1100 1473 1155; x_wconf 83' lang='grc' dir='ltr'><strong><em>ἀνῆλθον,</em></strong></span> <span class='ocrx_word' id='word_1_124' title='bbox 1500 1102 1569 1143; x_wconf 83' lang='grc' dir='ltr'><strong><em>καὶ</em></strong></span> 
     </span>
     <span class='ocr_line' id='line_1_15' title="bbox 98 1167 1568 1228; baseline 0 -17"><span class='ocrx_word' id='word_1_125' title='bbox 98 1167 415 1226; x_wconf 78' lang='grc' dir='ltr'><strong><em>προσεφώνησεν</em></strong></span> <span class='ocrx_word' id='word_1_126' title='bbox 434 1170 575 1220; x_wconf 74' lang='grc' dir='ltr'><strong><em>αὐτοῖς</em></strong></span> <span class='ocrx_word' id='word_1_127' title='bbox 591 1171 686 1225; x_wconf 76' lang='grc' dir='ltr'><strong><em>μεθ’</em></strong></span> <span class='ocrx_word' id='word_1_128' title='bbox 722 1170 854 1228; x_wconf 84' lang='grc' dir='ltr'><strong><em>ὅρκων</em></strong></span> <span class='ocrx_word' id='word_1_129' title='bbox 876 1172 1092 1226; x_wconf 77' lang='grc' dir='ltr'><strong><em>μανὸἇτα·</em></strong></span> <span class='ocrx_word' id='word_1_130' title='bbox 1129 1171 1196 1213; x_wconf 85' lang='grc' dir='ltr'><strong><em>καὶ</em></strong></span> <span class='ocrx_word' id='word_1_131' title='bbox 1223 1171 1366 1213; x_wconf 80' lang='grc' dir='ltr'><strong><em>πολλοὶ</em></strong></span> <span class='ocrx_word' id='word_1_132' title='bbox 1395 1170 1471 1225; x_wconf 73' lang='grc' dir='ltr'><strong><em>μὲν</em></strong></span> <span class='ocrx_word' id='word_1_133' title='bbox 1493 1173 1568 1211; x_wconf 82' lang='grc' dir='ltr'><strong><em>τοῦ</em></strong></span> 
     </span>
    </p>

    <p class='ocr_par' dir='ltr' id='par_1_5' title="bbox 43 1234 1720 1573">
     <span class='ocr_line' id='line_1_16' title="bbox 43 1234 1720 1297; baseline -0.001 -16"><span class='ocrx_word' id='word_1_134' title='bbox 43 1243 88 1281; x_wconf 84' lang='lat'><strong><em>15</em></strong></span> <span class='ocrx_word' id='word_1_135' title='bbox 99 1234 234 1292; x_wconf 81' lang='grc' dir='ltr'><strong><em>δήμου</em></strong></span> <span class='ocrx_word' id='word_1_136' title='bbox 257 1237 425 1296; x_wconf 72' lang='grc' dir='ltr'><strong><em>ἔκραζον</em></strong></span> <span class='ocrx_word' id='word_1_137' title='bbox 444 1238 571 1284; x_wconf 80' lang='grc' dir='ltr'><strong><em>αὐτὸν</em></strong></span> <span class='ocrx_word' id='word_1_138' title='bbox 599 1241 771 1294; x_wconf 76' lang='grc' dir='ltr'><strong><em>βασιλέα</em></strong></span> <span class='ocrx_word' id='word_1_139' title='bbox 783 1272 798 1294; x_wconf 92' lang='grc'><strong><em>,</em></strong></span> <span class='ocrx_word' id='word_1_140' title='bbox 835 1240 962 1297; x_wconf 71' lang='grc' dir='ltr'><strong><em>ἕτεροι</em></strong></span> <span class='ocrx_word' id='word_1_141' title='bbox 985 1240 1029 1282; x_wconf 77' lang='grc' dir='ltr'><strong><em>δὲ</em></strong></span> <span class='ocrx_word' id='word_1_142' title='bbox 1055 1240 1318 1291; x_wconf 76' lang='grc' dir='ltr'><strong><em>ἐστασίαζον,</em></strong></span> <span class='ocrx_word' id='word_1_143' title='bbox 1356 1237 1570 1296; x_wconf 79' lang='grc' dir='ltr'><strong><em>κράζοντες</em></strong></span> <span class='ocrx_word' id='word_1_144' title='bbox 1594 1253 1627 1287; x_wconf 94' lang='lat'>0</span> <span class='ocrx_word' id='word_1_145' title='bbox 1651 1254 1720 1288; x_wconf 72' lang='lat'><strong><em>217</em></strong></span> 
     </span>
     <span class='ocr_line' id='line_1_17' title="bbox 94 1303 1569 1365; baseline 0 -16"><span class='ocrx_word' id='word_1_146' title='bbox 94 1303 304 1350; x_wconf 60' lang='grc' dir='ltr'><strong><em>ιΥπάτιον.</em></strong></span> <span class='ocrx_word' id='word_1_147' title='bbox 375 1309 443 1350; x_wconf 84' lang='grc' dir='ltr'><strong><em>καὶ</em></strong></span> <span class='ocrx_word' id='word_1_148' title='bbox 463 1306 660 1363; x_wconf 80' lang='grc' dir='ltr'><strong><em>λαβόντες</em></strong></span> <span class='ocrx_word' id='word_1_149' title='bbox 688 1309 728 1352; x_wconf 81' lang='grc' dir='ltr'><strong><em>οἶ</em></strong></span> <span class='ocrx_word' id='word_1_150' title='bbox 750 1311 874 1365; x_wconf 78' lang='grc' dir='ltr'><strong><em>δῆμοι</em></strong></span> <span class='ocrx_word' id='word_1_151' title='bbox 907 1307 979 1351; x_wconf 81' lang='grc' dir='ltr'><strong><em>τὸν</em></strong></span> <span class='ocrx_word' id='word_1_152' title='bbox 1015 1307 1141 1351; x_wconf 71' lang='grc' dir='ltr'><strong><em>αὐτὸν</em></strong></span> <span class='ocrx_word' id='word_1_153' title='bbox 1167 1305 1363 1351; x_wconf 69' lang='lat' dir='ltr'><strong>‘Ynduov</strong></span> <span class='ocrx_word' id='word_1_154' title='bbox 1407 1304 1569 1363; x_wconf 76' lang='grc' dir='ltr'><strong><em>ἀπήγα-</em></strong></span> 
     </span>
     <span class='ocr_line' id='line_1_18' title="bbox 97 1373 1570 1437; baseline 0 -19"><span class='ocrx_word' id='word_1_155' title='bbox 97 1390 170 1430; x_wconf 79' lang='grc' dir='ltr'><strong><em>γον</em></strong></span> <span class='ocrx_word' id='word_1_156' title='bbox 191 1373 317 1419; x_wconf 76' lang='grc' dir='ltr'><strong><em>αὐτὸν</em></strong></span> <span class='ocrx_word' id='word_1_157' title='bbox 343 1375 386 1418; x_wconf 81' lang='grc' dir='ltr'><strong><em>ἐν</em></strong></span> <span class='ocrx_word' id='word_1_158' title='bbox 408 1380 466 1434; x_wconf 81' lang='grc' dir='ltr'><strong><em>τῷ</em></strong></span> <span class='ocrx_word' id='word_1_159' title='bbox 485 1379 685 1436; x_wconf 76' lang='grc' dir='ltr'><strong><em>λεγομένῳ</em></strong></span> <span class='ocrx_word' id='word_1_160' title='bbox 716 1376 834 1437; x_wconf 74' lang='grc' dir='ltr'><strong><em>ᾳόρῳ</em></strong></span> <span class='ocrx_word' id='word_1_161' title='bbox 864 1379 1182 1421; x_wconf 81' lang='grc' dir='ltr'><strong><em>Κωνσταντίνου</em></strong></span> <span class='ocrx_word' id='word_1_162' title='bbox 1198 1390 1207 1400; x_wconf 93' lang='grc'><em>·</em></span> <span class='ocrx_word' id='word_1_163' title='bbox 1245 1378 1311 1419; x_wconf 80' lang='grc' dir='ltr'><strong><em>καὶ</em></strong></span> <span class='ocrx_word' id='word_1_164' title='bbox 1343 1374 1570 1432; x_wconf 81' lang='grc' dir='ltr'><strong><em>στήσαντες</em></strong></span> 
     </span>
     <span class='ocr_line' id='line_1_19' title="bbox 99 1442 1568 1502; baseline 0 -16"><span class='ocrx_word' id='word_1_165' title='bbox 99 1443 226 1487; x_wconf 70' lang='grc' dir='ltr'><strong><em>αὐτὸν</em></strong></span> <span class='ocrx_word' id='word_1_166' title='bbox 241 1444 284 1487; x_wconf 82' lang='grc' dir='ltr'><strong><em>ἐν</em></strong></span> <span class='ocrx_word' id='word_1_167' title='bbox 299 1442 398 1499; x_wconf 77' lang='grc' dir='ltr'><strong><em>ὕψει</em></strong></span> <span class='ocrx_word' id='word_1_168' title='bbox 418 1447 475 1495; x_wconf 78' lang='grc' dir='ltr'><strong><em>εἷς</em></strong></span> <span class='ocrx_word' id='word_1_169' title='bbox 494 1446 592 1497; x_wconf 67' lang='grc' dir='ltr'><strong><em>τοὺς</em></strong></span> <span class='ocrx_word' id='word_1_170' title='bbox 611 1448 809 1502; x_wconf 77' lang='grc' dir='ltr'><strong><em>βαθμοὺς</em></strong></span> <span class='ocrx_word' id='word_1_171' title='bbox 828 1449 896 1490; x_wconf 85' lang='grc' dir='ltr'><strong><em>καὶ</em></strong></span> <span class='ocrx_word' id='word_1_172' title='bbox 923 1444 1182 1502; x_wconf 79' lang='grc' dir='ltr'><strong><em>ἀφειλάμενοι</em></strong></span> <span class='ocrx_word' id='word_1_173' title='bbox 1205 1446 1248 1488; x_wconf 84' lang='grc' dir='ltr'><strong><em>ἐκ</em></strong></span> <span class='ocrx_word' id='word_1_174' title='bbox 1266 1450 1340 1488; x_wconf 79' lang='grc' dir='ltr'><strong><em>τοῦ</em></strong></span> <span class='ocrx_word' id='word_1_175' title='bbox 1364 1447 1568 1488; x_wconf 87' lang='grc' dir='ltr'><strong><em>παλατιόυ</em></strong></span> 
     </span>
     <span class='ocr_line' id='line_1_20' title="bbox 98 1512 1567 1573; baseline -0.001 -17"><span class='ocrx_word' id='word_1_176' title='bbox 98 1513 217 1569; x_wconf 83' lang='grc' dir='ltr'><strong><em>σι’γνα</em></strong></span> <span class='ocrx_word' id='word_1_177' title='bbox 238 1515 306 1556; x_wconf 76' lang='grc' dir='ltr'><strong><em>καὶ</em></strong></span> <span class='ocrx_word' id='word_1_178' title='bbox 337 1512 553 1568; x_wconf 89' lang='grc' dir='ltr'><strong><em>μανιάκιον</em></strong></span> <span class='ocrx_word' id='word_1_179' title='bbox 575 1521 782 1572; x_wconf 83' lang='grc' dir='ltr'><strong><em>χρυσοῦν,</em></strong></span> <span class='ocrx_word' id='word_1_180' title='bbox 819 1515 1069 1573; x_wconf 72' lang='grc' dir='ltr'><strong><em>περιέθηκαν</em></strong></span> <span class='ocrx_word' id='word_1_181' title='bbox 1099 1515 1211 1573; x_wconf 77' lang='grc' dir='ltr'><strong><em>αὐτῷ</em></strong></span> <span class='ocrx_word' id='word_1_182' title='bbox 1238 1516 1279 1557; x_wconf 90' lang='grc' dir='ltr'><strong><em>ἐν</em></strong></span> <span class='ocrx_word' id='word_1_183' title='bbox 1310 1518 1362 1572; x_wconf 80' lang='grc' dir='ltr'><strong><em>τῇ</em></strong></span> <span class='ocrx_word' id='word_1_184' title='bbox 1396 1518 1567 1570; x_wconf 78' lang='grc' dir='ltr'><strong><em>κεφαλῇ.</em></strong></span> 
     </span>
    </p>

    <p class='ocr_par' dir='ltr' id='par_1_6' title="bbox 41 1579 1623 1919">
     <span class='ocr_line' id='line_1_21' title="bbox 41 1579 1623 1644; baseline 0.001 -18"><span class='ocrx_word' id='word_1_185' title='bbox 41 1583 166 1626; x_wconf 61' lang='lat' dir='ltr'><strong><em>zoua)</em></strong></span> <span class='ocrx_word' id='word_1_186' title='bbox 187 1579 383 1636; x_wconf 79' lang='grc' dir='ltr'><strong><em>λαβόντες</em></strong></span> <span class='ocrx_word' id='word_1_187' title='bbox 401 1582 528 1627; x_wconf 76' lang='grc' dir='ltr'><strong><em>αὐτὸν</em></strong></span> <span class='ocrx_word' id='word_1_188' title='bbox 549 1583 759 1642; x_wconf 78' lang='grc' dir='ltr'><strong><em>ἀπήγαγον</em></strong></span> <span class='ocrx_word' id='word_1_189' title='bbox 778 1586 819 1628; x_wconf 89' lang='grc' dir='ltr'><strong><em>ἐν</em></strong></span> <span class='ocrx_word' id='word_1_190' title='bbox 839 1589 899 1644; x_wconf 79' lang='grc' dir='ltr'><strong><em>τῷ</em></strong></span> <span class='ocrx_word' id='word_1_191' title='bbox 916 1583 1083 1642; x_wconf 79' lang='grc' dir='ltr'><strong><em>Ἶππικῷ</em></strong></span> <span class='ocrx_word' id='word_1_192' title='bbox 1093 1616 1107 1637; x_wconf 94' lang='grc'><strong><em>,</em></strong></span> <span class='ocrx_word' id='word_1_193' title='bbox 1143 1581 1388 1638; x_wconf 85' lang='grc' dir='ltr'><strong><em>βουλόμενοι</em></strong></span> <span class='ocrx_word' id='word_1_194' title='bbox 1412 1580 1568 1638; x_wconf 81' lang='grc' dir='ltr'><strong><em>ἀναγά-</em></strong></span> <span class='ocrx_word' id='word_1_195' title='bbox 1590 1593 1623 1627; x_wconf 93' lang='lat' dir='ltr'>D</span> 
     </span>
     <span class='ocr_line' id='line_1_22' title="bbox 99 1650 1574 1712; baseline 0.001 -21"><span class='ocrx_word' id='word_1_196' title='bbox 99 1667 166 1706; x_wconf 79' lang='grc' dir='ltr'><strong><em>γαι</em></strong></span> <span class='ocrx_word' id='word_1_197' title='bbox 187 1650 314 1693; x_wconf 77' lang='grc' dir='ltr'><strong><em>αὐτὸν</em></strong></span> <span class='ocrx_word' id='word_1_198' title='bbox 332 1651 374 1693; x_wconf 84' lang='grc' dir='ltr'><strong><em>ἐν</em></strong></span> <span class='ocrx_word' id='word_1_199' title='bbox 397 1656 457 1709; x_wconf 76' lang='grc' dir='ltr'><strong><em>τῷ</em></strong></span> <span class='ocrx_word' id='word_1_200' title='bbox 476 1657 676 1712; x_wconf 78' lang='grc' dir='ltr'><strong><em>βασιλικῷ</em></strong></span> <span class='ocrx_word' id='word_1_201' title='bbox 703 1656 945 1708; x_wconf 80' lang='grc' dir='ltr'><strong><em>καθίσματι.</em></strong></span> <span class='ocrx_word' id='word_1_202' title='bbox 1018 1651 1184 1695; x_wconf 64' lang='grc' dir='ltr'><strong><em>ἔσπευδε</em></strong></span> <span class='ocrx_word' id='word_1_203' title='bbox 1214 1652 1293 1708; x_wconf 80' lang='grc' dir='ltr'><strong><em>γὰρ</em></strong></span> <span class='ocrx_word' id='word_1_204' title='bbox 1325 1652 1374 1694; x_wconf 79' lang='grc' dir='ltr'><strong><em>τὸ</em></strong></span> <span class='ocrx_word' id='word_1_205' title='bbox 1409 1651 1574 1706; x_wconf 82' lang='grc' dir='ltr'><strong><em>πλῆθος</em></strong></span> 
     </span>
     <span class='ocr_line' id='line_1_23' title="bbox 101 1716 1572 1781; baseline 0 -20"><span class='ocrx_word' id='word_1_206' title='bbox 101 1720 298 1775; x_wconf 63' lang='grc' dir='ltr'><strong><em>ᾳορεσιάν</em></strong></span> <span class='ocrx_word' id='word_1_207' title='bbox 315 1721 530 1776; x_wconf 78' lang='grc' dir='ltr'><strong><em>βασιλικὴν</em></strong></span> <span class='ocrx_word' id='word_1_208' title='bbox 549 1720 717 1776; x_wconf 84' lang='grc' dir='ltr'><strong><em>ἐκβάλαι</em></strong></span> <span class='ocrx_word' id='word_1_209' title='bbox 739 1722 852 1781; x_wconf 76' lang='grc' dir='ltr'><strong><em>αὐτῷ</em></strong></span> <span class='ocrx_word' id='word_1_210' title='bbox 881 1723 924 1764; x_wconf 84' lang='grc' dir='ltr'><strong><em>ἐκ</em></strong></span> <span class='ocrx_word' id='word_1_211' title='bbox 957 1725 1031 1764; x_wconf 83' lang='grc' dir='ltr'><strong><em>τοῦ</em></strong></span> <span class='ocrx_word' id='word_1_212' title='bbox 1050 1722 1251 1764; x_wconf 83' lang='grc' dir='ltr'><strong><em>παλατιόυ</em></strong></span> <span class='ocrx_word' id='word_1_213' title='bbox 1265 1734 1275 1744; x_wconf 89' lang='grc'><em>·</em></span> <span class='ocrx_word' id='word_1_214' title='bbox 1311 1716 1362 1775; x_wconf 73' lang='grc' dir='ltr'><strong><em>ἧν</em></strong></span> <span class='ocrx_word' id='word_1_215' title='bbox 1387 1719 1466 1776; x_wconf 79' lang='grc' dir='ltr'><strong><em>γὰρ</em></strong></span> <span class='ocrx_word' id='word_1_216' title='bbox 1488 1737 1572 1774; x_wconf 87' lang='grc' dir='ltr'><strong><em>μα-</em></strong></span> 
     </span>
     <span class='ocr_line' id='line_1_24' title="bbox 101 1785 1572 1847; baseline 0.001 -18"><span class='ocrx_word' id='word_1_217' title='bbox 101 1787 194 1830; x_wconf 77' lang='grc' dir='ltr'><strong><em>θών</em></strong></span> <span class='ocrx_word' id='word_1_218' title='bbox 221 1785 243 1830; x_wconf 83' lang='grc' dir='ltr'><em>ὃ</em></span> <span class='ocrx_word' id='word_1_219' title='bbox 275 1785 472 1840; x_wconf 62' lang='grc' dir='ltr'><strong><em>ςΥπάτιος</em></strong></span> <span class='ocrx_word' id='word_1_220' title='bbox 514 1788 576 1833; x_wconf 82' lang='grc' dir='ltr'><strong><em>ὅτι</em></strong></span> <span class='ocrx_word' id='word_1_221' title='bbox 611 1788 633 1833; x_wconf 82' lang='grc' dir='ltr'><strong><em>ὃ</em></strong></span> <span class='ocrx_word' id='word_1_222' title='bbox 665 1791 858 1845; x_wconf 73' lang='grc' dir='ltr'><strong><em>βασιλεὺς</em></strong></span> <span class='ocrx_word' id='word_1_223' title='bbox 894 1788 1147 1847; x_wconf 79' lang='grc' dir='ltr'><strong><em>ἀνεχώρησε·</em></strong></span> <span class='ocrx_word' id='word_1_224' title='bbox 1183 1791 1250 1833; x_wconf 79' lang='grc' dir='ltr'><strong><em>καὶ</em></strong></span> <span class='ocrx_word' id='word_1_225' title='bbox 1284 1790 1509 1839; x_wconf 83' lang='grc' dir='ltr'><strong><em>καθεσθεὶς</em></strong></span> <span class='ocrx_word' id='word_1_226' title='bbox 1529 1790 1572 1831; x_wconf 87' lang='grc' dir='ltr'><strong><em>ἐν</em></strong></span> 
     </span>
     <span class='ocr_line' id='line_1_25' title="bbox 100 1857 996 1919; baseline 0.003 -20"><span class='ocrx_word' id='word_1_227' title='bbox 100 1860 160 1919; x_wconf 75' lang='grc' dir='ltr'><strong><em>τῷ</em></strong></span> <span class='ocrx_word' id='word_1_228' title='bbox 183 1858 413 1911; x_wconf 81' lang='grc' dir='ltr'><strong><em>καθίσματι</em></strong></span> <span class='ocrx_word' id='word_1_229' title='bbox 446 1859 552 1914; x_wconf 81' lang='grc' dir='ltr'><strong><em>μετὰ</em></strong></span> <span class='ocrx_word' id='word_1_230' title='bbox 568 1857 758 1917; x_wconf 75' lang='grc' dir='ltr'><strong><em>θράσους</em></strong></span> <span class='ocrx_word' id='word_1_231' title='bbox 778 1857 996 1918; x_wconf 74' lang='grc' dir='ltr'><strong><em>ἐτυράννει.</em></strong></span> 
     </span>
    </p>
   </div>
   <div class='ocr_carea' id='block_1_3' title="bbox 99 2010 1577 2891">
    <p class='ocr_par' dir='ltr' id='par_1_7' title="bbox 99 2010 1577 2891">
     <span class='ocr_line' id='line_1_26' title="bbox 100 2010 1571 2061; baseline -0.002 -13"><span class='ocrx_word' id='word_1_232' title='bbox 100 2010 260 2048; x_wconf 74' lang='lat' dir='ltr'><strong>clamavit</strong></span> <span class='ocrx_word' id='word_1_233' title='bbox 277 2016 391 2048; x_wconf 84' lang='lat' dir='ltr'><strong>autem</strong></span> <span class='ocrx_word' id='word_1_234' title='bbox 405 2014 510 2049; x_wconf 85' lang='lat' dir='ltr'><strong>turba</strong></span> <span class='ocrx_word' id='word_1_235' title='bbox 528 2013 691 2051; x_wconf 85' lang='lat' dir='ltr'><strong>adversus</strong></span> <span class='ocrx_word' id='word_1_236' title='bbox 703 2015 867 2050; x_wconf 76' lang='lat' dir='ltr'><strong>Ioannem</strong></span> <span class='ocrx_word' id='word_1_237' title='bbox 887 2014 1140 2061; x_wconf 84' lang='lat' dir='ltr'><strong>Cappadocem,</strong></span> <span class='ocrx_word' id='word_1_238' title='bbox 1164 2011 1427 2054; x_wconf 86' lang='lat' dir='ltr'><strong>Tribonianum,</strong></span> <span class='ocrx_word' id='word_1_239' title='bbox 1451 2011 1571 2052; x_wconf 83' lang='lat' dir='ltr'><strong>Quae-</strong></span> 
     </span>
     <span class='ocr_line' id='line_1_27' title="bbox 99 2057 1570 2105; baseline 0 -13"><span class='ocrx_word' id='word_1_240' title='bbox 99 2060 237 2100; x_wconf 68' lang='lat' dir='ltr'><strong>starem,</strong></span> <span class='ocrx_word' id='word_1_241' title='bbox 261 2059 547 2105; x_wconf 74' lang='lat' dir='ltr'><strong>praefectumque</strong></span> <span class='ocrx_word' id='word_1_242' title='bbox 570 2061 662 2096; x_wconf 87' lang='lat' dir='ltr'><strong>urbis</strong></span> <span class='ocrx_word' id='word_1_243' title='bbox 685 2062 947 2096; x_wconf 82' lang='lat' dir='ltr'><strong>Eudaemonem.</strong></span> <span class='ocrx_word' id='word_1_244' title='bbox 988 2061 1091 2102; x_wconf 84' lang='lat' dir='ltr'><strong><em>Quod</em></strong></span> <span class='ocrx_word' id='word_1_245' title='bbox 1113 2059 1171 2095; x_wconf 86' lang='lat' dir='ltr'><strong><em>ubi</em></strong></span> <span class='ocrx_word' id='word_1_246' title='bbox 1194 2058 1375 2100; x_wconf 81' lang='lat' dir='ltr'>audissent,</span> <span class='ocrx_word' id='word_1_247' title='bbox 1399 2057 1458 2104; x_wconf 89' lang='lat' dir='ltr'><strong>qui</strong></span> <span class='ocrx_word' id='word_1_248' title='bbox 1477 2059 1570 2102; x_wconf 86' lang='lat' dir='ltr'><strong>jussu</strong></span> 
     </span>
     <span class='ocr_line' id='line_1_28' title="bbox 99 2102 1571 2152; baseline -0.001 -14"><span class='ocrx_word' id='word_1_249' title='bbox 99 2102 324 2150; x_wconf 77' lang='lat' dir='ltr'><strong>Imperatoris</strong></span> <span class='ocrx_word' id='word_1_250' title='bbox 354 2117 429 2141; x_wconf 88' lang='lat' dir='ltr'><strong>cum</strong></span> <span class='ocrx_word' id='word_1_251' title='bbox 461 2112 594 2142; x_wconf 83' lang='lat' dir='ltr'><strong>armata</strong></span> <span class='ocrx_word' id='word_1_252' title='bbox 635 2120 735 2142; x_wconf 82' lang='lat' dir='ltr'><strong>manu</strong></span> <span class='ocrx_word' id='word_1_253' title='bbox 778 2108 823 2142; x_wconf 88' lang='lat' dir='ltr'><strong><em>ad</em></strong></span> <span class='ocrx_word' id='word_1_254' title='bbox 855 2107 1112 2142; x_wconf 81' lang='lat' dir='ltr'><strong>tumultuantem</strong></span> <span class='ocrx_word' id='word_1_255' title='bbox 1142 2105 1305 2152; x_wconf 89' lang='lat' dir='ltr'><strong>populum</strong></span> <span class='ocrx_word' id='word_1_256' title='bbox 1346 2104 1571 2139; x_wconf 89' lang='lat' dir='ltr'><strong>coercendum</strong></span> 
     </span>
     <span class='ocr_line' id='line_1_29' title="bbox 101 2150 1571 2196; baseline -0.001 -12"><span class='ocrx_word' id='word_1_257' title='bbox 101 2150 231 2194; x_wconf 71' lang='lat' dir='ltr'><strong>egressi</strong></span> <span class='ocrx_word' id='word_1_258' title='bbox 252 2151 413 2196; x_wconf 77' lang='lat' dir='ltr'><strong>fuerant,</strong></span> <span class='ocrx_word' id='word_1_259' title='bbox 437 2152 605 2196; x_wconf 82' lang='lat' dir='ltr'><strong>Mundus,</strong></span> <span class='ocrx_word' id='word_1_260' title='bbox 637 2154 890 2189; x_wconf 82' lang='lat' dir='ltr'><strong>Constantiolus</strong></span> <span class='ocrx_word' id='word_1_261' title='bbox 914 2158 950 2188; x_wconf 89' lang='lat' dir='ltr'><strong><em>et</em></strong></span> <span class='ocrx_word' id='word_1_262' title='bbox 970 2153 1157 2195; x_wconf 75' lang='lat' dir='ltr'>Basilides,</span> <span class='ocrx_word' id='word_1_263' title='bbox 1187 2164 1258 2186; x_wconf 88' lang='lat' dir='ltr'><strong><em>rem</em></strong></span> <span class='ocrx_word' id='word_1_264' title='bbox 1280 2150 1486 2196; x_wconf 80' lang='lat' dir='ltr'><strong>Imperatori</strong></span> <span class='ocrx_word' id='word_1_265' title='bbox 1509 2150 1571 2183; x_wconf 82' lang='lat' dir='ltr'><strong>‹le-</strong></span> 
     </span>
     <span class='ocr_line' id='line_1_30' title="bbox 101 2195 1572 2245; baseline -0.003 -12"><span class='ocrx_word' id='word_1_266' title='bbox 101 2197 263 2233; x_wconf 70' lang='lat' dir='ltr'><strong>tuterunt.</strong></span> <span class='ocrx_word' id='word_1_267' title='bbox 308 2198 431 2244; x_wconf 83' lang='lat' dir='ltr'><strong>Itaque</strong></span> <span class='ocrx_word' id='word_1_268' title='bbox 453 2211 474 2234; x_wconf 91' lang='lat' dir='ltr'><strong><em>e</em></strong></span> <span class='ocrx_word' id='word_1_269' title='bbox 495 2200 644 2245; x_wconf 76' lang='lat' dir='ltr'><strong>vestigio</strong></span> <span class='ocrx_word' id='word_1_270' title='bbox 667 2201 834 2243; x_wconf 76' lang='lat' dir='ltr'><strong>Ioannes,</strong></span> <span class='ocrx_word' id='word_1_271' title='bbox 858 2200 1087 2234; x_wconf 84' lang='lat' dir='ltr'><strong>Tribonianus</strong></span> <span class='ocrx_word' id='word_1_272' title='bbox 1109 2204 1145 2233; x_wconf 83' lang='lat' dir='ltr'><strong><em>et</em></strong></span> <span class='ocrx_word' id='word_1_273' title='bbox 1168 2198 1391 2238; x_wconf 77' lang='lat' dir='ltr'><strong>Eudaemon,</strong></span> <span class='ocrx_word' id='word_1_274' title='bbox 1419 2195 1572 2240; x_wconf 79' lang='lat' dir='ltr'><strong>dignita-</strong></span> 
     </span>
     <span class='ocr_line' id='line_1_31' title="bbox 101 2240 1574 2292; baseline -0.001 -15"><span class='ocrx_word' id='word_1_275' title='bbox 101 2240 194 2277; x_wconf 76' lang='lat' dir='ltr'><strong>tibus</strong></span> <span class='ocrx_word' id='word_1_276' title='bbox 216 2242 359 2290; x_wconf 83' lang='lat' dir='ltr'><strong>quisque</strong></span> <span class='ocrx_word' id='word_1_277' title='bbox 380 2246 448 2280; x_wconf 85' lang='lat' dir='ltr'><strong>suis</strong></span> <span class='ocrx_word' id='word_1_278' title='bbox 471 2246 622 2281; x_wconf 81' lang='lat' dir='ltr'><strong>abdicati</strong></span> <span class='ocrx_word' id='word_1_279' title='bbox 645 2250 733 2281; x_wconf 86' lang='lat' dir='ltr'><strong>sunt.</strong></span> <span class='ocrx_word' id='word_1_280' title='bbox 780 2247 946 2292; x_wconf 80' lang='lat' dir='ltr'><strong><em>Egressus</em></strong></span> <span class='ocrx_word' id='word_1_281' title='bbox 969 2251 1081 2281; x_wconf 78' lang='lat' dir='ltr'><strong>autem</strong></span> <span class='ocrx_word' id='word_1_282' title='bbox 1103 2244 1298 2286; x_wconf 78' lang='lat' dir='ltr'><strong>Belisarius,</strong></span> <span class='ocrx_word' id='word_1_283' title='bbox 1323 2241 1477 2277; x_wconf 78' lang='lat' dir='ltr'><strong>Gothica</strong></span> <span class='ocrx_word' id='word_1_284' title='bbox 1500 2252 1574 2275; x_wconf 77' lang='lat' dir='ltr'><strong>ma-</strong></span> 
     </span>
     <span class='ocr_line' id='line_1_32' title="bbox 102 2288 1572 2338; baseline -0.002 -15"><span class='ocrx_word' id='word_1_285' title='bbox 102 2298 149 2323; x_wconf 74' lang='lat' dir='ltr'><strong>nu</strong></span> <span class='ocrx_word' id='word_1_286' title='bbox 171 2288 336 2335; x_wconf 80' lang='lat' dir='ltr'><strong>stipatus,</strong></span> <span class='ocrx_word' id='word_1_287' title='bbox 360 2291 538 2327; x_wconf 80' lang='lat' dir='ltr'><strong>seditiosos</strong></span> <span class='ocrx_word' id='word_1_288' title='bbox 560 2292 700 2327; x_wconf 77' lang='lat' dir='ltr'><strong>adortus</strong></span> <span class='ocrx_word' id='word_1_289' title='bbox 722 2297 793 2334; x_wconf 84' lang='lat' dir='ltr'><strong>est,</strong></span> <span class='ocrx_word' id='word_1_290' title='bbox 830 2291 982 2338; x_wconf 76' lang='lat' dir='ltr'><strong><em>plurimis</em></strong></span> <span class='ocrx_word' id='word_1_291' title='bbox 1006 2298 1121 2326; x_wconf 87' lang='lat' dir='ltr'><strong>eorum</strong></span> <span class='ocrx_word' id='word_1_292' title='bbox 1145 2290 1274 2326; x_wconf 85' lang='lat' dir='ltr'><strong>occisis.</strong></span> <span class='ocrx_word' id='word_1_293' title='bbox 1320 2288 1390 2322; x_wconf 87' lang='lat' dir='ltr'><strong><em>Sed</em></strong></span> <span class='ocrx_word' id='word_1_294' title='bbox 1414 2288 1449 2321; x_wconf 93' lang='lat' dir='ltr'><strong><em>in</em></strong></span> <span class='ocrx_word' id='word_1_295' title='bbox 1474 2288 1572 2322; x_wconf 79' lang='lat' dir='ltr'><strong>furo-</strong></span> 
     </span>
     <span class='ocr_line' id='line_1_33' title="bbox 101 2334 1573 2384; baseline -0.002 -15"><span class='ocrx_word' id='word_1_296' title='bbox 101 2345 174 2370; x_wconf 71' lang='lat' dir='ltr'><strong><em>rem</em></strong></span> <span class='ocrx_word' id='word_1_297' title='bbox 196 2341 277 2370; x_wconf 79' lang='lat' dir='ltr'><strong>acta</strong></span> <span class='ocrx_word' id='word_1_298' title='bbox 299 2337 416 2382; x_wconf 85' lang='lat' dir='ltr'><strong>plebs,</strong></span> <span class='ocrx_word' id='word_1_299' title='bbox 439 2338 606 2373; x_wconf 80' lang='lat' dir='ltr'><strong>aedificiis</strong></span> <span class='ocrx_word' id='word_1_300' title='bbox 629 2339 748 2384; x_wconf 79' lang='lat' dir='ltr'><strong>passim</strong></span> <span class='ocrx_word' id='word_1_301' title='bbox 771 2338 867 2383; x_wconf 79' lang='lat' dir='ltr'><strong>ignes</strong></span> <span class='ocrx_word' id='word_1_302' title='bbox 888 2337 1087 2383; x_wconf 82' lang='lat' dir='ltr'><strong>injiciebat3</strong></span> <span class='ocrx_word' id='word_1_303' title='bbox 1121 2336 1285 2372; x_wconf 87' lang='lat' dir='ltr'><strong>nonnullis</strong></span> <span class='ocrx_word' id='word_1_304' title='bbox 1307 2334 1409 2369; x_wconf 85' lang='lat' dir='ltr'><strong>etiam</strong></span> <span class='ocrx_word' id='word_1_305' title='bbox 1433 2345 1497 2378; x_wconf 88' lang='lat' dir='ltr'><strong><em>per</em></strong></span> <span class='ocrx_word' id='word_1_306' title='bbox 1520 2334 1573 2367; x_wconf 78' lang='lat' dir='ltr'><strong>fas</strong></span> 
     </span>
     <span class='ocr_line' id='line_1_34' title="bbox 102 2380 1575 2430; baseline -0.001 -16"><span class='ocrx_word' id='word_1_307' title='bbox 102 2384 142 2414; x_wconf 82' lang='lat' dir='ltr'><strong><em>et</em></strong></span> <span class='ocrx_word' id='word_1_308' title='bbox 161 2382 256 2416; x_wconf 75' lang='lat' dir='ltr'><strong>nefas</strong></span> <span class='ocrx_word' id='word_1_309' title='bbox 275 2382 480 2419; x_wconf 80' lang='lat' dir='ltr'><strong>interfectis.</strong></span> <span class='ocrx_word' id='word_1_310' title='bbox 528 2384 595 2419; x_wconf 88' lang='lat' dir='ltr'><strong><em>Die</em></strong></span> <span class='ocrx_word' id='word_1_311' title='bbox 618 2389 730 2419; x_wconf 83' lang='lat' dir='ltr'><strong>autem</strong></span> <span class='ocrx_word' id='word_1_312' title='bbox 752 2396 866 2427; x_wconf 85' lang='lat' dir='ltr'><strong>xvm,</strong></span> <span class='ocrx_word' id='word_1_313' title='bbox 889 2384 1037 2430; x_wconf 84' lang='lat' dir='ltr'><strong>ejusdem</strong></span> <span class='ocrx_word' id='word_1_314' title='bbox 1061 2383 1200 2424; x_wconf 78' lang='lat' dir='ltr'><strong><em>mensis,</em></strong></span> <span class='ocrx_word' id='word_1_315' title='bbox 1225 2383 1416 2427; x_wconf 80' lang='lat' dir='ltr'><strong>Imperator</strong></span> <span class='ocrx_word' id='word_1_316' title='bbox 1438 2380 1575 2424; x_wconf 81' lang='lat' dir='ltr'><strong>ingres-</strong></span> 
     </span>
     <span class='ocr_line' id='line_1_35' title="bbox 103 2425 1575 2476; baseline -0.001 -17"><span class='ocrx_word' id='word_1_317' title='bbox 103 2436 160 2460; x_wconf 81' lang='lat' dir='ltr'><strong>sus</strong></span> <span class='ocrx_word' id='word_1_318' title='bbox 182 2431 244 2469; x_wconf 73' lang='lat' dir='ltr'><strong>est,</strong></span> <span class='ocrx_word' id='word_1_319' title='bbox 265 2428 527 2465; x_wconf 75' lang='lat' dir='ltr'><strong>Sacrosanctum</strong></span> <span class='ocrx_word' id='word_1_320' title='bbox 548 2443 646 2466; x_wconf 84' lang='lat' dir='ltr'><strong>manu</strong></span> <span class='ocrx_word' id='word_1_321' title='bbox 668 2443 729 2466; x_wconf 85' lang='lat' dir='ltr'><strong>sua</strong></span> <span class='ocrx_word' id='word_1_322' title='bbox 751 2437 888 2476; x_wconf 83' lang='lat' dir='ltr'><strong>gestans</strong></span> <span class='ocrx_word' id='word_1_323' title='bbox 912 2429 1096 2475; x_wconf 82' lang='lat' dir='ltr'><strong>Evangelii</strong></span> <span class='ocrx_word' id='word_1_324' title='bbox 1120 2429 1299 2464; x_wconf 79' lang='lat' dir='ltr'><strong>Codicem:</strong></span> <span class='ocrx_word' id='word_1_325' title='bbox 1324 2425 1575 2473; x_wconf 84' lang='lat' dir='ltr'><strong>popellumque,</strong></span> 
     </span>
     <span class='ocr_line' id='line_1_36' title="bbox 102 2471 1575 2519; baseline -0.001 -12"><span class='ocrx_word' id='word_1_326' title='bbox 102 2472 164 2518; x_wconf 81' lang='lat' dir='ltr'><strong>qui</strong></span> <span class='ocrx_word' id='word_1_327' title='bbox 187 2473 254 2509; x_wconf 85' lang='lat' dir='ltr'><strong><em>boc</em></strong></span> <span class='ocrx_word' id='word_1_328' title='bbox 274 2475 451 2518; x_wconf 83' lang='lat' dir='ltr'><strong>rescierat,</strong></span> <span class='ocrx_word' id='word_1_329' title='bbox 463 2478 758 2519; x_wconf 71' lang='lat' dir='ltr'><strong>concursitantem,</strong></span> <span class='ocrx_word' id='word_1_330' title='bbox 787 2477 887 2512; x_wconf 81' lang='lat' dir='ltr'><strong>dictis</strong></span> <span class='ocrx_word' id='word_1_331' title='bbox 910 2481 946 2512; x_wconf 85' lang='lat' dir='ltr'><strong><em>et</em></strong></span> <span class='ocrx_word' id='word_1_332' title='bbox 967 2476 1039 2511; x_wconf 90' lang='lat' dir='ltr'><strong><em>fide</em></strong></span> <span class='ocrx_word' id='word_1_333' title='bbox 1062 2487 1122 2510; x_wconf 80' lang='lat' dir='ltr'><strong>sua</strong></span> <span class='ocrx_word' id='word_1_334' title='bbox 1145 2472 1359 2519; x_wconf 80' lang='lat' dir='ltr'><strong>interposita,</strong></span> <span class='ocrx_word' id='word_1_335' title='bbox 1382 2471 1575 2506; x_wconf 85' lang='lat' dir='ltr'><strong>demulcere</strong></span> 
     </span>
     <span class='ocr_line' id='line_1_37' title="bbox 102 2516 1577 2571; baseline -0.003 -18"><span class='ocrx_word' id='word_1_336' title='bbox 102 2518 271 2555; x_wconf 75' lang='lat' dir='ltr'><strong>studebat.</strong></span> <span class='ocrx_word' id='word_1_337' title='bbox 318 2520 448 2568; x_wconf 80' lang='lat' dir='ltr'><strong>Magna</strong></span> <span class='ocrx_word' id='word_1_338' title='bbox 469 2523 590 2568; x_wconf 81' lang='lat' dir='ltr'><strong>itaque</strong></span> <span class='ocrx_word' id='word_1_339' title='bbox 605 2524 728 2558; x_wconf 82' lang='lat' dir='ltr'><strong>turbae</strong></span> <span class='ocrx_word' id='word_1_340' title='bbox 750 2535 832 2569; x_wconf 83' lang='lat' dir='ltr'><strong>pars</strong></span> <span class='ocrx_word' id='word_1_341' title='bbox 852 2524 959 2569; x_wconf 81' lang='lat' dir='ltr'><strong>ipsum</strong></span> <span class='ocrx_word' id='word_1_342' title='bbox 983 2522 1143 2557; x_wconf 83' lang='lat' dir='ltr'><strong>dicebant</strong></span> <span class='ocrx_word' id='word_1_343' title='bbox 1164 2522 1405 2566; x_wconf 86' lang='lat' dir='ltr'><strong>Imperatorem</strong></span> <span class='ocrx_word' id='word_1_344' title='bbox 1416 2530 1434 2571; x_wconf 44' lang='lat'><strong><em>:-</em></strong></span> <span class='ocrx_word' id='word_1_345' title='bbox 1450 2516 1577 2551; x_wconf 83' lang='lat' dir='ltr'><strong>tumul-</strong></span> 
     </span>
     <span class='ocr_line' id='line_1_38' title="bbox 103 2563 1576 2615; baseline -0.003 -16"><span class='ocrx_word' id='word_1_346' title='bbox 103 2569 241 2600; x_wconf 73' lang='lat' dir='ltr'><strong>mantes</strong></span> <span class='ocrx_word' id='word_1_347' title='bbox 263 2571 377 2602; x_wconf 81' lang='lat' dir='ltr'><strong>autem</strong></span> <span class='ocrx_word' id='word_1_348' title='bbox 410 2568 470 2602; x_wconf 82' lang='lat' dir='ltr'><strong>alii</strong></span> <span class='ocrx_word' id='word_1_349' title='bbox 503 2569 693 2615; x_wconf 84' lang='lat' dir='ltr'><strong>Hypatium</strong></span> <span class='ocrx_word' id='word_1_350' title='bbox 717 2571 922 2615; x_wconf 82' lang='lat' dir='ltr'><strong>poscebant:</strong></span> <span class='ocrx_word' id='word_1_351' title='bbox 964 2581 1062 2615; x_wconf 92' lang='lat' dir='ltr'><strong>quem</strong></span> <span class='ocrx_word' id='word_1_352' title='bbox 1088 2567 1190 2602; x_wconf 77' lang='lat' dir='ltr'><strong>etiam</strong></span> <span class='ocrx_word' id='word_1_353' title='bbox 1214 2568 1401 2609; x_wconf 80' lang='lat' dir='ltr'><strong>arreptum,</strong></span> <span class='ocrx_word' id='word_1_354' title='bbox 1423 2574 1460 2597; x_wconf 85' lang='lat' dir='ltr'><strong>m</strong></span> <span class='ocrx_word' id='word_1_355' title='bbox 1484 2563 1576 2597; x_wconf 90' lang='lat' dir='ltr'><strong>Con-</strong></span> 
     </span>
     <span class='ocr_line' id='line_1_39' title="bbox 103 2608 1575 2661; baseline -0.002 -16"><span class='ocrx_word' id='word_1_356' title='bbox 103 2610 242 2645; x_wconf 73' lang='lat' dir='ltr'><strong>stantini</strong></span> <span class='ocrx_word' id='word_1_357' title='bbox 266 2611 393 2648; x_wconf 82' lang='lat' dir='ltr'><strong>Forum</strong></span> <span class='ocrx_word' id='word_1_358' title='bbox 416 2614 653 2650; x_wconf 70' lang='lat' dir='ltr'><strong>deduxeruntz</strong></span> <span class='ocrx_word' id='word_1_359' title='bbox 687 2615 895 2661; x_wconf 85' lang='lat' dir='ltr'><strong>sublimeque</strong></span> <span class='ocrx_word' id='word_1_360' title='bbox 918 2615 955 2650; x_wconf 90' lang='lat' dir='ltr'><strong><em>in</em></strong></span> <span class='ocrx_word' id='word_1_361' title='bbox 978 2614 1153 2649; x_wconf 85' lang='lat' dir='ltr'><strong>Gradibus</strong></span> <span class='ocrx_word' id='word_1_362' title='bbox 1176 2613 1347 2652; x_wconf 84' lang='lat' dir='ltr'><strong>locatum,</strong></span> <span class='ocrx_word' id='word_1_363' title='bbox 1382 2608 1575 2655; x_wconf 82' lang='lat' dir='ltr'><strong>Insignibus</strong></span> 
     </span>
     <span class='ocr_line' id='line_1_40' title="bbox 104 2654 1576 2708; baseline -0.001 -18"><span class='ocrx_word' id='word_1_364' title='bbox 104 2656 356 2702; x_wconf 85' lang='lat' dir='ltr'><strong>Imperatoriis‚</strong></span> <span class='ocrx_word' id='word_1_365' title='bbox 391 2671 435 2694; x_wconf 85' lang='lat' dir='ltr'><strong><em>ex</em></strong></span> <span class='ocrx_word' id='word_1_366' title='bbox 457 2660 593 2695; x_wconf 79' lang='lat' dir='ltr'><strong>Palatio</strong></span> <span class='ocrx_word' id='word_1_367' title='bbox 618 2661 761 2704; x_wconf 84' lang='lat' dir='ltr'><strong>ablatis,</strong></span> <span class='ocrx_word' id='word_1_368' title='bbox 803 2667 997 2708; x_wconf 81' lang='lat' dir='ltr'><strong>torqueque</strong></span> <span class='ocrx_word' id='word_1_369' title='bbox 1022 2671 1127 2694; x_wconf 87' lang='lat' dir='ltr'><strong>aureo</strong></span> <span class='ocrx_word' id='word_1_370' title='bbox 1151 2658 1261 2704; x_wconf 89' lang='lat' dir='ltr'><strong>ipsum</strong></span> <span class='ocrx_word' id='word_1_371' title='bbox 1284 2660 1459 2692; x_wconf 84' lang='lat' dir='ltr'><strong>ornarunt.</strong></span> <span class='ocrx_word' id='word_1_372' title='bbox 1505 2654 1576 2689; x_wconf 87' lang='lat' dir='ltr'><strong><em>Sed</em></strong></span> 
     </span>
     <span class='ocr_line' id='line_1_41' title="bbox 104 2702 1577 2754; baseline -0.001 -17"><span class='ocrx_word' id='word_1_373' title='bbox 104 2702 232 2746; x_wconf 83' lang='lat' dir='ltr'><strong>etiam,</strong></span> <span class='ocrx_word' id='word_1_374' title='bbox 268 2708 389 2738; x_wconf 82' lang='lat' dir='ltr'><strong>ornatu</strong></span> <span class='ocrx_word' id='word_1_375' title='bbox 411 2705 563 2742; x_wconf 85' lang='lat' dir='ltr'><strong>indutum</strong></span> <span class='ocrx_word' id='word_1_376' title='bbox 586 2707 833 2753; x_wconf 83' lang='lat' dir='ltr'><strong>Imperatorio,</strong></span> <span class='ocrx_word' id='word_1_377' title='bbox 859 2719 957 2754; x_wconf 89' lang='lat' dir='ltr'><strong>quem</strong></span> <span class='ocrx_word' id='word_1_378' title='bbox 983 2718 1025 2740; x_wconf 88' lang='lat' dir='ltr'><strong><em>ex</em></strong></span> <span class='ocrx_word' id='word_1_379' title='bbox 1050 2704 1186 2739; x_wconf 82' lang='lat' dir='ltr'><strong>Palatio</strong></span> <span class='ocrx_word' id='word_1_380' title='bbox 1211 2707 1421 2738; x_wconf 80' lang='lat' dir='ltr'><strong>maturantes</strong></span> <span class='ocrx_word' id='word_1_381' title='bbox 1449 2712 1577 2746; x_wconf 82' lang='lat' dir='ltr'><strong>expor-</strong></span> 
     </span>
     <span class='ocr_line' id='line_1_42' title="bbox 106 2747 1575 2796; baseline -0.002 -13"><span class='ocrx_word' id='word_1_382' title='bbox 106 2752 290 2792; x_wconf 72' lang='lat' dir='ltr'><strong>taverant,</strong></span> <span class='ocrx_word' id='word_1_383' title='bbox 314 2749 349 2783; x_wconf 85' lang='lat' dir='ltr'><strong><em>in</em></strong></span> <span class='ocrx_word' id='word_1_384' title='bbox 372 2750 508 2786; x_wconf 85' lang='lat' dir='ltr'><strong>Circum</strong></span> <span class='ocrx_word' id='word_1_385' title='bbox 531 2753 767 2796; x_wconf 82' lang='lat' dir='ltr'><strong>deduxerunt,</strong></span> <span class='ocrx_word' id='word_1_386' title='bbox 791 2754 872 2789; x_wconf 86' lang='lat' dir='ltr'><strong>sede</strong></span> <span class='ocrx_word' id='word_1_387' title='bbox 895 2764 971 2788; x_wconf 87' lang='lat' dir='ltr'><strong><em>eum</em></strong></span> <span class='ocrx_word' id='word_1_388' title='bbox 994 2749 1221 2796; x_wconf 80' lang='lat' dir='ltr'><strong>Imperatoria.</strong></span> <span class='ocrx_word' id='word_1_389' title='bbox 1242 2747 1452 2784; x_wconf 76' lang='lat' dir='ltr'><strong>collocaturi.</strong></span> <span class='ocrx_word' id='word_1_390' title='bbox 1499 2747 1575 2791; x_wconf 78' lang='lat' dir='ltr'><strong><em>Hy-</em></strong></span> 
     </span>
     <span class='ocr_line' id='line_1_43' title="bbox 106 2794 1575 2846; baseline 0.009 -17"><span class='ocrx_word' id='word_1_391' title='bbox 106 2794 220 2839; x_wconf 81' lang='lat' dir='ltr'><strong>patius</strong></span> <span class='ocrx_word' id='word_1_392' title='bbox 243 2795 363 2839; x_wconf 84' lang='lat' dir='ltr'><strong>itaque</strong></span> <span class='ocrx_word' id='word_1_393' title='bbox 386 2795 444 2840; x_wconf 88' lang='lat' dir='ltr'><strong>qui</strong></span> <span class='ocrx_word' id='word_1_394' title='bbox 468 2799 647 2834; x_wconf 77' lang='lat' dir='ltr'><strong>recessisse</strong></span> <span class='ocrx_word' id='word_1_395' title='bbox 668 2799 913 2846; x_wconf 80' lang='lat' dir='ltr'><strong>Imperatorem</strong></span> <span class='ocrx_word' id='word_1_396' title='bbox 937 2796 1124 2840; x_wconf 80' lang='lat' dir='ltr'><strong>rescierat,</strong></span> <span class='ocrx_word' id='word_1_397' title='bbox 1149 2797 1274 2832; x_wconf 69' lang='lat' dir='ltr'><strong><em>thmsso</em></strong></span> <span class='ocrx_word' id='word_1_398' title='bbox 1299 2794 1372 2840; x_wconf 65' lang='lat' dir='ltr'><strong>ejus</strong></span> <span class='ocrx_word' id='word_1_399' title='bbox 1394 2801 1575 2840; x_wconf 57' lang='grc' dir='ltr'><strong>00οὓΡᾶῑῆ</strong></span> 
     </span>
     <span class='ocr_line' id='line_1_44' title="bbox 105 2841 636 2891; baseline 0.004 -14"><span class='ocrx_word' id='word_1_400' title='bbox 105 2841 288 2889; x_wconf 81' lang='lat' dir='ltr'><strong>Imperium</strong></span> <span class='ocrx_word' id='word_1_401' title='bbox 309 2842 456 2879; x_wconf 76' lang='lat' dir='ltr'><strong>fidenter</strong></span> <span class='ocrx_word' id='word_1_402' title='bbox 477 2844 636 2891; x_wconf 81' lang='lat' dir='ltr'><strong>suscepit.</strong></span> 
     </span>
    </p>
   </div>
  </div>
 </body>
</html>
