1838 3230
437 160 1057 207 CHRONOGRAPHIA.'
1103 160 1150 203 L.
1183 160 1318 206 XV11.
1499 167 1595 214 421

135 284 204 328 καὶ
223 279 374 334 πάντες
392 278 583 334 ἐδόξαζον
599 280 674 325 ’τὸν
689 278 802 324 θεόν.
884 280 909 336 ἦ
949 281 993 324 δέ
1022 280 1150 324 αὐτοῦ
1173 281 1384 338 περιουσία
1406 280 1597 339 ἁρπαγεῖ-

132 369 192 396 σα
232 349 439 396 ἀπώλετο·
486 352 553 393 καὶ
592 350 634 392 ἐν
674 343 708 408 ᾧ
750 347 865 408 τόπῳ
900 347 1178 406 ἐτελεύτησεν,
1228 351 1313 392 ἐκεῖ
1343 353 1411 393 καὶ
1449 349 1594 408 ἐτάφη.
1621 363 1650 397 Β

137 421 302 476 ἐδείχθη
333 419 413 477 γὰρ
441 420 511 462 καὶ
541 418 648 461 ἄλλα
678 418 769 460 τινὰ
798 416 1005 474 μυστήρια
1035 423 1110 462 τοῦ
1139 417 1439 476 φιλανθρώπου
1471 424 1596 463 θεοῦ·

135 487 268 546 ἴγκυοι
295 488 372 546 γὰρ
399 494 583 544 γυναῖκες
615 486 664 530 δι’
699 487 846 530 εἴκοσιν
864 485 1026 543 ἡμερῶν
1061 486 1086 543 ἢ
1120 488 1187 530 καὶ
1215 485 1434 542 τριάκοντα
1470 488 1597 544 ἀνῆλ-

101 562 219 602 5θον
238 557 282 599 ἐκ
302 561 385 600 τῶν
397 556 648 612 χωσθέντων
665 552 806 611 ὖγιεΐς’
843 557 990 598 πολλαὶ
1011 556 1054 598 δὲ
1085 553 1328 612 γεννήσασαι
1347 559 1403 606 εἷς
1416 556 1498 612 »τὴν
1521 561 1597 613 γῆν

135 623 248 669 κάτω
289 623 371 668 ὕπὸ
413 625 466 668 τὰ
497 622 674 679 χώματα
728 624 911 679 ἀνῆλθον
952 624 1028 667 σὺν
1076 626 1235 680 νηπίοις
1281 624 1475 680 ἀβλαβεῖς
1529 627 1597 668 καὶ

135 693 282 757 ἔζησαν
312 692 417 749 μετὰ
445 697 528 735 τῶν
560 691 788 747 τεχθέντων
823 694 865 743 ἐξ
904 692 1054 736 αὐτῶν.
1134 695 1201 736 καὶ
1242 691 1348 736 ἄλλα
1382 694 1427 736 δὲ
1454 694 1597 736 παιδία

135 760 332 812 ὥσαῦτως
351 759 612 816 διεσώθησαν
650 761 745 815 μεθ’
776 759 931 816 ἡμέρας
964 759 1014 803 λ’“
1086 763 1153 804 καὶ
1172 761 1305 804 πολλὰ
1335 759 1600 819 φοβερώτερα

133 827 292 874 τούτων
321 830 486 886 ἐγένετο.
558 834 608 887 τῇ
630 831 674 872 δέ
693 831 809 887 τρίτῃ
835 827 967 889 ἡμέρᾳ
992 829 1096 883 μετὰ
1124 830 1198 885 τὴν
1225 834 1380 873 πτῶσιν
1407 828 1536 887 ἐφάνη
1557 831 1599 873 ἐν

75 908 122 943 10
132 903 191 958 τῷ
213 898 374 957 οὐρανῷ
397 896 418 941 ὃ
444 901 576 953 τίμιος
600 898 778 954 σταυρὸς
799 898 867 940 διὰ
897 898 1065 955 νεφέλης
1105 898 1211 941 κατὰ
1241 898 1287 941 τὸ
1316 898 1500 957 ἇρκτῷον
1524 899 1601 954 με’-

131 985 205 1025 ρος
234 971 308 1022 τῆς
338 967 466 1016 αὐτοῖς
498 965 672 1017 πόλεως·
709 968 776 1009 καὶ
806 964 953 1017 πάντες
987 964 1238 1021 θεασάμενοι
1267 967 1393 1010 αὐτὸν
1438 967 1598 1021 ἔμειναν

131 1037 337 1086 κλαίοντες
391 1037 459 1078 καὶ
489 1034 696 1091 εὐχόμενοι
753 1036 816 1077 ἐπὶ
844 1036 943 1089 μίαν
981 1034 1105 1091 ὥραν.
1186 1034 1366 1090 ἐγένοντο
1409 1036 1452 1078 δὲ
1491 1036 1597 1089 μετὰ

130 1105 206 1160 τὴν
227 1108 381 1147 πτῶσιν
410 1107 485 1160 τῆς
513 1102 666 1154 πόλεως
684 1105 751 1146 καὶ
772 1103 888 1146 ἄλλοι
912 1105 1067 1158 σεισμοὶ
1088 1105 1231 1147 πολλοὶ
1281 1102 1336 1153 ὡς
1361 1104 1424 1145 ἐπὶ
1444 1101 1594 1160 χρόνον
1625 1116 1656 1149 C

131 1174 319 1216 ἐνιαυτοῦ
354 1174 422 1216 καὶ
450 1177 607 1227 μηνῶν,
629 1173 683 1223 ἓξ.
754 1173 988 1222 Σελευκείας
1028 1172 1072 1215 δέ
1117 1173 1184 1214 καὶ
1212 1169 1389 1229 Δάφνης
1432 1170 1487 1221 ὡς
1533 1173 1596 1215 ἐπὶ

75 1243 244 1298 15μίλια
277 1241 401 1285 εἴκοσι
443 1246 596 1290 πτῶσις
634 1241 809 1297 ἐγένετο·
855 1240 988 1283 πολλὰ
1016 1240 1060 1282 δέ
1081 1237 1280 1296 χρήματα
1305 1240 1479 1297 παρέσχε
1505 1247 1597 1290 ταῖς

128 1307 366 1360 παθούσαις
386 1307 548 1353 πόλεσιν
576 1307 597 1352 ὅ
630 1309 754 1358 αὐτὸς
782 1306 988 1361 βασιλεύς.
1070 1307 1251 1359 ἀκούσας
1270 1309 1348 1365 γὰρ
1380 1309 1452 1364 τὴν
1482 1326 1596 1365 γενο-

126 1379 252 1434 μένην
278 1377 356 1422 ὑπὸ
392 1382 466 1421 τοῦ
498 1382 601 1421 θεοῦ
635 1378 979 1434 φιλανθρωπίαν,
1017 1374 1124 1434 λύπῃ
1145 1379 1359 1432 συσχεθεὶς
1381 1377 1429 1420 οὐ
1451 1382 1592 1438 μικρᾷ,
1620 1387 1654 1422 O
1681 1387 1747 1423 146

127 1451 315 1503 θεωριῶν
333 1446 392 1502 μὴ
413 1447 620 1503 ἀγομένων
642 1448 682 1490 ἐν
709 1447 945 1504 Βυζαντίῳ,
983 1447 1050 1488 καὶ
1083 1445 1200 1502 ἁγίας
1229 1450 1506 1501 πεντηκοστῆς
1523 1464 1599 1488 xa·-

127 1513 413 1571 ταλαβούσης,
462 1517 555 1570 δίχα
593 1512 847 1569 διαδήματος
883 1517 1073 1569 εἰσῆλθεν
1107 1516 1149 1556 ἐν
1187 1519 1238 1572 τῇ
1275 1516 1466 1574 ἐκκλησίᾳ
1496 1515 1600 1568 μετὰ

71 1589 346 1641 Ξῠπορφυροῦ
369 1586 541 1637 μαντίου
565 1586 738 1636 κλαίων,
776 1583 853 1626 σὺν
875 1583 988 1642 αὖτιῖ
1023 1583 1067 1627 δέ
1101 1584 1167 1626 καὶ
1187 1581 1334 1633 πάντες
1358 1584 1396 1626 οἷ
1422 1588 1599 1638 συγκλη-

129 1655 231 1696 τικοὶ
252 1654 318 1695 καὶ
341 1656 536 1710 πορφυρᾶ
553 1651 741 1710 ἐφόρουν.

221 1772 256 1811 4.
281 1773 398 1810 εἴκοσι
421 1772 489 1808 Ox.

130 1878 243 1915 omnia
273 1877 428 1924 diripuit.
485 1876 557 1911 Ubi
590 1888 673 1912 vero
706 1887 771 1922 per
799 1876 873 1911 dies
904 1879 1051 1922 quatuor
1081 1874 1218 1920 rapinas
1250 1874 1351 1909 hasce
1376 1873 1594 1914 exercuisset,

130 1923 243 1959 omnia
265 1923 500 1970 depraedans,
521 1928 631 1958 morte
654 1923 754 1964 obiit,
779 1923 869 1957 nullo
890 1922 992 1956 etiam
1016 1921 1265 1955 interveniente
1288 1920 1419 1961 morbo,
1442 1920 1595 1965 repenti-

129 1981 187 2005 na.
232 1971 325 2005 Laus
360 1970 439 2004 inde
462 1969 535 2003 Deo
572 1970 614 2003 ab
647 1968 797 2003 omnibus
830 1968 959 2003 tributa
982 1973 1044 2002 est.
1102 1967 1251 2012 Quoque
1274 1966 1308 2000 in
1331 1966 1409 2000 loco
1432 1970 1594 2007 mortuus,

131 2015 251 2052 eodem
274 2021 311 2050 et
333 2016 484 2061 sepultus
508 2019 579 2056 est3
605 2015 747 2060 direptis
770 2014 892 2056 etiam,
917 2026 1005 2060 quae
1029 2017 1244 2054 corraserat,
1272 2011 1368 2046 bonis
1392 2012 1463 2056 ejus
1486 2012 1595 2046 omni-

130 2063 206 2098 bus.
261 2062 334 2096 Sed
367 2066 402 2096 et
434 2061 584 2096 verenda
615 2061 722 2105 magis
753 2060 864 2095 adhuc
888 2060 1034 2094 Divinae
1057 2070 1142 2104 erga
1172 2057 1323 2093 homines·
1344 2056 1595 2091 misericordiae

129 2108 316 2143 extiterunt
338 2107 484 2143 indicia:
519 2107 683 2141 Mulieres
707 2107 831 2140 etenim
859 2109 1106 2152 praegnantes,
1131 2115 1177 2138 xx
1201 2109 1300 2149 post,
1323 2103 1379 2138 vel
1402 2103 1504 2138 etiam
1530 2114 1596 2136 xxx

129 2153 222 2196 dies,
246 2153 383 2189 illaesae
407 2165 450 2188 ex
472 2153 653 2188 ruderibus
674 2152 944 2187 effodiebantur:
980 2162 1119 2197 quorum
1141 2150 1306 2195 plurimae
1330 2159 1480 2194 quoque,
1506 2148 1597 2183 solu-

129 2199 174 2235 tis
204 2201 434 2235 corruentium
457 2199 690 2234 aedificiorum
713 2199 774 2232 sub
797 2198 902 2234 ruinis
925 2196 1099 2243 puerperii
1121 2195 1318 2238 doloribus,
1354 2206 1422 2229 una
1444 2205 1518 2228 cum
1542 2193 1597 2227 in-

128 2245 284 2281 fantibus
315 2245 381 2281 suis
412 2245 550 2280 illaesae
582 2250 813 2289 emergentes,
843 2243 996 2279 Numinis
1026 2243 1099 2278 irae
1122 2242 1396 2288 supervixerunt.
1443 2239 1537 2280 Quin
1561 2242 1597 2273 et

130 2291 266 2339 pueruli
290 2303 426 2337 quoque
449 2291 528 2333 alii,
551 2291 756 2324 tricesimum
780 2295 857 2335 post
881 2289 982 2332 diem,
1004 2288 1187 2323 incolumes
1210 2287 1487 2332 reperiebantur:
1511 2284 1596 2318 mul-

130 2344 236 2383 taque
258 2337 310 2372 his
332 2343 384 2372 stu
413 2337 554 2371 endiora
578 2336 805 2382 contigerunt.
860 2335 984 2371 Tertio
1017 2338 1128 2370 autem
1159 2338 1239 2380 post
1261 2331 1391 2367 cladem
1414 2331 1501 2364 hanc
1524 2330 1594 2371 die,

131 2382 357 2418 venerandae
400 2383 500 2417 ‘rucis
522 2383 633 2427 imago
654 2384 698 2416 de
721 2381 815 2416 caelo
836 2380 1024 2428 comparuit
1046 2380 1082 2414 in
1103 2379 1266 2420 nubibus,
1290 2377 1365 2411 urbi
1390 2377 1434 2410 ad
1457 2381 1595 2421 septen-

133 2427 260 2464 triones
282 2429 477 2463 imminens=
511 2440 587 2473 qua,
602 2427 694 2470 visa,
728 2427 764 2462 in
786 2428 975 2471 lachrymas
997 2426 1100 2461 soluti
1122 2437 1245 2466 omne5‚
1269 2434 1389 2468 preces
1412 2422 1508 2456 unius
1532 2422 1595 2455 ho-

133 2485 195 2510 rae
217 2485 280 2520 per
302 2474 448 2520 spatium
472 2474 704 2509 effundebant.
750 2473 959 2508 Acciderunt
983 2477 1114 2513 autem,
1147 2474 1224 2517 post
1247 2467 1339 2503 urbis
1363 2479 1493 2508 casum,
1517 2466 1595 2513 plu-

135 2531 190 2555 res
213 2519 312 2554 etiam
335 2519 393 2555 alii
416 2526 532 2555 terrae
555 2525 682 2561 motus,
716 2530 779 2565 per
802 2519 947 2565 spatium
970 2518 1050 2553 anni
1070 2516 1166 2551 unius
1190 2520 1226 2549 et
1251 2525 1287 2548 v1
1308 2512 1485 2547 mensium:
1517 2512 1594 2558 qui-

132 2565 199 2600 bus
239 2564 340 2600 etiam
365 2565 543 2600 Seleuciae
581 2566 831 2611 Daphnesque,
871 2575 1027 2610 quaeque
1057 2562 1102 2597 ad
1126 2560 1317 2596 vicesimum
1350 2559 1425 2593 fere
1448 2557 1595 2603 lapidem

134 2610 327 2653 distabant,
361 2611 519 2646 aedificia
550 2623 711 2645 concussa
744 2611 960 2645 corruebant.
1029 2607 1181 2643 Urbibus
1219 2610 1329 2640 autem
1343 2629 1354 2646 ‚
1385 2604 1594 2639 calamitates

135 2657 236 2690 hil-²³0⁰
267 2657 450 2702 perpessis,
490 2658 682 2703 Imperator
713 2656 845 2691 abunde
878 2655 1093 2702 pecuniarum
1124 2651 1366 2698 suppeditavit.
1418 2650 1484 2684 Dei
1507 2650 1592 2685 enim

135 2707 265 2747 quanta
296 2713 380 2747 erga
409 2704 558 2738 homines
590 2702 832 2737 Misericordia
854 2702 991 2744 fuisset,
1028 2700 1192 2739 edoctus,
1225 2702 1260 2732 et
1290 2696 1363 2742 ipse
1395 2695 1508 2731 clades
1532 2697 1593 2732 has

135 2745 348 2782 acerbissime
371 2748 468 2791 tulit;
504 2761 568 2784 nec
592 2747 751 2793 Byzantii
783 2759 845 2794 pro
877 2759 969 2783 more
993 2745 1085 2780 edita
1108 2749 1186 2777 sunt
1210 2741 1413 2788 spectacula.
1466 2741 1593 2776 Pente·

128 2798 245 2835 ,costes
267 2792 369 2827 etiam
394 2805 490 2828 sacro
513 2795 615 2830 Festo
639 2799 708 2828 tum
732 2793 915 2835 existente,
947 2791 1149 2826 Diademate
1171 2789 1282 2835 posito
1295 2812 1308 2830 ‚
1330 2785 1423 2832 ipse,
1447 2787 1593 2821 Senato-

134 2851 257 2885 resque
280 2850 404 2882 omnes,
426 2838 573 2875 vestibus
597 2840 696 2887 pullis
719 2839 842 2881 induti,
865 2838 1024 2885 templum
1048 2836 1293 2882 lachrymantes
1318 2833 1493 2880 petebant.
