1838 3230
297 184 351 211 Lx
806 168 1034 215 PROLEG
1042 169 1209 214 OMEN
1211 171 1263 215 A.

296 281 402 321 casio
423 280 742 335 Philosoph01)‚
772 283 919 322 Diebus
938 285 1152 325 Dominicis
1178 301 1254 339 pro
1286 288 1408 327 sacris
1427 287 1563 327 haberi
1576 287 1766 342 ju8⁸i⁸²),¹

293 351 445 403 Aspare
488 358 526 390 et
565 348 850 407 Ardaburio³)
897 353 983 391 neci
1021 355 1197 404 traditis,
1238 354 1496 408 Arrianisque
1530 353 1765 409 aLeonest)

293 418 391 470 Imp.
421 420 736 470 persecutionem
766 419 913 472 passis,
948 421 999 460 de
1027 418 1217 476 imbre⁵)
1249 421 1483 479 Cineris⁶)‚
1516 420 1764 478 incendio⁷)

294 486 656 539 Constantinopoli,
695 486 852 525 Zenone
877 488 916 526 in
934 488 1089 541 imperii
1104 487 1150 544 ⁸)
1175 491 1416 530 consortium
1437 506 1459 530 a
1483 492 1614 532 Leo'ne
1628 490 1678 542 ⁹)
1699 491 1765 531 Ju-

292 555 403 593 niore
423 559 646 605 assumpte,
676 554 818 592 Leonis
851 555 983 607 obitu,
1014 557 1156 596 Verina
1186 559 1356 597 Zenonis
1377 560 1503 599 Socru
1520 558 1606 611 ¹⁰),
1636 558 1774 612 dequev

290 623 480 662 Basilisco
510 628 550 660 et
567 621 701 660 Marco
718 619 781 675 ¹¹)
809 622 1142 676 Imperatoribus,
1172 625 1221 664 de
1245 627 1415 665 Zenonis
1445 632 1484 666 et
1503 627 1683 666 Basilisci
1698 625 1763 675 12)

291 691 422 742 bello,
453 690 636 739 Armato,
667 689 921 730 Samaritanis
938 690 1005 742 ¹³)
1038 698 1076 731 et
1097 693 1279 733 Faemina
1307 696 1484 735 Romana
1500 693 1567 747 ¹4)
1597 694 1765 735 Juvena-

293 758 366 808 lia,
405 764 444 797 et
471 757 709 796 Theoderici
737 764 886 808 morte,
916 757 965 797 de
993 759 1142 799 Comite
1160 759 1225 814 ¹⁵)
1255 762 1483 812 Mauriano,
1514 762 1694 815 Pelagio,
1725 767 1764 802 et
1795 768 1801 775 '

295 827 468 865 tumultu
494 826 691 866 Factionis
706 823 769 879 ¹⁶)
803 826 1075 877 Prasinorum,
1113 827 1162 866 de
1191 830 1297 877 urbe}
1315 829 1541 880 noi-³⁸1⁷),
1567 829 1763 870 Areobin-

296 894 349 933 do
366 892 454 949 ¹⁸),
495 894 692 933 Anastasii
709 893 771 947 19)
808 894 910 947 Imp.
940 895 1125 944 visione,
1156 901 1194 933 et
1219 895 1372 936 Justino
1393 897 1444 936 ad
1470 897 1678 950 imperium
1692 896 1762 951 ²⁰)

298 971 462 1014 evecto,
505 964 555 1003 de
588 962 771 1000 Amantio
789 960 854 1015 21)
900 968 940 1001 et
977 963 1133 1002 Andrea
1161 975 1182 1001 e
1208 961 1336 1001 medio
1376 963 1567 1017 sublatis,
1608 965 1764 1019 Apione

298 1038 373 1072 etc.
390 1029 464 1085 22)
505 1032 552 1070 ab
585 1031 705 1070 exilio
733 1030 950 1080 revocatis,
990 1037 1028 1069 et
1056 1030 1104 1069 de
1128 1030 1288 1075 Cometa
1304 1029 1397 1083 23),
1427 1031 1476 1071 de
1502 1033 1608 1085 Rege
1639 1033 1771 1072 Lazo-

296 1114 386 1139 rum
400 1099 490 1151 24),
522 1099 663 1138 Coadis
685 1100 893 1138 Persarum
909 1097 979 1150 25)
1007 1098 1123 1149 Regis
1153 1096 1204 1136 ad
1220 1097 1416 1136 Justiuum
1434 1099 1532 1152 Imp.
1556 1100 1763 1152 legatione,

297 1175 336 1208 et
355 1169 590 1208 Hunnorum
619 1169 722 1218 Rege
736 1165 805 1221 ²⁶)
833 1167 960 1217 Zilgui
988 1166 1071 1206 sive
1096 1165 1261 1218 Zilgibi,
1291 1165 1340 1205 de
1358 1165 1579 1208 Iustiniano
1594 1167 1664 1221 27)
1692 1169 1766 1215 (13-4

295 1238 416 1289 nique
436 1237 477 1275 in
499 1237 654 1289 imperii
672 1235 912 1274 consortium
930 1241 1147 1287 assumpto.

406 1305 471 1344 Sic
502 1319 634 1344 omnes
667 1306 748 1344 fere
774 1304 960 1343 historiae
989 1309 1027 1342 et
1044 1300 1394 1352 Narratiunculae,
1426 1316 1527 1355 quae
1550 1304 1591 1342 in
1609 1304 1761 1357 paginis

293 1374 451 1413 circiter
473 1376 540 1416 80.
563 1373 671 1426 apud
693 1370 899 1418 Paschae,
932 1371 1194 1421 continentur,
1223 1371 1265 1408 in
1292 1370 1414 1409 hacce
1441 1369 1762 1426 Chronograpkia

292 1448 428 1481 nostra
453 1442 519 1479 vel
546 1456 708 1494 prorsus
729 1440 940 1487 verbatim,
970 1440 1033 1479 vel
1058 1453 1182 1492 pene,
1209 1439 1475 1492 reperiuntur.

405 1509 553 1548 XXXI.
613 1510 850 1559 Argumenta
869 1507 1033 1557 haecce,
1065 1507 1245 1559 quamvis
1273 1507 1412 1546 leviter
1436 1507 1504 1546 illa
1526 1507 1760 1560 expendenti

291 1592 370 1617 non
400 1579 539 1628 exigua
566 1576 860 1629 probabilitatis
891 1575 1020 1628 specie
1043 1575 1190 1614 muniri
1213 1575 1366 1626 omnia,
1397 1581 1433 1613 et
1452 1575 1761 1614 Demonstratio-

291 1648 352 1685 nis
381 1647 559 1698 vigorem
589 1646 768 1684 obtinere
797 1644 930 1696 aliqua
960 1643 1191 1694 videantur,
1223 1657 1266 1682 ea
1292 1650 1422 1683 tamen
1450 1643 1484 1681 si
1511 1643 1680 1696 propius
1696 1643 1760 1681 in-

293 1714 529 1767 spiciamus,
570 1721 608 1752 et
638 1713 688 1752 ad
724 1726 886 1752 examen
925 1719 1110 1752 revocata
1140 1718 1337 1751 momento
1378 1724 1451 1750 suo
1481 1710 1760 1763 ponderemuS,

292 1796 374 1820 non
407 1788 560 1820 tantum
591 1782 734 1821 habere
759 1781 906 1821 valoris
938 1780 1198 1831 videbuntur,
1230 1786 1275 1818 ut
1305 1779 1384 1818 illis
1414 1779 1699 1832 compellamur
1718 1778 1759 1816 in

290 1857 490 1902 receptam
516 1851 740 1902 opinionem
765 1849 935 1903 pedibus
966 1849 1197 1888 concedere.
1254 1847 1374 1895 Quod
1397 1847 1498 1886 enim
1520 1847 1570 1885 ad
1588 1848 1759 1901 primum

292 1924 465 1970 spectat3
498 1918 594 1969 quid
621 1919 765 1957 mirum
795 1919 827 1957 si
846 1919 928 1957 vita
947 1917 1161 1957 Iustiniani
1178 1929 1319 1967 resque
1340 1921 1470 1966 gestae
1489 1915 1561 1953 sub
1583 1915 1665 1968 ejus
1689 1914 1759 1952 im-

292 1985 431 2038 perio,
470 1986 597 2024 multo
626 1987 778 2036 fusius,
822 2000 940 2038 quam
980 1986 1170 2035 aliorum,
1212 1985 1423 2022 memoriae
1460 1981 1758 2031 demandentur,

296 2068 384 2093 cum
405 2060 552 2092 tantam
569 2054 769 2093 scribendi
800 2055 1002 2092 materiam
1027 2052 1303 2107 praebuerint,
1334 2057 1373 2090 et
1400 2064 1471 2102 per
1489 2064 1611 2089 annos
1635 2050 1758 2090 ferme

292 2125 357 2165 39.
383 2121 416 2160 is
448 2121 569 2160 vitam
598 2136 706 2160 suam
737 2122 1006 2174 protraxerit,
1034 2123 1252 2174 Imperator
1282 2121 1496 2170 longaevus
1520 2124 1560 2157 et
1580 2119 1756 2171 percele-

290 2190 399 2229 bris‘?
430 2196 469 2229 et
491 2188 588 2242 quid
605 2188 825 2228 mirandum
845 2189 877 2226 si
901 2203 980 2228 non
1000 2190 1128 2228 solum
1147 2202 1281 2238 annos,
1301 2188 1368 2226 sed
1387 2193 1426 2226 et
1444 2202 1587 2225 menses
1606 2192 1645 2225 et
1665 2185 1757 2235 dies,

291 2265 492 2309 gestorum
518 2257 717 2310 plerisque
751 2256 964 2296 adhibeat?
1006 2258 1051 2296 Id
1077 2258 1162 2297 scil.
1185 2257 1299 2302 fecit,
1332 2269 1410 2294 non
1430 2255 1520 2307 quia
1543 2261 1638 2293 tunc
1660 2261 1756 2292 tem-

291 2326 401 2376 poris
428 2326 550 2375 vixit,
583 2332 621 2364 et
649 2325 727 2364 illis
754 2325 956 2374 interfuit,
988 2324 1058 2362 sed
1085 2325 1177 2376 quia
1203 2324 1259 2362 sic
1287 2324 1464 2363 fecerant
1485 2323 1547 2361 sui
1567 2322 1756 2368 Autores3

293 2393 623 2445 quemadmodum
654 2394 769 2433 etiam
796 2393 838 2431 in
858 2392 959 2443 illis,
991 2406 1090 2444 quae
1108 2399 1321 2445 praeeunt,
1351 2393 1636 2445 Imperatorum
1658 2389 1756 2429 Vitis

337 2581 378 2626 1)
403 2581 484 2616 Mal.
511 2594 543 2628 p.
566 2582 622 2618 77.
723 2582 765 2627 2)
788 2583 844 2618 78.
959 2582 1002 2626 ὃ)
1025 2580 1072 2616 ib.
1176 2582 1220 2626 4)
1244 2583 1299 2618 79.
1412 2583 1454 2626 ⁵)
1480 2582 1525 2615 ib.
1642 2580 1684 2624 6)
1708 2580 1754 2613 ib.

381 2639 425 2683 7)
450 2639 496 2674 ib.
608 2639 651 2683 8)
677 2651 710 2685 p.
735 2637 791 2675 34.
900 2638 940 2683 ⁹)
964 2639 1020 2675 85.
1134 2639 1190 2683 ιο)
1214 2640 1270 2675 87.
1379 2640 1434 2684 11)
1460 2641 1513 2675 33.
1627 2637 1685 2683 ¹²)
1708 2638 1756 2673 ib.

381 2695 437 2740 ¹³)
461 2698 517 2733 93.
613 2697 673 2741 14)
697 2698 752 2733 95.
846 2697 904 2742 1⁵)
931 2698 1006 2733 103.
1100 2696 1155 2740 16)
1184 2698 1258 2733 108.
1353 2698 1410 2742 17)
1438 2698 1514 2732 115.
1595 2696 1651 2740 18)
1679 2697 1756 2731 126.

383 2752 438 2795 ¹⁹)
465 2755 541 2789 127.
633 2755 693 2799 20)
721 2755 797 2790 13ο.
889 2754 946 2798 2¹)
972 2755 1048 2789 131.
1141 2755 1201 2799 22)
1227 2756 1303 2791 132.
1383 2756 1442 2800 23)
1466 2755 1511 2791 ib.
1591 2753 1653 2797 ²⁴)
1680 2752 1756 2789 134.

386 2808 444 2854 25)
471 2812 546 2847 136.
641 2812 698 2856 ²⁰)
725 2813 800 2848 137.
896 2811 956 2855 27)
981 2811 1055 2848 147.
1085 2813 1160 2847 151.
