1838 3230
260 165 360 212 312
653 155 954 204 IOANNIS
983 159 1327 205 MALALAE

262 278 528 334 Μαξιμιανός
551 279 624 335 τὴν
650 277 862 334 βασιλείαν
881 277 948 320 καὶ
969 278 1043 332 τὴν
1061 275 1283 336 πορφύραν
1305 280 1373 323 καὶ
1394 284 1532 324 πᾶσαν
1551 279 1626 336 τὴν
1643 285 1725 336 βα-

123 348 155 382 V
180 346 247 385 134
268 347 423 402 σιλικὴν
441 348 636 404 φορεσίαν
647 379 662 400 ,
698 347 764 389 καὶ
783 343 949 403 ἐφόρεσε
968 346 1022 389 τὰ
1041 341 1304 403 ἄλυταρχιιιά.
1352 350 1418 391 καὶ
1433 347 1537 404 μετὰ
1555 347 1602 392 τὸ
1620 352 1726 404 πλη·-

266 419 456 471 ρωθῆναι
478 415 552 465 τὰς
578 413 734 470 ἡμέρας
752 418 836 457 τῶν
855 413 1086 468 Ὀλυμπίων
1106 415 1181 470 οὐχ
1200 417 1324 459 εἵλετο
1346 415 1440 459 οὐδὲ
1461 415 1585 466 αὐτὸς
1603 420 1727 470 βασι-

266 487 426 534 λεῦσαι,
466 482 566 525 ἀλλ”
587 481 824 525 ἐπανελθὼν
853 481 895 524 ἓν
928 486 979 540 τῇ
1006 480 1140 540 Ῥώμῃ
1169 482 1396 534 ἀπετάξατο
1425 488 1499 539 τῆς
1519 484 1728 539 βασιλείας

267 553 335 594 καὶ
361 550 510 604 ἔμεινεν
541 549 671 600 οὕτως
703 550 778 600 ἕως
802 547 1003 593 θανάτου.
1072 553 1138 594 καὶ
1161 551 1265 606 μετὰ
1282 550 1430 609 χρόνον
1450 556 1617 613 τελευτᾷ
1637 553 1760 611 ἶδίῳό

266 616 460 676 θανάτῳ,
500 616 556 661 ὢν
573 615 766 661 ἐνιαυτῶν
780 615 851 670 νζ.
1733 616 1736 620 ’

368 687 455 728 Καὶ
473 686 576 740 μετὰ
592 687 639 729 τὸ
658 685 897 729 ἀποθέσθαι
915 685 991 741 τὴν
1007 686 1216 740 βασιλείαν
1236 687 1498 742 Μαξιμιανὸν
1518 686 1730 742 ἐβασίλευ-

268 770 313 797 σε
333 754 566 804 Μαξέντιος
600 753 621 797 ὃ
653 757 720 797 καὶ
749 757 789 796 Γ
787 753 947 810 αλὲριος
975 753 1042 809 ἔτη
1070 752 1120 810 γ’.
1189 750 1238 810 ἦν
1270 754 1519 810 κονδοειὸής,
1556 752 1726 807 πλατύς,

123 829 155 863 0
178 827 248 866 414
270 819 482 878 οὗλόθριξ,
518 820 671 875 λευκός,
704 820 909 878 εὗπώγων,
945 820 1219 879 ὕπόστραβος,
1256 821 1388 879 σιμός,
1426 823 1597 881 ὀργίλος.
1627 823 1731 880 ’ἐφί-

269 894 328 934 λει
347 891 392 933 δὲ
409 889 457 932 τὸ
480 890 652 933 Βένετον
665 891 802 946 μέρος.
1741 901 1786 936 10

368 958 458 1001 Ἐπὶ
488 960 533 1001 δὲ
556 963 632 1014 τῆς
659 959 785 1001 αὐτοῦ
818 958 1026 1012 βασιλείας
1050 955 1280 1013 Ἰάμβλιχος
1301 956 1322 1001 ὃ
1347 954 1572 1016 φιλόσοφος
1593 957 1754 1002 goffia?

224 1033 256 1068 B
279 1042 372 1070 σκεν
383 1059 397 1079 ,
429 1028 549 1069 οῗκῶν
570 1028 612 1070 ἐν
629 1024 783 1084 Δάφνῃ
803 1027 878 1076 ἕως
896 1030 970 1081 τῆς
992 1030 1177 1081 τελευτῆς
1197 1026 1337 1070 αὐτοῦ.

372 1094 440 1136 Ἐν
470 1095 514 1136 δὲ
543 1099 601 1153 τῷ
637 1095 747 1153 αὐτῷ
778 1093 914 1152 χρόνῳ
947 1095 985 1136 οἱ
1010 1095 1171 1151 Πέρσαι
1193 1099 1500 1150 συμμαχοῦντες
1512 1092 1734 1150 Ἀρμενίοις

274 1166 565 1217 πολεμηθεΐσιν
583 1162 671 1218 ἅμα
689 1164 829 1212 αὐτοῖς
849 1160 1088 1213 ἐπελθόντες
1107 1165 1148 1205 ἓν
1171 1170 1256 1212 τοΐς
1269 1161 1505 1217 Ῥωμαϊκοῖς
1522 1162 1735 1216 {apameo-

216 1257 217 1260 =
277 1246 355 1273 σαν
382 1228 533 1286 χώρας.
602 1232 669 1273 καὶ
701 1229 988 1287 ἐπεστράτευσε
1016 1231 1101 1273 κατ’
1132 1231 1268 1273 αὐτῶν
1297 1229 1317 1274 ὃ
1349 1231 1473 1281 αὐτὸς
1501 1228 1734 1280 Μαξέντιος
1746 1241 1789 1277 15

278 1299 345 1340 καὶ
378 1296 598 1353 ἐπολέμησε
625 1299 831 1354 Πέρσαις,
861 1300 927 1340 καὶ
957 1297 1160 1353 ἀνήλωσεν
1186 1299 1336 1348 αὐτοὺς
1354 1299 1422 1341 διὰ
1440 1302 1514 1353 τῆς
1526 1298 1736 1354 Ἀρμενίας

278 1366 493 1408 κατελθὼν
518 1365 603 1408 κατ’
636 1365 794 1419 αὐτῶν,
833 1367 899 1408 καὶ
933 1366 1139 1408 ἀπέσπασε
1164 1364 1303 1422 χώρας
1322 1368 1365 1408 ἐκ
1389 1371 1471 1409 τῶν
1489 1369 1736 1422 Περσαρμε-

278 1434 376 1476 νίων
409 1435 476 1475 καὶ
507 1434 690 1489 ἐποίησεν
718 1432 797 1476 ὑπὸ
823 1432 1069 1487 Ῥωμαίους·
1117 1433 1258 1489 ἥντινα
1289 1432 1448 1476 ἐκάλεσε
1476 1432 1641 1489 πρώτην
1667 1434 1735 1475 καὶ

280 1501 473 1557 δευτέραν
491 1501 700 1557 Ἀρμενίαν
716 1501 936 1556 Ῥωμαίων.
1006 1503 1048 1544 ἓν
1072 1505 1129 1559 τῷ
1152 1503 1196 1544 δὲ
1217 1500 1314 1544 εἶναι
1332 1501 1402 1544 τὸν
1421 1501 1547 1545 αὐτὸν
1564 1500 1735 1551 Μαξέν-

280 1584 367 1611 τιον
395 1571 452 1618 εἷς
477 1571 790 1625 Περσαρμενίαν
819 1569 1041 1627 ἐπέρριψαν
1071 1570 1108 1612 οἱ
1137 1570 1296 1625 Πέρσαι
1316 1571 1371 1619 εἷς
1391 1569 1465 1625 τὴν
1482 1568 1792 1625 Ὀσδροηνὴνὲο

282 1639 350 1679 καὶ
379 1634 611 1694 παρέλαβον
636 1635 752 1680 πόλιν
781 1639 847 1679 καὶ
879 1636 1052 1680 ἔκαυσαν
1087 1639 1153 1680 καὶ
1187 1637 1414 1693 ἔστρεψαν,
1448 1639 1516 1680 καὶ
1544 1635 1738 1691 λαβόντες

282 1704 437 1759 πολλὴν
466 1707 643 1761 πραΐδαν
675 1706 867 1761 ἐξαίφνης
910 1704 1190 1762 ἀνεχώρησαν·
1236 1705 1388 1761 ἕλε’γετο
1415 1705 1460 1748 δὲ
1488 1703 1515 1760 ἡ
1549 1709 1738 1761 παραλη-

230 1790 261 1824 c
284 1777 439 1831 φθεΐσα
459 1770 525 1815 ὑπ’
548 1773 683 1816 αὐτῶν
701 1771 816 1823 πόλις
836 1771 1228 1828 Μαξιμιανούπολις.
1298 1771 1319 1815 ὃ
1342 1773 1386 1815 δὲ
1407 1772 1531 1823 αὐτὸς
1547 1772 1739 1827 βασιλεὺς

371 1869 404 1903 5.
426 1868 488 1904 καὶ
509 1868 600 1914 μετὰ
627 1870 702 1912 ch„
725 1868 818 1906 κατὰ
841 1868 931 1914 μετὰ
957 1870 1024 1904 Ox.
1118 1871 1172 1905 11.
1195 1867 1396 1917 Ἰάμβλικος
1413 1869 1482 1904 Ox.
1572 1869 1630 1905 20.
1654 1865 1737 1904 Ὀσ-

369 1915 523 1960 δροΐνηυ
546 1916 614 1950 Ox.
705 1917 762 1952 23.
792 1916 829 1953 οἱ
852 1917 921 1950 Ox.

273 1994 344 2035 Tio,
367 2005 532 2040 purpura,
554 1994 721 2039 regioque
745 1999 866 2028 ornatu
890 1994 978 2028 omni
1002 1995 1149 2029 exuebat
1171 2006 1266 2036 sese3
1289 1993 1510 2039 habitumque
1531 1993 1738 2039 Alytarchae

280 2042 427 2084 gestans,
451 2040 598 2084 peractis
621 2040 871 2085 Olympicorum
895 2039 1031 2081 diebus,
1056 2051 1122 2074 non
1145 2040 1281 2086 amplius
1302 2039 1522 2085 imperatorio
1545 2039 1643 2083 fungi
1664 2050 1737 2072 mu-

272 2096 364 2119 ·nere
386 2085 544 2129 dignatus
567 2090 636 2119 est:
676 2086 733 2119 sed
759 2087 895 2120 Romam
918 2097 1092 2126 reversus,
1126 2097 1231 2131 regno
1252 2097 1325 2120 sese
1349 2084 1544 2126 abdicavit,
1568 2085 1737 2129 privatam

270 2130 441 2175 deinceps
463 2130 568 2164 vitam
590 2141 704 2174 agens.
751 2131 832 2166 Non
855 2131 954 2175 longe
977 2136 1088 2165 autem
1111 2137 1210 2176 post,
1249 2142 1368 2166 annum
1392 2141 1495 2174 agens
1517 2139 1614 2171 nvn,
1654 2129 1737 2163 fatis

280 2175 452 2210 concessit·
1700 2203 1702 2207 ,

370 2219 548 2266 Imperium
571 2231 593 2254 a
617 2220 820 2254 Maximiano
846 2220 990 2266 positum
1013 2221 1160 2267 suscepit
1183 2220 1387 2262 Maxentius,
1413 2218 1473 2264 qui
1494 2223 1530 2253 et
1554 2218 1736 2253 Galerius:

274 2266 508 2311 regnavitque
531 2277 632 2299 annos
655 2276 707 2298 111.
756 2266 844 2299 Erat
864 2277 946 2300 vero
970 2272 1098 2308 curtus,
1122 2277 1266 2311 corpore
1287 2266 1368 2306 lato,
1394 2265 1535 2309 crispus,
1559 2264 1737 2306 candidus,

280 2313 455 2353 barbatus,
479 2311 684 2352 substrahus,
708 2309 819 2351 simus,
842 2311 1039 2345 iracundus:
1074 2311 1233 2345 Factioni
1255 2316 1366 2344 autem
1389 2310 1542 2344 Venetae
1564 2310 1736 2346 studebat.

371 2357 481 2401 Hujus
503 2356 564 2389 sub
587 2355 729 2401 imperio
752 2354 869 2390 floruit
889 2357 1094 2391 ‚lamblichus
1117 2356 1355 2401 Philosophus3
1379 2354 1437 2400 qui
1459 2355 1495 2388 in
1517 2356 1662 2401 Daphne
1683 2356 1737 2391 vi-

274 2405 350 2436 tam
373 2413 464 2436 suam
487 2401 664 2445 transegit.
957 2432 959 2435 ,

275 2461 277 2463 ’
373 2447 504 2481 Eodem
527 2452 680 2491 tempore
700 2447 846 2486 Persae,
878 2446 1003 2490 junctis
1035 2458 1108 2481 cum
1133 2446 1286 2480 Armenia
1308 2444 1458 2486 viribus,
1494 2445 1662 2480 Romanas
1683 2445 1738 2480 di-

281 2492 391 2527 tiones
412 2492 628 2533 invaserunt,
652 2503 774 2536 easque
797 2491 1063 2545 depraedarunt.
1096 2492 1286 2526 Maxentius
1308 2491 1438 2534 itaque,
1462 2503 1524 2536 per
1548 2490 1737 2525 Armeniam

275 2537 350 2571 viter
373 2538 510 2577 ducens,
537 2537 654 2571 Persas
677 2537 765 2571 bello
788 2540 895 2581 petit3
923 2537 1044 2580 quibus
1069 2537 1253 2578 debellatis,
1278 2536 1432 2580 regiones
1455 2536 1555 2570 etiam
1578 2536 1627 2570 ibi
1651 2537 1738 2570 Per-

281 2582 452 2616 sarmeniis
477 2583 658 2626 abreptas,
682 2583 831 2616 Romano
858 2581 990 2615 addidit
1012 2582 1179 2625 Imperi03
1221 2594 1302 2626 quas
1326 2583 1361 2614 in
1385 2582 1572 2616 Armeniam
1596 2581 1737 2627 primam

281 2633 319 2662 et
351 2627 529 2662 secundam
561 2628 786 2662 Romanorum
819 2626 1001 2661 distribuit.
1058 2627 1195 2661 Interim
1228 2638 1330 2668 vero,
1373 2626 1450 2660 dum
1482 2627 1737 2661 Persarmeniae

280 2673 475 2707 Maxentius
494 2674 775 2714 commorabatur,
798 2672 923 2706 Persae
942 2672 1142 2706 Osdroinam
1157 2672 1364 2713 invadentes,
1387 2673 1502 2706 urbem
1520 2672 1569 2706 ibi
1590 2675 1736 2717 captam,

281 2722 317 2751 et
339 2718 503 2752 incendiis
533 2723 724 2759 vastatam,
760 2717 907 2752 funditus
932 2722 1145 2751 everterunt:
1188 2717 1370 2762 spoliisque
1399 2718 1591 2762 ingentibus
1614 2715 1736 2757 onusti,

282 2763 410 2808 absque
433 2775 527 2797 mora
549 2768 782 2797 recesserunt:
818 2763 952 2797 Nomen
974 2768 1085 2796 autem
1109 2762 1184 2796 urbi
1207 2763 1250 2796 ab
1275 2763 1322 2797 eis
1346 2769 1490 2807 captae,
1514 2761 1737 2796 Maximiano-

281 2807 377 2853 polis.
423 2808 552 2844 Urbem
575 2808 662 2843 hanc
685 2809 875 2854 Imperator
897 2807 1111 2851 Maxentius,
1142 2808 1312 2843 moenibus
1336 2807 1510 2852 excitatis,
1534 2807 1578 2843 de
1598 2807 1734 2851 integro
