1838 3230
301 196 400 244 490
703 192 983 237 IOANNIS
1011 194 1348 240 MALALAE

299 308 474 366 γονότων
507 311 611 354 κατὰ
650 312 962 368 φιλανθρωπίαν
989 317 1091 356 θεοῦ
1121 311 1288 370 φόβων,
1343 316 1555 372 αἰφνιδίως
1581 316 1745 373 ἐργαζο-

298 379 429 434 μένων
449 383 530 422 τῶν
561 377 754 436 Ἰσαύρων
775 379 885 423 ἔπεσε
904 380 951 423 τὸ
984 381 1220 424 ἀνατολικὸν
1244 382 1368 439 μέρος
1388 388 1462 439 τῆς
1487 389 1746 441 προϋποστο-

299 450 385 501 λῆς,
412 449 478 489 καὶ
509 447 723 502 συνέτριψε
747 447 794 490 τὸ
821 446 1025 505 κιβούριον
1055 449 1129 492 σὺν
1157 454 1207 507 τῇ
1239 449 1331 510 ἁγία
1361 452 1549 509 τραπέζῃ.
1618 469 1745 509 κατη-

298 516 425 570 νέχθη
449 516 494 557 δὲ
515 517 580 557 καὶ
599 515 644 557 τὸ
665 516 806 558 λοιπὸν
826 517 949 573 μέρος
968 517 1014 559 τὸ
1033 518 1252 571 ἀπομεῖναν
1281 521 1347 561 καὶ
1375 519 1480 562 αὐτὰ
1506 520 1560 563 τὰ
1576 518 1745 576 εἲλήμα-

184 594 212 627 V
233 595 279 630 82
302 597 374 626 τα·
427 584 594 637 ἐκτίσθη
618 583 660 625 δὲ
681 581 701 626 ὃ
724 583 848 633 αὐτὸς
873 589 1069 639 τροῦλλος
1101 584 1285 640 ὑψωθεὶς
1306 589 1369 629 ἐπὶ
1389 586 1520 637 πόδας
1539 587 1674 632 εἷ’κοσι.
1755 595 1776 631 5

401 652 519 705 Μηνὶ
546 652 705 710 ιιιαρτίςό
737 653 982 702 ι’νὸικτιῶνος
1009 651 1043 704 ζ’
1071 654 1346 709 ἐπανέστησαν
1379 655 1417 698 οἱ
1451 650 1597 698 Οῧννοι
1618 657 1685 699 καὶ
1705 657 1744 699 οἱ

296 723 479 772 ,Σκλᾶβοι
502 723 551 775 τῇ
577 717 742 778 Θρᾴκῃ·
780 722 846 762 καὶ
865 719 1162 775 πολεμήσαντες
1201 723 1377 773 πολλοὺς
1417 723 1649 767 ἀπέκτειναν
1676 725 1749 767 καί

294 803 412 836 τινας
447 788 738 842 ἓπραίὸευσαν·
774 788 844 830 τὸν
874 789 918 830 δὲ
939 789 1027 831 υἱὸν
1057 788 1222 844 Βάκχου
1258 791 1424 847 Σέργιον
1461 791 1532 834 τὸν
1564 808 1743 848 στρατη-

151 863 183 897 Ο
206 865 275 900 236
293 853 424 910 λάτην
447 857 511 897 καὶ
537 855 732 910 Ἐὸέρμαν
747 854 973 913 μειζότερον
995 859 1257 901 Καλοποδίου
1282 860 1562 914 ἕπραίὸευσαν,
1589 857 1742 913 λαβόν-

294 941 362 973 τες
381 923 529 972 αὐτοὺς
549 922 842 978 αι’χμαλώτους.
914 919 1032 980 εὗρον
1058 926 1102 967 δὲ
1130 931 1202 968 τοῦ
1231 928 1386 981 τείχους
1407 930 1742 970 Κωνσταντινου-
1754 934 1798 968 10

296 990 451 1040 πόλεως
470 990 621 1040 τόπους
638 991 1025 1045 καταπεπτωκότας,
1051 993 1235 1037 κάκεῖθεν
1263 993 1511 1045 εἰσελθόντες
1544 995 1742 1052 κατέδρα-

296 1077 375 1114 μον
397 1061 469 1109 ἕως
486 1065 558 1102 τοῦ
580 1058 691 1115 ἁγίου
712 1063 985 1116 Στρατονίκου
1018 1065 1035 1085 *
1049 1064 1185 1086 *****
1214 1064 1288 1117 τὴν
1311 1061 1538 1119 ὄρθόὸοξον
1559 1064 1706 1106 πίστιν.

396 1130 515 1182 Μηνὶ
544 1131 652 1186 ,ιιαΐῳ
686 1127 903 1184 ἀπεζώσθη
925 1128 1147 1186 Ζήμαρχος
1176 1128 1197 1173 ὅ
1229 1131 1307 1173 ἀπὸ
1335 1130 1520 1187 ἐπάρχων
1547 1133 1614 1173 καὶ
1645 1148 1742 1173 κου-

241 1206 268 1243 Β
300 1193 435 1252 ράτωρ
459 1200 532 1237 τοῦ
561 1198 799 1239 δεσποτικοῦ
834 1197 946 1240 οἴκου
979 1202 1061 1240 τῶν
1085 1201 1337 1249 Πλακιδίας”
1374 1202 1442 1243 καὶ
1467 1198 1623 1255 γέγονεν
1652 1198 1736 1242 ἀντ’

296 1263 422 1306 αὐτοῦ
447 1262 660 1320 Θεόδωρος
682 1262 702 1306 ὅ
725 1266 886 1319 ε’πίκλην
903 1265 1171 1320 Νικομηδεύς.
1502 1286 1504 1288 ·
1752 1273 1794 1308 15

397 1334 515 1386 Ιῐζῐηνὶ
537 1337 594 1389 τῷ
616 1332 726 1390 αὐτῷ
742 1332 814 1374 οὐκ
831 1332 944 1387 ἤχθη
965 1334 1010 1375 τὸ
1031 1334 1234 1388 γενέθλιον
1254 1335 1300 1378 τὸ
1322 1334 1364 1384 ἒξ
1383 1333 1509 1384 ἔθους
1537 1331 1740 1377 ἐπιτελού-

294 1417 436 1456 μενον,
473 1399 558 1441 ἀλλ’
582 1399 693 1454 ἤχθη
719 1405 768 1456 τῇ
787 1399 1094 1458 τρισκαιδεκάτῃ
1114 1407 1188 1444 τοῦ
1211 1403 1337 1445 αὐτοῦ
1362 1400 1502 1456 μηνός.
1574 1404 1640 1444 καὶ
1665 1418 1740 1456 με-

295 1469 346 1511 τὰ
365 1468 437 1522 τὴν
458 1465 652 1509 ἀπόλυσιν
671 1472 744 1510 τοῦ
773 1468 1040 1523 ἱπποδρομίου
1064 1468 1377 1526 ἀναχωρούντων
1401 1473 1482 1511 τῶν
1499 1471 1736 1526 Πρασίνων,

293 1538 360 1578 καὶ
377 1535 674 1591 κατερχομένων
696 1535 767 1578 τὸν
790 1535 968 1590 ’ἔμβολον
991 1541 1071 1579 τῶν
1095 1541 1338 1592 Μοσχιανοῢ
1362 1537 1466 1590 μετὰ
1490 1541 1739 1594 παραφυλα-

293 1608 378 1658 κῆς,
405 1605 594 1659 ἐξαίφνης
614 1601 877 1659 ὑβρισθέντες
902 1605 940 1646 οἳ
965 1605 1080 1647 αὐτοὶ
1109 1604 1313 1662 Πράσινοι
1347 1606 1389 1648 ἔκ
1419 1619 1535 1647 τινων
1562 1609 1644 1648 τῶν
1663 1608 1792 1660 τῆςΞΟ

292 1673 419 1721 οἰκίας
438 1675 511 1726 τῆς
529 1672 741 1727 λεγομένης
766 1675 847 1714 τῶν
869 1671 1105 1726 Ἀππίωνος,
1129 1674 1328 1728 ἐπέβησαν
1350 1681 1435 1722 τοῖς
1455 1674 1680 1728 Πρασίνοις
1699 1673 1739 1715 οἳ

291 1744 364 1782 τοῦ
398 1739 571 1782 Βενέτου
601 1740 765 1795 μέρους,
797 1741 863 1782 καὶ
893 1741 1042 1795 ἐγένετο
1072 1743 1256 1797 συμβολὴ
1287 1744 1328 1784 ἐν
1348 1739 1559 1797 διαφόροις
1584 1738 1734 1789 τόποις.

292 1809 358 1850 καὶ
375 1805 621 1864 περάσαντες
638 1808 676 1850 οἱ
697 1808 859 1851 Βένετοι
894 1808 973 1851 ἀπὸ
1003 1813 1145 1853 Συκῶν
1164 1810 1338 1867 ἤρξαντο
1367 1807 1530 1865 βάλλειν
1559 1813 1639 1866 πῦρ
1671 1810 1738 1850 καὶ

384 1905 438 1939 12.
462 1906 644 1949 Στρατονί
663 1906 730 1939 Ox.
770 1904 870 1939 conf.
885 1905 1115 1952 Theophanes
1133 1919 1168 1953 p.
1188 1908 1266 1944 198.
1283 1907 1324 1942 A.
1395 1907 1450 1942 18.
1465 1905 1554 1950 ταῖν]
1575 1905 1646 1940 τοῦ
1667 1904 1733 1938 Ox.

383 1951 440 1986 21.
461 1948 658 1992 Ἀππιαῖνος
677 1953 742 1988 ΟΧ.

294 2032 524 2070 stauraretur;
548 2030 685 2065 fornicis
708 2042 786 2076 pars
809 2030 1003 2072 orientalis,
1027 2030 1160 2065 interim
1182 2031 1258 2065 dum
1280 2029 1389 2065 Isauri
1409 2029 1447 2064 in
1467 2031 1531 2065 hoc
1553 2041 1658 2075 opere
1681 2041 1733 2064 es-

294 2079 380 2116 sent,
403 2074 587 2119 derepente
610 2077 756 2122 collapsa
779 2082 850 2119 est,
889 2082 924 2111 et
955 2088 1032 2110 casu
1061 2088 1120 2111 suo
1144 2076 1315 2111 Ciborium
1347 2080 1560 2121 sanctamque
1583 2076 1732 2109 Mensam

294 2119 464 2154 contrivit.
511 2120 691 2155 Caeterum
714 2128 814 2167 parte
841 2124 913 2167 ejus
934 2123 1116 2166 superstite
1138 2126 1297 2167 tectoque
1319 2124 1393 2155 toto
1418 2121 1595 2164 demolitis,
1629 2120 1733 2155 Justi-

293 2166 410 2199 nianus
433 2176 505 2199 eam
528 2165 570 2199 de
592 2166 723 2211 integro
747 2169 934 2210 excitavit,
967 2171 1003 2201 et
1024 2180 1081 2201 xx.
1106 2168 1247 2213 pedibus
1269 2166 1423 2201 altiorem
1445 2167 1540 2201 fecit.

385 2211 501 2245 Mense
525 2211 670 2252 Martio,
692 2213 888 2247 Indictionis
920 2224 989 2254 v11,
1021 2214 1134 2247 Hunni
1174 2212 1357 2257 Sclavique
1387 2212 1568 2246 Thraciam
1600 2211 1733 2246 invase-

291 2260 392 2292 runt:
417 2256 571 2301 belloque
593 2257 718 2291 incolas
741 2263 916 2302 petentes,
940 2259 1098 2304 plurimos
1118 2258 1192 2292 neci
1215 2258 1400 2298 dederunt3
1435 2257 1607 2292 nonnullos
1630 2257 1732 2291 etiam

293 2303 495 2348 expilarunt.
554 2302 646 2343 Quin
674 2303 828 2346 Sergium
860 2316 1014 2349 quoque,
1047 2305 1174 2338 Bacchi
1202 2304 1322 2346 filium,
1351 2304 1489 2337 militum
1519 2303 1731 2347 Magistrum,

291 2349 560 2392 Edermamque,
591 2348 767 2393 calopodii
801 2348 904 2383 filium
933 2355 1015 2384 natu
1037 2351 1214 2394 majorem,
1246 2349 1424 2394 spoliatos,
1457 2348 1558 2389 etiam
1578 2348 1732 2393 captivos

292 2394 514 2427 abduxerunt.
563 2394 885 2438 Constantinopolim
916 2407 1070 2439 quoque,
1107 2406 1168 2440 per
1201 2395 1353 2440 disrupta
1381 2405 1549 2428 murorum
1577 2393 1613 2426 in
1643 2404 1731 2437 quae

290 2439 482 2473 inciderant
503 2440 595 2479 loca,
626 2439 811 2481 intrantes;
845 2440 996 2485 adusque
1030 2441 1069 2477 S.
1100 2440 1254 2475 Stratoni
1277 2440 1291 2456 *
1310 2443 1546 2485 penetrarunt.
1569 2438 1731 2461 ******

292 2484 528 2519 orthodoxam
550 2484 660 2518 fidem.

382 2531 499 2564 Mense
522 2530 612 2563 Maio
635 2531 856 2573 Zemarchus,
888 2531 1134 2575 Expraefectus
1165 2534 1201 2564 et
1231 2531 1379 2564 Curatur
1400 2530 1523 2565 Domus
1557 2532 1730 2573 Augustae

288 2576 481 2655 {lacidiam
513 2577 747 2612 exauctoratus
771 2582 839 2619 est,
871 2576 1052 2611 Theodoro
1075 2575 1323 2611 Nicomediensi
1351 2575 1386 2609 in
1417 2576 1526 2610 locum
1555 2576 1628 2619 ejus
1657 2575 1729 2608 suf·

306 2626 393 2656 ecto.

379 2666 506 2701 Mensis
529 2666 674 2710 ejusdem
696 2678 774 2710 xm,
798 2679 863 2702 non
885 2669 994 2703 autem
1018 2667 1073 2702 die
1095 2667 1210 2710 solito,
1235 2667 1415 2702 Genethlia
1439 2666 1611 2700 celebrata
1633 2666 1727 2699 sunt:

290 2711 409 2757 quibus
433 2713 601 2757 peractis,
634 2714 866 2748 recedentibus
897 2713 1064 2754 Prasinis‚
1099 2714 1331 2758 porticumque
1354 2713 1626 2747 Moschianorum
1649 2720 1729 2762 per-

290 2759 558 2799 transeuntibus,
600 2771 674 2793 cum
712 2759 938 2805 Appianorum
979 2771 1021 2793 ex
1051 2759 1249 2793 Domesticis
1280 2759 1427 2793 nonnulli
1467 2768 1508 2790 ex
1547 2757 1726 2799 improwso

291 2804 499 2837 contumeliis
524 2817 579 2838 eos
603 2805 803 2846 afficerent,
841 2805 962 2839 Veneti
993 2804 1144 2849 protinus
1167 2810 1203 2838 et
1233 2805 1296 2850 ipsi
1321 2805 1476 2839 Prasinos
1501 2801 1612 2836 adorti
1633 2803 1729 2839 sunt3

289 2849 505 2896 pluribusque
530 2850 630 2885 etiam
653 2851 688 2886 in
716 2850 809 2887 locis?
831 2863 852 2887 a
879 2850 1035 2888 Partibus
1068 2849 1255 2886 conflictum
1288 2854 1348 2886 est.
1403 2847 1527 2885 Veneti
1548 2850 1676 2887 autem,
1707 2855 1728 2879 a
