1838 3230
265 202 362 250 114
660 192 950 240 IOANNIS
980 194 1314 238 MALALAE

259 314 427 370 νόμενος
455 314 561 358 κατὰ
590 317 663 358 τοῦ
687 312 918 363 Ὀδυσσέως
946 315 1013 357 καὶ
1038 313 1334 370 Ἀγαμέμνονος
1363 314 1430 357 καὶ
1458 311 1707 370 Διομήδους,

260 381 511 440 ἀνεχώρησεν
536 385 591 433 εἷς
617 382 688 424 τὸν
708 381 811 424 ἴδιον
835 381 961 424 αὐτοῦ
985 387 1251 425 παπυλεῶνα·
1287 383 1355 425 καὶ
1382 382 1449 424 διὰ
1476 382 1622 433 νυκτὸς
1646 390 1712 427 ‹tc-T-

261 450 374 510 δήρῳ
403 449 558 508 ἐσφάγη
579 448 600 492 ὃ
621 449 766 506 Αἴας..
816 451 882 492 καὶ
902 454 953 507 τῇ
972 452 1075 506 πρωὶ
1096 449 1254 506 ηὑρέθη
1276 450 1322 493 τὸ
1342 451 1534 504 λείψανον
1555 449 1682 494 αὖτοῦ
1696 464 1708 474 ·

261 522 328 562 καὶ
347 520 583 562 ἐστασίασεν
604 516 625 560 ὁ
648 516 823 575 στρατὸς
843 517 970 561 αῧτοῦ
987 522 1054 561 καὶ
1072 523 1145 562 τοῦ
1157 516 1329 576 Πύρρου
1346 517 1452 561 κατὰ
1470 523 1544 561 τοῦ
1558 518 1710 562 Ὀδυσ-

260 587 374 639 σέως,
401 587 535 630 θέλων
556 585 680 629 αὐτὸν
700 590 906 643 φονεῦσαι.
955 589 1021 629 καὶ
1039 586 1178 640 λαβὼν
1201 587 1252 629 τὰ
1270 587 1354 629 ἴδια
1373 589 1494 629 πλοῖα
1518 584 1539 629 ὅ
1558 586 1746 630 Ὀδυσ-ὅ

261 655 355 704 σεύς
376 654 533 711 ἔφυγεν,
565 651 824 704 ἀποπλεύσας
842 655 905 696 ἐπὶ
924 654 997 709 τὴν
1016 655 1222 710 Ποντικὴν
1239 653 1473 698 θάλασσαν.
1531 656 1598 697 καὶ
1617 656 1710 697 δια-

119 733 152 767 o
177 731 244 770 145
266 724 419 779 τρίψας
448 724 532 765 ἐκεῖ
551 722 691 779 καιρὸν
713 723 939 777 ἐπανῆλθεν
960 723 1111 765 ἐκεῖθεν
1122 755 1134 775 ,
1168 721 1413 777 βουλόμενος
1431 724 1486 772 εἷς
1504 722 1578 777 τὴν
1593 720 1710 765 Ἰθά-

261 808 335 845 κην
355 788 470 833 πόλιν
488 792 544 840 εἷς
561 790 635 845 τὴν
657 791 766 833 ἰδίαν
793 790 919 833 αὐτοῦ
940 792 1117 847 πατρίδα
1134 791 1238 845 μετὰ
1260 795 1342 834 τῶν
1362 793 1474 833 ῗδίων
1500 794 1609 846 νηῶν
1632 789 1709 833 αὗ·-

208 869 240 903 D
264 863 338 902 τοῦ
358 860 425 901 καὶ
445 863 518 901 τοῦ
542 860 645 901 ἲδίου
667 863 859 915 στρατοῦ.
931 857 1186 913 καταντήσας
1217 860 1260 901 δὲ
1292 861 1347 909 εἷς
1370 857 1510 915 χώραν
1543 858 1708 914 λεγομέ-

259 944 333 982 νην
362 926 621 983 Μαρωνίδα,
662 926 896 970 ἀντίστασιν
926 925 1078 981 ὑπέστη
1109 926 1189 969 ἀπὸ
1218 931 1394 982 τῶντῆς
1421 925 1571 983 χώρας.
1641 928 1765 969 uallo

260 992 493 1048 πολεμήσας
513 995 689 1050 ἐνίκησεν
711 992 873 1047 αὐτούς,
892 996 958 1037 καὶ
976 999 1138 1037 πολλῶν
1152 993 1372 1051 χρημάτων
1387 993 1525 1050 κύριος
1542 994 1707 1050 ἐγένετο.

261 1064 328 1105 καὶ
347 1061 565 1116 ὑπολαβὼν
585 1061 645 1104 ὅτι
665 1065 721 1112 εἰς
742 1061 980 1118 οἱανδήποτε
997 1061 1140 1119 χώραν
1169 1067 1379 1105 καταντῶν
1405 1061 1567 1112 πάντως
1596 1061 1707 1118 [ὅτι]

261 1130 437 1179 καὶτοὺς
455 1135 527 1184 τῆς
547 1130 673 1183 αὐτῆς
690 1129 830 1186 χώρας
851 1135 942 1190 νικᾷ
960 1133 1026 1173 καὶ
1041 1131 1111 1173 τὸν
1130 1135 1304 1174 πλοῦτον
1318 1129 1488 1186 ἑκάστης
1502 1130 1614 1188 αὐτῷ
1622 1128 1710 1185 χῶ-

261 1214 338 1253 ρας
368 1195 612 1254 ἀπαντώσης
640 1201 862 1252 κομίζεται,
900 1197 1178 1256 καταφθάσας
1207 1199 1281 1253 τὴν
1298 1196 1572 1255 Λωτοφάγων
1595 1202 1709 1254 λεγο-

258 1265 382 1320 μένην
398 1263 538 1321 χώραν
561 1266 755 1319 συνέβαλε
771 1267 854 1320 μετ’
878 1267 1011 1309 αὐτῶν
1030 1265 1217 1321 πόλεμον.
1288 1268 1354 1310 καὶ
1380 1268 1565 1322 ἐνίκησαν
1584 1266 1707 1310 αὐτὸν
1719 1275 1764 1311 15

260 1333 300 1375 οἳ
318 1338 392 1387 τῆς
413 1333 537 1388 αῧτῆς
555 1332 694 1390 χώρας
709 1339 853 1390 μικροῦ
875 1336 955 1376 δεῖν
983 1334 1119 1377 ὀλέσαι
1147 1333 1303 1385 πάντας
1317 1349 1328 1360 ·
1364 1335 1547 1378 κάκεῖθεν
1566 1334 1707 1391 φυγὼν

258 1399 421 1456 ἀνήχθη
438 1400 724 1456 χειμαζόμενος
741 1402 845 1457 μετὰ
866 1406 1051 1445 πλεῖστον
1071 1406 1199 1445 πλοῦν
1227 1406 1281 1452 εἷς
1303 1403 1376 1457 τὴν
1396 1402 1612 1458 λεγομένην
1631 1407 1706 1446 Σι-

259 1469 373 1511 κίλαν
393 1473 539 1524 νῆσον,
581 1470 656 1524 τὴν
675 1472 761 1513 νυνὶ
781 1470 993 1526 λεγομένην
1013 1471 1209 1514 Σικελίαν.
1277 1469 1301 1526 ἦ
1326 1471 1370 1513 δὲ
1388 1475 1512 1526 νῆσος
1533 1469 1636 1526 αὕτη
1655 1465 1707 1525 ἦν

257 1534 411 1591 μεγάλη
441 1534 572 1588 πάνυ,
609 1538 826 1594 διῃρημένη
856 1540 909 1588 εἷς
930 1545 1035 1595 τρεῖς
1057 1538 1259 1595 ἀδελφοὺς
1275 1536 1474 1594 μεγάλους
1494 1540 1562 1581 καὶ
1581 1541 1707 1581 δυνα-
1744 1579 1746 1582 ,

206 1618 240 1653 Ε
263 1603 357 1653 τοὺς
373 1604 510 1647 καὶτὰ
529 1604 713 1659 ἀλλήλων
733 1611 1006 1663 φρονοῦντας,
1044 1607 1144 1662 λέγω
1164 1607 1212 1660 δὴ
1233 1608 1288 1656 εἷς
1303 1604 1512 1649 Κύκλωπα
1532 1608 1600 1649 καὶ
1611 1604 1761 1649 :dv-20

257 1669 455 1727 τιφάντην
488 1674 556 1714 καὶ
584 1672 843 1730 Πολύφημον
852 1706 865 1727 ,
899 1674 1014 1724 υἱοὺς
1038 1675 1276 1730 γεναμένους
1300 1678 1373 1717 τοῦ
1390 1672 1587 1727 Σικάνου,
1623 1678 1706 1728 βα·-

260 1740 402 1789 σιλέως
423 1744 497 1794 τῆς
518 1741 644 1796 αὐτῆς
663 1741 801 1796 νήσου.
870 1736 975 1796 ἦσαν
995 1743 1039 1784 δὲ
1060 1742 1098 1784 οἳ
1115 1742 1230 1784 αὐτοὶ
1250 1749 1356 1798 τρεῖς
1375 1741 1542 1799 ἀδελφοὶ
1561 1741 1706 1799 ἄνδρες

111 1821 144 1853 o
168 1820 236 1857 146
254 1809 424 1861 χαλεποὶ
445 1810 510 1849 καὶ
525 1809 725 1864 μηδέποτε
745 1810 882 1860 ξένους
895 1807 1195 1865 ὑποδεχόμενοι,
1225 1809 1328 1853 ἀλλὰ
1346 1812 1413 1853 καὶ
1433 1810 1702 1868 ἀναιροῦντες.

350 1905 404 1938 10.
427 1901 645 1940 &velamem
654 1906 722 1940 Ox.
772 1907 823 1941 12.
844 1904 901 1943 ὅτι
910 1906 994 1942 dele.
1044 1909 1094 1943 13.
1109 1904 1230 1942 αὐτῶν
1239 1907 1306 1942 Ox,
1353 1907 1406 1942 19.
1415 1905 1612 1952 διῃρημένη
1622 1906 1700 1948 eh„

348 1948 555 1995 διειρημένη
577 1951 647 1985 Ox.
708 1953 764 1986 20.
786 1949 1030 1999 Ἀντιφάντην]
1050 1951 1280 1998 Ἀντιφάτην.·
1303 1951 1430 1986 monuit
1451 1953 1561 1986 Bentl.
1585 1964 1620 1998 p.
1643 1953 1702 1987 73.

256 2026 444 2061 Palladium
466 2027 616 2062 daretur.
661 2030 748 2073 Ajax
769 2030 888 2076 itaque
910 2031 1034 2074 Ulissi,
1066 2030 1320 2076 Agamemnoni,
1353 2042 1394 2064 ac
1415 2029 1570 2065 Diomedi
1591 2029 1703 2064 offen-

259 2084 334 2114 sus,
368 2072 402 2106 in
424 2074 609 2107 tentorium
640 2085 730 2108 suum
754 2088 789 2110 se
811 2077 962 2122 recepita
996 2076 1056 2111 ubi
1078 2088 1141 2122 per
1172 2081 1305 2111 noctem
1336 2075 1450 2120 gladio
1475 2075 1603 2110 eccisus
1627 2079 1701 2117 θείς

258 2118 397 2152 invento
429 2117 478 2151 ibi
507 2119 582 2152 luce
614 2120 766 2163 proxima
799 2122 976 2157 cadavere.
1025 2123 1136 2167 Ajacis
1169 2122 1287 2167 itaque
1317 2120 1509 2166 Pyrrhique
1532 2120 1701 2155 exercitus

259 2163 418 2197 adversus
440 2162 583 2197 Ulissem
605 2164 842 2208 insurgebant,
875 2180 951 2202 eum
973 2167 1199 2202 interfecturi.
1245 2167 1370 2201 verum
1392 2165 1439 2208 is,
1470 2166 1617 2201 diductis
1638 2177 1702 2200 na-

258 2208 354 2242 vibus
377 2208 462 2249 suis,
485 2209 634 2253 fugaque
654 2210 719 2243 sibi
743 2213 938 2254 consulens,
958 2213 994 2247 in
1016 2225 1108 2247 mare
1131 2212 1305 2247 Ponticum
1329 2223 1458 2246 cursum
1482 2211 1618 2256 dirigit:
1641 2211 1702 2246 ubi

258 2264 323 2332 per
353 2253 491 2299 aliquod
527 2259 658 2299 tempus
697 2262 932 2300 commoratus,
972 2259 1006 2292 in
1051 2259 1194 2304 patriam
1238 2257 1360 2292 deinde
1391 2269 1480 2292 suam
1516 2258 1700 2302 urbemque

278 2299 409 2333 thaeum
444 2310 518 2334 cum
550 2300 653 2334 classe
686 2305 721 2334 et
750 2303 904 2337 exercitu
927 2304 1059 2346 redire,
1095 2303 1130 2338 in
1153 2304 1262 2338 animo
1284 2303 1413 2338 habuit.
1458 2303 1527 2337 Per
1548 2301 1701 2336 Maroni-

259 2343 335 2378 ‹lem
354 2355 435 2379 vero
457 2344 629 2390 regionem
650 2344 716 2379 iter
738 2347 897 2389 facienti,
921 2349 1117 2384 restiterunt
1138 2349 1288 2383 incolae:
1323 2360 1405 2393 quos
1426 2347 1570 2382 vicissim
1591 2347 1700 2392 impe-

258 2392 333 2423 tens
366 2389 510 2432 Ulisses,
548 2389 695 2432 devicit,
724 2395 829 2436 atque
860 2405 959 2438 opum
990 2395 1166 2429 multarum
1193 2394 1342 2429 dominus
1373 2393 1499 2428 evasit:
1538 2405 1554 2426 s
1579 2403 1699 2438 emque

260 2434 469 2479 concipiens,
503 2446 744 2490 quamcumque
767 2437 937 2482 regionem
961 2440 1148 2484 appulerit,
1181 2439 1299 2473 obvios
1321 2449 1469 2483 quosque
1490 2449 1527 2471 se
1573 2438 1698 2472 ebella-

258 2484 389 2521 turum,
422 2481 624 2526 divitiasque
655 2480 801 2526 ipsorum
823 2481 1096 2528 deportaturum,
1131 2496 1204 2519 cum
1228 2482 1435 2529 Lotophagis
1468 2493 1626 2537 quoque,
1661 2483 1698 2518 in

260 2535 403 2569 quorum
434 2526 602 2571 regionem
624 2526 766 2569 incidit,
801 2529 933 2572 proelia
965 2529 1136 2564 commisit.
1182 2530 1253 2563 Sed
1286 2528 1393 2562 abiis
1415 2528 1587 2570 demotus,
1623 2539 1697 2563 cum

261 2580 330 2604 non
352 2571 487 2605 multum
509 2572 647 2614 aberat,
683 2571 763 2616 quin
786 2573 905 2618 copiae
928 2574 1000 2617 ejus
1024 2574 1068 2608 ad
1091 2585 1189 2608 unum
1213 2585 1323 2608 omnes
1348 2572 1607 2616 exciderentur,
1641 2575 1704 2608 fu-

261 2626 338 2658 gam
361 2617 525 2661 capessit,
562 2621 597 2652 et
617 2618 716 2662 longa
738 2619 866 2653 demum
888 2619 1100 2664 navigatione
1121 2620 1247 2653 fractus
1269 2618 1406 2652 Sicilam
1427 2618 1586 2661 insulam,
1608 2629 1698 2664 quae

262 2670 348 2694 nunc
371 2661 489 2696 Sicilia
510 2667 673 2705 vocatur,
708 2663 850 2710 appulit.
894 2664 1100 2710 Amplissima
1123 2668 1198 2699 erat
1216 2665 1301 2698 haec
1323 2663 1450 2706 insula,
1485 2675 1584 2708 quam
1605 2664 1696 2698 inter

262 2716 298 2738 se
321 2705 457 2740 divisam
481 2711 549 2742 tres
571 2709 696 2742 fratres
719 2713 950 2755 occuparunt,
987 2710 1156 2755 Cyclops,
1190 2709 1435 2754 Antiphantes,
1469 2714 1505 2744 et
1526 2709 1697 2755 Polyphe-

260 2760 350 2790 mus3
386 2752 443 2795 qui
466 2753 603 2795 Sicani,
635 2753 764 2789 insulae
784 2754 880 2789 istius
910 2754 1019 2799 regis,
1051 2755 1133 2797 filii,
1165 2759 1318 2801 potentes
1340 2756 1497 2796 fuerunt,
1528 2758 1563 2789 et
1584 2753 1697 2799 magni

260 2796 399 2830 nominis
421 2797 507 2839 viri,
540 2798 662 2843 quique
684 2811 737 2834 res
759 2811 833 2834 suas
856 2805 1018 2834 curarunt
1040 2804 1165 2834 mutuo.
1212 2800 1323 2834 Erant
1344 2804 1453 2834 autem
1475 2803 1545 2834 tres
1567 2799 1603 2834 hi
1623 2809 1696 2834 mo-

260 2839 349 2874 ribus
372 2842 506 2884 efferis;
540 2855 604 2878 nec
626 2845 813 2890 peregrinis
834 2845 1062 2891 excipiendis,
1085 2844 1165 2892 quin
1185 2844 1266 2892 ipsis
1288 2845 1398 2892 potius
1419 2844 1612 2882 occidendis
1633 2844 1696 2880 de·
