1838 3230
259 199 359 250 356
656 192 952 238 IOANNIS
980 193 1313 236 MALALAE

259 316 325 361 καὶ
343 311 577 371 μεσᾶσαντα
598 317 657 371 τῷ
676 309 793 370 γάμῳ
823 313 890 354 καὶ
921 315 1242 367 συναριστοῦντα
1264 309 1424 363 αὐτοῖς,
1462 309 1623 364 ἐποίησε
1643 309 1713 352 διὰ

259 381 394 438 πάσης
428 383 544 433 ἀξίας
571 383 726 424 ἐλθεῖν·
771 381 836 422 καὶ
863 381 965 433 μετὰ
998 384 1128 422 ταῦτα
1161 377 1407 434 προηγάγετο
1437 378 1561 421 αὐτὸν
1592 376 1714 433 μάγι-

262 466 407 507 στρον·
444 452 510 494 καὶ
543 447 720 504 ηὐξήθη.
790 445 846 497 ὥς
869 447 968 502 ἔχων
1000 449 1044 490 δὲ
1068 447 1299 504 παῤῥησίαν
1323 447 1425 503 πρὸς
1455 447 1527 489 τὸν
1543 445 1714 500 βασιλέα

264 516 500 570 Θεοδόσιον,
533 515 587 567 ὥς
609 514 902 572 παράνυμφος,
940 518 1005 558 καὶ
1028 515 1130 570 πρὸς
1148 516 1222 569 τὴν
1244 514 1492 570 Αὕγουσταν
1511 513 1714 556 Εὖδοκίαν

261 586 381 645 εῗσῄει
399 589 554 640 συχνῶς
574 583 595 627 ὅ
619 584 742 633 αὐτὸς
761 587 992 635 Παυλῖνος,
1031 581 1086 632 ὥς
1103 581 1338 639 ,ιιιὶγιστρος.
1723 593 1746 628 5

358 652 406 696 ‘O
439 654 484 695 δὲ
512 652 635 702 αὐτὸς
669 649 886 701 Θεοδόσιος
913 651 1104 705 βασιλεὺς
1131 650 1307 704 ἔπεμψεν
1341 651 1384 693 ἓν
1408 654 1460 707 τῇ
1486 646 1621 706 Ῥώμῃ
1642 647 1716 691 ’Ά-

262 739 401 775 σπαρα
454 720 525 764 τὸν
566 721 776 776 πατρίκιον
817 719 919 773 μετὰ
962 717 1169 771 δυνάμεως
1207 723 1358 772 πολλῆς
1409 721 1588 771 στρατοῦ
1640 733 1717 759 κα-

210 793 242 829 1>
264 790 317 833 τὰ
343 785 530 832 Ἰωάννου
559 792 632 831 τοῦ
661 785 876 843 τυράννου.
947 788 1012 829 καὶ
1045 788 1196 841 ἐνίκησε
1222 786 1291 828 τὸν
1322 786 1445 829 αὐτὸν
1471 782 1662 839 Ἰωάννην
1687 781 1717 828 ,ὅ

252 857 427 909 Ἄσπαρ,
453 858 518 899 καὶ
538 857 722 910 ἐξέβαλεν
744 855 871 898 αὐτὸν
892 859 964 909 τῆς
985 856 1192 908 βασιλείας
1207 853 1378 909 Ῥώμης,
1417 855 1482 895 καὶ
1503 851 1718 909 ἐφόνευσεν

262 923 402 969 αὐτόν.
473 926 540 967 καὶ
560 925 742 978 ἐποίησεν
763 921 783 965 ὃ
806 923 994 975 βασιλεὺς
1019 921 1238 971 Θεοδόσιος
1259 922 1429 975 βασιλέα
1447 923 1488 963 ἓν
1508 925 1558 977 τῇ
1583 918 1718 977 Ῥώμῃ
1730 932 1773 966 10

263 992 573 1036 Βαλεντινιανὸν
595 992 665 1034 τὸν
688 990 857 1047 μικρόν,
892 991 963 1033 τὸν
980 990 1068 1033 υἱὸν
1086 991 1316 1038 Πλακιὸιάς
1342 994 1416 1044 τῆς
1441 988 1618 1044 μεγάλης
1651 989 1718 1030 καὶ

263 1062 554 1105 Κωνσταντίου
574 1059 786 1114 βασιλέως,
821 1059 892 1101 τὸν
913 1059 1016 1101 ἴδιον
1036 1057 1162 1100 αὐτοῦ
1192 1059 1391 1113 συγγενέα.
1462 1059 1528 1099 καὶ
1553 1057 1721 1098 ἐκδίδω-

264 1145 330 1171 σιν
349 1129 461 1187 αὖτῷ
485 1128 558 1183 τὴν
589 1127 736 1170 ἑαυτοῦ
758 1127 992 1182 θυγατέρα,
1030 1126 1080 1181 ἣν
1100 1124 1199 1180 εἶχεν
1219 1126 1296 1167 ἀπὸ
1331 1125 1530 1174 Εὖὸοκιάς
1551 1121 1722 1179 Αὐγού-

265 1212 390 1250 στας,
437 1196 648 1251 θυγατρὸς
678 1199 750 1237 τοῦ
787 1193 1039 1251 φιλοσόφου,
1093 1192 1260 1247 ὀνόματι
1297 1193 1520 1243 Εὗδοξίαν’
1571 1191 1640 1248 ἀφ’
1670 1185 1721 1246 ἧς

263 1262 377 1320 ἴσχεν
419 1262 440 1306 ὃ
480 1263 602 1313 αὐτὸς
643 1262 952 1311 Βαλεντινιανός
1002 1262 1234 1318 θυγατέρας
1284 1259 1357 1304 δύο
1402 1260 1605 1303 Εὗδοκίαν
1651 1260 1716 1302 καὶ
1731 1269 1774 1305 15

263 1333 509 1376 Πλακιὸίαν.

368 1399 527 1454 Συνέβη
548 1398 592 1441 δὲ
619 1397 722 1451 μετὰ,
752 1394 900 1454 χρόνον
933 1397 975 1439 ἓν
1003 1401 1061 1455 τῷ
1079 1396 1256 1453 προϊέναι
1275 1396 1346 1439 τὸν
1372 1395 1542 1449 βασιλέα
1567 1392 1722 1438 Θεοδό-

267 1482 357 1510 σιον
376 1469 432 1516 εἷς
450 1467 524 1522 τὴν
555 1467 766 1520 ἐκκλησίαν
801 1468 842 1508 ἐν
868 1472 952 1515 τοῖς
981 1463 1106 1520 ἁγίοις
1132 1465 1369 1520 θεοφανιόις
1397 1464 1468 1506 τὸν
1498 1461 1722 1518 μάγιστρον

142 1538 176 1573 O
200 1538 244 1574 57
269 1538 479 1578 Παυλῖνον
525 1533 776 1589 ἇηδισθὲντα
813 1534 855 1575 ἐκ
885 1537 958 1575 τοῦ
990 1533 1117 1582 ποδὸς
1150 1530 1344 1587 ἆπρόϊτον
1380 1538 1512 1585 μεῖναι
1547 1533 1614 1573 καὶ
1655 1531 1722 1571 ε’κ-

216 1605 250 1640 Ε
273 1607 527 1646 κουσσεῢσαι.
598 1599 840 1657 προσήνεγκε
871 1602 915 1643 δὲ
940 1605 998 1658 τῷ
1031 1601 1141 1657 αὐτῷ
1173 1601 1378 1656 Θεοδοσίῳ
1408 1603 1572 1653 βασιλεῖ’
1602 1598 1722 1652 πένης
1732 1610 1779 1644 20

269 1687 331 1720 τις
359 1675 491 1725 μῆλον
519 1669 788 1725 Φρυγιατικόν
818 1669 1072 1724 παμμέγεθες
1103 1668 1206 1709 πολὺ
1242 1670 1297 1717 εἷς
1325 1671 1462 1709 πᾶσαν
1480 1664 1722 1722 ὑπερβολήν.

271 1740 337 1781 καὶ
359 1739 542 1792 ἐξενίσθη
571 1735 591 1779 ὃ
624 1736 814 1791 βασιλεὺς
847 1739 914 1779 καὶ
942 1741 1053 1779 πᾶσα
1083 1733 1352 1791 ἧσύγκλητος
1375 1735 1524 1777 αὐτοῦ·
1565 1735 1631 1776 καὶ
1659 1732 1726 1776 εὖ-

272 1806 382 1856 θὲως
412 1804 433 1849 ὅ
462 1803 669 1860 βασιλεύς,
709 1804 893 1854 δεδωκὼς
910 1810 969 1864 τῷ
990 1801 1286 1861 προσαγαγόντι
1307 1803 1353 1845 τὸ
1372 1807 1503 1858 μῆλον
1524 1803 1725 1857 νομίσμα-

364 1924 399 1960 4.
422 1923 633 1970 Αὐγούσταν
657 1927 723 1961 Ox.
770 1923 830 1960 Sic
852 1927 888 1959 et
911 1935 945 1971 p.
969 1935 1040 1969 seq.
1131 1924 1187 1959 21.
1211 1919 1441 1968 παμμεγεθὲς
1463 1921 1530 1956 Ox-

273 2027 467 2073 nuptiarum
497 2027 770 2070 conciliatorem,
809 2038 871 2073 per
894 2037 1005 2061 omnes
1027 2026 1187 2059 honorum
1219 2024 1344 2070 gradus
1365 2023 1410 2058 ad
1442 2023 1624 2068 dignitates
1645 2034 1727 2057 eve-

263 2074 346 2114 ⁴xit3
384 2072 505 2107 deinde
528 2073 630 2107 etiam
652 2073 810 2118 Magistri
833 2073 999 2117 dignitate
1020 2070 1204 2116 insignivit.
1250 2071 1309 2104 Sic
1331 2070 1514 2104 honoribus
1537 2075 1654 2102 auctus
1677 2071 1728 2102 est

275 2117 457 2159 Paulinus3
492 2118 551 2162 qui
582 2130 654 2152 cum
677 2120 852 2164 plurimum
876 2117 1026 2163 potuerit
1055 2117 1147 2162 apud
1170 2116 1431 2160 Imperatorem,
1466 2122 1505 2149 ut
1538 2115 1597 2160 qui
1621 2115 1728 2147 Para-

277 2164 439 2209 nymphus
461 2163 533 2206 ejus
554 2163 672 2203 fuerit,
696 2164 902 2208 saepiuscule
925 2163 1038 2204 etiam,
1062 2166 1100 2195 ut
1122 2161 1180 2207 qui
1203 2161 1370 2206 Magister
1394 2166 1482 2202 erat,
1508 2160 1553 2194 ad
1574 2159 1728 2203 Impera-

275 2210 395 2243 tricem
417 2209 601 2243 Eudociam
623 2208 829 2242 intromissus
851 2212 912 2243 est.

368 2255 556 2299 Imperator
590 2258 700 2287 autem
731 2254 943 2288 Theodosius
974 2257 1135 2298 Asparem
1167 2252 1353 2297 quendam,
1393 2251 1500 2285 virum
1531 2247 1726 2290 Patricium,

278 2310 352 2333 cum
377 2298 525 2333 exercitu
558 2310 678 2343 magno
700 2299 836 2332 Romam
859 2311 973 2333 versus
1010 2298 1137 2340 emisit,
1172 2303 1294 2331 contra
1315 2297 1476 2330 Joannem
1499 2295 1589 2327 illum
1614 2294 1727 2327 rebel-

278 2344 353 2379 lem.
400 2344 499 2378 Hunc
519 2344 636 2386 itaque
659 2345 767 2388 Aspar
790 2344 878 2377 bello
901 2343 1095 2389 superavit,
1131 2354 1305 2387 regnoque
1328 2342 1477 2375 Romano
1501 2340 1727 2380 deturbatum,

278 2389 355 2424 neci
378 2389 543 2431 tradidit,
579 2389 748 2424 Romanus
769 2400 849 2422 vero
872 2389 1061 2433 Imperator
1083 2401 1104 2423 a
1128 2387 1321 2421 Theodosio
1345 2385 1558 2419 renunciatus
1582 2390 1633 2418 est
1657 2385 1729 2418 Va-

278 2435 480 2469 lentinianus
502 2435 641 2477 Junior,
677 2432 938 2477 consanguineus
969 2435 1061 2478 ejus,
1096 2432 1286 2467 Constantii
1307 2430 1524 2475 Imperatoris
1556 2435 1592 2463 et
1616 2429 1730 2463 Placi-

279 2480 358 2514 diae
381 2491 522 2525 magnae
544 2480 651 2514 filius:
677 2480 730 2514 cui
753 2479 854 2513 etiam
877 2479 912 2511 in
935 2490 1069 2513 uxorem
1093 2478 1188 2511 dedit
1209 2477 1310 2510 filiam
1332 2476 1539 2516 Eudoxiam,
1565 2487 1663 2520 quam
1687 2485 1729 2509 ex

280 2526 437 2559 Eudocia
460 2526 622 2570 Augusta,
645 2524 838 2570 Philosophi
862 2524 932 2557 filia
954 2528 1158 2568 susceperat.
1203 2523 1260 2556 Ex
1282 2534 1324 2556 ea
1346 2533 1427 2563 vero
1451 2521 1538 2555 filias
1561 2521 1643 2555 duas
1665 2521 1729 2554 ha-

280 2570 354 2605 buit
378 2570 652 2613 Valentinianus,
680 2569 864 2605 Eudociam
888 2573 924 2602 et
946 2569 1141 2602 Placidiam.

371 2615 508 2650 Accidit
537 2621 650 2650 autem
673 2619 750 2661 post
781 2614 960 2659 temporis,
1001 2625 1072 2647 cum
1096 2615 1284 2658 Imperator
1306 2612 1516 2647 Theodosius
1537 2611 1572 2644 in
1595 2610 1729 2644 Sanctis

221 2669 232 2700 l
281 2660 515 2706 Theophaniis
546 2661 590 2695 ad
621 2660 806 2695 Ecclesiam
838 2659 968 2701 exiret,
1014 2659 1190 2692 Paulinum
1221 2657 1420 2702 Magistrum
1452 2656 1539 2691 domi
1569 2666 1728 2696 manere;

281 2717 386 2749 aeger
409 2707 496 2740 enim
519 2718 561 2741 ex
585 2705 674 2751 pede
697 2706 906 2746 decumbens,
928 2705 1076 2738 morbum
1099 2703 1282 2738 excusavit.
1331 2703 1466 2737 Obtulit
1485 2701 1618 2736 interim
1641 2711 1728 2746 pau-

282 2761 346 2795 per
379 2751 517 2795 quidam
541 2751 736 2786 Theodosio
760 2761 892 2796 pomum
914 2749 1116 2794 Phrygium,
1148 2749 1364 2794 praegrande
1386 2749 1470 2782 illud
1493 2753 1527 2781 et
1549 2747 1727 2780 inusitatae

282 2795 538 2840 magnitudinis3
570 2797 780 2841 Imperatore
813 2795 886 2841 ipso
917 2795 1186 2838 Proceribusque
1217 2795 1287 2838 ejus
1322 2794 1471 2828 omnibus
1500 2789 1728 2836 magnitudine

281 2839 367 2875 illius
389 2842 664 2887 stupescentibus.
707 2842 895 2888 Imperator
918 2846 1051 2883 autem,
1074 2840 1162 2874 datis
1185 2839 1218 2874 ei
1241 2840 1298 2886 qui
1321 2840 1493 2874 obtulerat
1517 2836 1560 2871 ἐι,
1578 2835 1727 2877 nummis,
