1838 3230
147 636 273 671 0130
684 611 1139 672 ΛΟΓΟΣ
1232 611 1359 673 ΙΖ’

493 738 776 778 ΧΡΟΝΩΝ
810 740 876 779 ΙΟ
890 741 1179 782 ΤΣΤΙΝΟΤ
1200 744 1556 784 ΒΑΣΙΛΕΩΣ.

241 1007 270 1041 Β
297 970 467 1040 Μετὰ
493 995 539 1039 δὲ
565 996 640 1052 τὴν
673 996 882 1051 βασιλείαν
906 996 1176 1043 Ἀναστασίου
1204 999 1458 1053 ἐβασίλευσεν
1487 999 1509 1044 ὅ
1536 1000 1749 1053 θειότατος

290 1065 520 1117 ’Ῑουστΐνος,
550 1064 630 1108 ἀπὸ
652 1063 899 1122 Βεδεριάνας
921 1066 976 1109 ὢν
1003 1066 1133 1127 Θρᾷξ,
1158 1068 1222 1110 ἐπὶ
1247 1072 1320 1122 τῆς
1340 1065 1534 1119 ὑπατείας
1554 1070 1747 1126 Μάγνου,

291 1135 389 1187 μηνὶ
417 1134 554 1191 ιὀυλίῳ
571 1130 632 1186 θ’,
671 1136 884 1176 ῗνδικτιῶνι
915 1132 1127 1192 ἑνδεκάτῃ·
1165 1134 1302 1178 ὅντινα
1326 1133 1540 1193 ὄστρατός
1562 1142 1643 1180 τῶν
1667 1155 1748 1195 φυ-

294 1199 524 1243 λαττόντων
546 1201 591 1243 τὸ
612 1199 808 1243 παλάτιον
828 1200 1000 1244 κελεύσει
1018 1207 1121 1246 θεοῦ
1153 1201 1446 1260 ἓξκουβιτόρων
1479 1203 1565 1261 ἅμα
1596 1210 1654 1264 τῷ
1674 1204 1748 1262 δή-

292 1286 358 1326 μῳ
389 1268 612 1322 στέψαντες
641 1270 835 1323 ἐποίησαν
855 1271 1049 1323 βασιλέα·
1095 1267 1143 1326 ἦν
1179 1271 1256 1327 γὰρ
1288 1269 1416 1327 κόμης
1438 1271 1779 1331 ἓξκουβιτόρων.5

143 1350 176 1385 0
202 1350 266 1385 131
292 1339 524 1390 ἐβασίλευσε
550 1338 594 1378 δὲ
623 1335 690 1391 ἔτη
718 1335 764 1379 θ’
799 1339 866 1379 καὶ
906 1336 1059 1395 ἡμέρας
1092 1337 1304 1383 εἰκοσιδύο.
1375 1343 1426 1397 τῇ
1447 1342 1499 1391 ,δὲ
1536 1339 1670 1400 ἡλικίᾳ
1697 1338 1748 1397 ἦν

291 1408 546 1460 διμοιριαΐος,
588 1403 805 1459 εὕστηθος,
846 1400 979 1458 οὖλος,
1027 1405 1252 1459 ὁλοπόλιος,
1298 1406 1464 1463 εὕρινος,
1495 1406 1744 1467 ὖπόπυῤῥος,

291 1472 508 1530 εὔμορφος,
538 1473 580 1515 ἐν
601 1473 789 1526 πολέμοις
807 1475 1023 1526 κοπωθείς,
1060 1473 1284 1531 φιλότιμος,
1306 1473 1572 1530 ἀγράμματος
1593 1477 1648 1520 δέ.
1719 1477 1745 1533 ἢ

289 1539 416 1596 μόνον
436 1542 480 1583 δὲ
499 1542 768 1593 ἐβασίλευσεν,
807 1540 958 1583 ἀνεῖλεν
984 1541 1198 1596 Ἀμάντιον
1218 1542 1290 1585 τὸν
1316 1541 1582 1598 πραιπόσιτον
1617 1545 1745 1588 αὐτοῦ

291 1611 357 1651 καὶ
375 1609 564 1664 Ἀνδρέαν
585 1608 655 1650 τὸν
675 1607 1008 1665 κουβικουλάριον
1044 1611 1171 1652 αὐτοῦ
1198 1610 1268 1653 τὸν
1286 1611 1530 1654 Λαυσιακόν
1548 1614 1613 1654 καὶ
1640 1611 1741 1656 Θεό·
1758 1622 1802 1655 10

291 1694 428 1732 κριτον
446 1677 517 1719 τὸν
546 1674 704 1730 κόμητα
737 1677 809 1719 τὸν
830 1682 903 1719 τοῦ
934 1678 1060 1720 αὐτοῦ
1085 1678 1302 1732 Ἀμαντίου
1327 1678 1586 1731 ὃομέστικον·
1637 1679 1745 1723 ὅντι-

291 1763 342 1788 να
364 1742 596 1798 ἐβουλεύετο
626 1748 791 1799 ποιῆσαι
818 1745 991 1798 βασιλέα
1020 1744 1041 1789 ὅ
1067 1746 1189 1795 αὐτὸς
1204 1745 1416 1800 Ἀμάντιος
1428 1780 1441 1799 ,
1478 1748 1575 1797 δοὺς
1593 1753 1650 1806 τῷ
1669 1749 1744 1791 αὐ-

289 1817 348 1872 τῷ
366 1813 568 1871 Ἰουστίνῳ
582 1810 776 1868 χρήματα
794 1813 994 1870 ῥογεῦσαι,
1029 1815 1097 1856 ἵνα
1117 1816 1274 1870 γένηται
1297 1812 1511 1871 Θεόκριτος
1530 1815 1743 1870 βασιλεύς

383 1922 417 1957 7.
444 1920 555 1964 οὖλὸς
578 1921 645 1957 Ox.
742 1922 796 1958 10.
818 1918 989 1967 Ἀνδρέαν
1012 1921 1140 1958 Chron.
1163 1924 1302 1975 9.,331.
1326 1923 1375 1966 C,
1408 1920 1552 1969 Ἀνδρέα
1574 1923 1642 1958 Ox.

669 2077 719 2133 L
759 2078 786 2134 I
824 2077 873 2134 B
915 2079 961 2134 E
1003 2079 1057 2134 R
1150 2078 1364 2135 XVII.

376 2188 455 2228 DE
497 2188 906 2229 TEMPofflssth
945 2191 1193 2230 JUSTlNI
1235 2163 1657 2230 IMPERAToRIs.

293 2288 494 2357 Anastasii
517 2324 594 2365 post
617 2321 741 2356 exitum
771 2321 947 2367 imperium
979 2322 1127 2378 suscepit
1148 2322 1384 2359 sacratissimus
1415 2321 1583 2364 Justiuus,
1606 2333 1650 2355 ex
1672 2322 1740 2356 Be-

290 2366 432 2400 deriana
455 2367 628 2401 Thracum
659 2366 839 2408 oriundus,
877 2369 939 2401 sub
970 2369 1090 2414 Magm
1121 2369 1328 2409 Consulatu,
1358 2367 1439 2401 Julii
1473 2378 1521 2409 xx,
1554 2366 1742 2402 Indictione

292 2412 485 2446 undecima:
508 2424 605 2457 quem
629 2413 797 2446 exercitus
821 2413 1062 2448 Excubitorum
1086 2414 1251 2448 Palatium
1274 2411 1551 2453 custodientium,
1575 2423 1643 2446 una
1667 2424 1739 2446 cum

291 2457 420 2503 populo
434 2481 445 2498 ,
465 2463 547 2491 nutu
571 2457 714 2500 Divino,
738 2457 929 2492 diademate
951 2458 1156 2503 insignitum,
1181 2459 1423 2503 Imperatorem
1445 2468 1626 2491 creaverex
1650 2458 1740 2492 Erat

292 2502 380 2536 enim
401 2502 520 2537 Comes
546 2503 796 2538 Excubitorum.
842 2503 1029 2548 Imperavit
1051 2508 1161 2538 autem
1185 2514 1287 2538 annos
1310 2514 1345 2536 1x
1369 2507 1404 2536 et
1427 2502 1498 2537 dies
1522 2513 1606 2536 xxn.
1649 2503 1740 2537 Erat

289 2547 345 2581 hic
368 2551 499 2582 statura
522 2549 723 2583 mediocrem
755 2547 959 2589 excedente,
994 2554 1136 2593 pectore
1167 2549 1285 2588 firmo,
1317 2547 1412 2582 crine
1443 2548 1553 2593 crispo
1575 2559 1738 2592 canoque,

289 2603 370 2626 naso
394 2593 542 2635 decoro,
575 2594 665 2628 facie
688 2594 875 2628 rubicunda
897 2598 933 2627 et
956 2594 1123 2636 formosa,
1159 2593 1194 2627 in
1217 2593 1313 2627 bellis
1336 2593 1561 2635 exercitatus,
1584 2592 1739 2637 magnifi-

291 2650 366 2679 cus,
401 2643 572 2673 caeterum
594 2640 769 2674 literarum
793 2638 896 2674 rudis.
947 2638 1199 2684 Quamprimum
1221 2642 1334 2672 autem
1357 2638 1525 2683 imperare
1549 2638 1684 2682 coepit,
1719 2649 1739 2671 e

290 2682 398 2717 medio
421 2684 558 2719 sustulit
586 2684 774 2719 Amantium
798 2683 1052 2729 Praepositum,
1077 2688 1112 2719 et
1134 2684 1300 2721 Andream
1324 2683 1540 2725 Lausiacum,
1570 2682 1740 2716 cubicula·-

291 2728 394 2770 rium3
428 2729 647 2764 Theocritum
673 2731 773 2764 etiam
798 2730 980 2771 Comitem,
1012 2729 1161 2763 Amantii
1190 2729 1408 2770 familiarem,
1440 2740 1539 2773 quem
1569 2727 1738 2763 Amantius

289 2773 530 2817 Imperatorem
555 2787 674 2810 creare
696 2779 889 2816 statuerat3
921 2774 979 2819 qui
1002 2775 1102 2809 etiam
1125 2775 1254 2809 Justino
1284 2774 1348 2820 ipsi
1372 2774 1530 2819 pecunias
1547 2774 1642 2808 dedit
1663 2783 1740 2807 ero-

291 2819 438 2863 gandas,
463 2827 502 2854 ut
526 2821 728 2856 Theocritus
752 2821 852 2856 fieret
873 2821 1072 2867 Imperator.
1129 2820 1221 2865 Quin
1253 2825 1290 2857 et
1311 2820 1458 2856 Justinus
1485 2831 1540 2856 eas
1562 2818 1738 2865 erogavit:
