1838 3230
16 0 63 220 ἓ,
618 148 915 194 EP1sToLA.
1434 154 1534 202 699

17 217 50 249 <if
981 237 983 240 ·

0 276 1 285 ¹
295 266 380 307 Nec
398 266 488 307 data
505 266 692 307 Romanis
707 266 822 306 venia
842 273 902 306 est
919 265 1080 318 indigna
1095 265 1239 319 poetis.

77 334 154 374 Fas
183 339 267 374 erat
297 333 491 375 duntaxat
515 347 676 374 versum
706 335 839 386 illum,
871 335 940 387 qui
961 334 1233 388 paroemiacus
1251 332 1423 386 dicitur,
1451 341 1535 375 tro-

6 396 33 452 ξῇ-
79 389 203 429 chazo
229 385 424 431 claudere.
480 393 538 435 Eo
566 404 692 442 usque
719 405 800 430 non
823 392 937 431 aliter
967 390 1190 429 continuari
1219 389 1413 430 debebant
1443 406 1533 430 ana-

18 459 28 499 g
75 446 205 499 paesti
237 447 301 486 vel
334 462 449 500 pares
476 453 688 500 anapaesto
725 448 867 500 pedes,
906 462 952 486 ac
991 448 1024 485 si
1064 448 1203 485 unicus
1247 454 1347 487 esset
1380 461 1534 490 versus.

20 500 31 522 *⁴
79 501 187 551 Quin
207 509 247 542 et
263 505 409 543 Seneca
430 505 640 556 Tragicus‚
670 511 717 542 ut
735 506 833 542 scias
857 518 946 544 eum
968 504 1015 543 de
1032 503 1226 542 industria
1242 505 1533 556 temperavisse,

38 598 42 603 ,
77 558 200 598 semel
217 565 372 599 tantum
393 567 512 613 atque
535 561 677 599 iterum
705 560 892 600 trochaeo
919 567 1147 612 anapaestos
1176 560 1334 606 clausit,
1365 575 1438 600 nec
1457 561 1534 600 nisi

75 614 186 654 finita
204 617 416 656 sententia:
454 616 522 669 qui
541 616 691 655 scilicet
717 617 954 670 paroemiaci
986 618 1096 656 locus
1122 623 1243 667 esset,
1272 616 1350 655 nisi
1375 617 1409 656 is
1438 618 1533 669 scri-

12 667 36 726 ?J'
74 677 171 724 pter
188 673 323 712 nescio
345 687 416 713 cur
433 687 591 712 versum
619 673 733 711 illum
765 674 1022 726 repudiasset.
1079 673 1241 712 Veteres
1267 679 1399 712 tamen
1429 673 1534 712 Lati-

13 724 19 731 ”
75 741 150 766 nes
167 727 325 770 minime
347 736 575 782 aspernatos
596 743 679 768 esse
703 731 1017 769 Paroemiacum.
1047 729 1116 768 sed
1143 736 1182 768 et
1206 729 1274 768 hic
1294 730 1536 769 Graecorum

3 782 8 788 '
74 784 250 836 vestigiis
264 785 453 828 institisse
471 786 571 826 scire
589 785 747 827 dabitur
764 800 814 827 ex
834 787 920 826 istis
938 786 1135 839 reliquiis,
1166 786 1292 839 iisque
1302 817 1316 837 ‚
1343 786 1386 825 ni
1405 786 1536 838 fallor,

75 840 184 881 solis.

75 918 209 960 Attius
242 919 434 963 Phinidis.
493 922 620 962 Simul
639 929 679 963 et
692 923 841 963 circum
863 936 1003 974 magna
1020 922 1252 963 sonantibus

486 979 626 1018 Excita
645 983 750 1019 saxis
770 993 887 1019 saeva
909 978 1085 1019 sonando

491 1035 654 1088 Crepitu
676 1037 878 1088 clangente
902 1035 1150 1076 cachinnant.

72 1112 206 1152 Locus
227 1119 286 1152 est
305 1114 412 1165 apud
430 1114 603 1152 Nonium
620 1115 661 1153 in
674 1113 936 1156 cachinnare.
994 1114 1073 1154 Sed
1095 1128 1208 1153 nemo
1229 1129 1252 1153 a
1267 1128 1330 1154 me
1348 1114 1534 1168 impetra-

71 1169 155 1219 bit,
188 1175 236 1208 ut
254 1171 378 1208 verba
399 1171 495 1209 Attii
525 1185 619 1209 sana
650 1185 733 1210 esse
762 1172 988 1210 concedam.
1056 1171 1258 1218 Quorsum
1282 1171 1386 1210 enim
1411 1172 1535 1224 perti-

73 1232 171 1264 nent
194 1240 338 1278 magna
360 1241 498 1275 saeva,
528 1233 568 1267 et
587 1226 815 1266 sonantibus
843 1225 1054 1268 sonando?
1081 1228 1323 1266 Peccaturus
1345 1242 1450 1278 sum,
1475 1229 1535 1267 uti

73 1295 214 1332 spero,
249 1283 353 1320 intra
380 1284 556 1333 veniam,
595 1283 629 1322 si
658 1297 799 1335 parum
839 1296 1034 1336 prospere
1067 1284 1301 1322 medicinam
1336 1285 1533 1338 experior.

71 1337 137 1376 Ex
163 1339 254 1391 ipso
281 1339 437 1377 fabulae
461 1339 618 1378 nomine
644 1353 780 1390 magna
813 1340 987 1392 suspicio
1020 1346 1078 1380 est
1108 1339 1157 1380 de
1184 1341 1371 1393 Harpyiis
1410 1342 1535 1381 verba

72 1393 169 1434 fieri.
225 1394 358 1434 Fallor
374 1395 509 1448 itaque
527 1409 579 1434 an
599 1396 656 1434 sic
675 1396 886 1448 legendum
905 1396 988 1435 est?

486 1475 613 1514 Simul
633 1480 670 1514 et
689 1475 839 1513 circum
854 1481 990 1524 stagna
1013 1475 1240 1514 sonantibus

485 1531 625 1570 Excita
645 1532 751 1570 saxis
774 1545 890 1570 saeva
910 1532 1078 1569 Celaeno

489 1587 650 1640 Crepitu
670 1589 872 1639 clangente
888 1586 1109 1627 cachinnat.

71 1664 180 1703 Illud
197 1662 396 1718 clangente
414 1666 578 1718 proprie
596 1672 635 1704 et
652 1672 743 1719 apte
763 1665 913 1705 dictum
941 1673 1001 1705 est
1020 1666 1069 1706 de
1088 1666 1287 1720 Harpyiis.

72 1733 285 1785 Virgilius:
493 1732 548 1771 At
578 1733 730 1772 subitae
758 1733 950 1772 horrifico
970 1734 1084 1786 lapsu
1104 1735 1154 1774 de
1170 1735 1369 1774 montibus
1391 1737 1534 1777 adsunt

489 1789 710 1841 Harpyiae,
742 1795 781 1828 et
801 1790 949 1840 magnis
969 1791 1151 1842 quatiunt
1172 1790 1420 1845 clangoribus
1440 1795 1532 1835 alas.

73 1846 184 1895 Quin
203 1852 243 1885 et
261 1854 402 1898 stagna
418 1846 518 1884 bene
534 1846 719 1898 reposui,
751 1847 994 1898 approbante
1010 1847 1158 1886 ibidem
1178 1848 1364 1898 Virgilio:

486 1901 707 1941 Obscaenas
726 1901 858 1955 pelagi
873 1903 977 1941 ferro
995 1903 1155 1943 foedare
1173 1905 1369 1947 volucres.

71 1956 201 1998 Attius
218 1957 414 2011 Telepho:
486 1958 647 2010 Jamjam
669 1958 831 2010 stupido
852 1959 1035 1998 Thessala
1054 1974 1191 2000 somno

486 2015 652 2054 Pectora
670 2015 935 2067 languentque
954 2024 1179 2068 senentque.

70 2070 131 2113 Id.
159 2072 383 2123 Eurysace:
483 2072 611 2123 Super
633 2072 777 2110 Oceani
798 2078 935 2123 stagna
957 2073 1032 2111 alta
1053 2075 1176 2124 patris

185 2137 190 2142 ’
486 2128 700 2166 Terrarum
723 2128 897 2167 anfracta
917 2129 1094 2169 revisam.

69 2183 268 2224 Pacuvius
286 2183 461 2236 Niptris:
490 2206 548 2214 —
574 2207 629 2213 —-
659 2185 840 2236 Operite,
872 2185 1090 2237 abscedite,
1116 2186 1274 2239 jamjam

486 2241 652 2279 Mittite:
681 2255 770 2279 nam
796 2248 1003 2281 attrectatu
1026 2249 1064 2282 et
1082 2257 1227 2294 quassu

17 2327 21 2331 .
487 2299 654 2336 Saevum
678 2298 918 2349 amplificat?
936 2299 1127 2338 dolorem.
1147 2342 1156 2351 ,

71 2350 200 2390 Attius
216 2351 452 2393 Philocteta:
480 2353 570 2392 Heu
591 2354 677 2405 quis
701 2355 810 2392 salsis
828 2355 1007 2395 ssuctibu'
1028 2356 1188 2394 mandet

482 2411 546 2449 Me
564 2424 614 2449 ex
632 2411 789 2449 sublimi
808 2412 956 2452 vert1ce
976 2414 1060 2450 saxi
1072 2413 1091 2450 ’ἶ

484 2467 645 2518 Jamjam
671 2468 871 2506 absumor:
901 2469 1061 2507 conficit
1081 2468 1253 2507 animum

484 2522 553 2562 Vis
575 2524 765 2575 volneris,
795 2525 938 2564 ulceris
960 2531 1099 2564 aestus.

69 2576 178 2614 Idem
211 2578 316 2628 apud
343 2579 422 2619 Cic.
451 2582 501 2621 2.·
521 2580 678 2620 Tuscul.
737 2581 881 2629 „Unde
912 2582 1011 2632 ignis
1040 2582 1146 2619 lucet
1169 2580 1402 2620 mortalibus
1422 2581 1523 2621 clam

70 2632 252 2671 divisus?
283 2648 371 2673 eum
392 2637 534 2674 doctus
563 2636 820 2675 Prometheus
853 2638 1035 2689 clepsisse
1065 2638 1156 2676 ‹lolo
1182 2651 1408 2690 poenasque
1437 2639 1524 2677 Jovi

69 2688 151 2726 sato
171 2690 404 2741 expendisse
421 2695 648 2746 supremo.“
706 2693 785 2742 Qui
814 2694 925 2732 locus
951 2694 1007 2732 sic
1034 2693 1083 2731 ad
1101 2701 1331 2747 anapaestos
1349 2708 1442 2734 suos
1465 2702 1523 2734 est

28 2752 32 2756 ’
69 2744 328 2786 reducendus,
855 2759 864 2768 ·

473 2804 583 2845 Unde
606 2806 726 2858 igneis
745 2807 848 2846 cluet
869 2806 1144 2847 immortalibu’

1561 920 1663 956 027

1557 2076 1656 2112 V16
