1838 3230
329 162 433 221 752
854 143 857 145 ⁷
881 126 883 128 .
916 164 1186 212 BENTLEII

328 276 540 327 Analogia}
569 276 743 326 Aeneas,
772 275 1035 330 Pythagoras,
1062 278 1193 331 Lycas
1209 280 1359 321 faciunt
1377 281 1549 333 Aeneae,
1577 281 1774 334 Pythago.

329 347 417 383 rae,
446 334 585 385 Lycae.
657 334 824 381 Quando
859 342 992 373 nostra
1021 338 1174 377 ratione
1198 339 1379 388 nomina,
1409 351 1511 391 quae
1533 339 1703 389 genitivo
1729 339 1773 377 in

329 389 362 428 Ε
391 395 555 439 exeunt,
596 389 837 428 nominativo
865 391 900 427 A
932 391 1140 442 finiuntur,
1175 400 1217 431 ut
1247 395 1432 432 Catilinae
1462 395 1640 436 Catilina.
1694 393 1773 432 Sed

328 444 427 484 haec
453 445 600 483 Graeca
620 451 724 494 sunt,
752 445 841 484 ideo
858 445 900 483 in
918 447 1166 487 Nominativo
1189 451 1214 486 S
1235 450 1388 488 literam
1404 452 1584 489 retinent.
1643 447 1773 497 Quae-

330 501 420 539 dam
441 507 568 539 tamen
592 501 762 552 perdunt
782 503 807 538 S
827 501 978 540 literam
999 505 1040 541 in
1061 505 1324 554 nominativo,
1353 511 1398 544 ut
1418 507 1578 555 Nicaea,
1603 505 1774 547 medaea.

329 557 432 608 Ergo
456 559 494 594 in
522 557 583 595 his
601 557 851 596 nominativis
877 560 1117 598 consuetudo
1136 561 1329 600 servanda
1349 568 1419 603 est.
1475 562 1549 600 Ubi
1567 561 1772 613 legendum

330 619 411 665 est,
441 613 550 652 Nicia
569 619 605 652 et
624 614 780 654 Demea.
837 613 937 654 Vide
956 617 1026 667 Ep.
1059 630 1147 668 pag.
1177 620 1243 659 83.

439 727 511 779 Ep.
540 740 582 778 p.
612 725 679 768 75.
709 738 750 765 v.
778 724 844 766 35.
902 724 978 767 Sed
999 738 1191 775 nusquam
1224 727 1317 766 alibi
1337 734 1416 768 tam
1437 729 1620 781 frequens
1639 741 1774 768 earum

204 794 236 828 ο
261 794 305 830 95
329 783 526 823 vocalium
551 783 654 820 inter
680 794 720 820 se
744 781 981 832 permutatio
1014 787 1091 828 est,
1123 795 1236 832 quam
1264 784 1303 821 in
1322 789 1359 827 2.
1384 785 1506 826 codd.
1534 786 1639 823 MSS.
1660 785 1774 835 longe

330 838 621 890 antiquissimis,
650 838 935 875 ALEXANDmNo
960 849 1036 874 uno
1057 837 1098 874 in
1117 838 1356 878 Bibliotheca
1376 842 1508 891 Regia,
1538 841 1604 893 qui
1622 841 1775 891 integra

331 895 490 935 exhibet
515 895 641 932 Biblia
662 900 700 930 et
723 893 905 944 epistolas
924 895 961 931 S.
986 893 1194 932 Clementis
1223 895 1274 932 ad
1297 896 1537 935 Corinthios:
1568 896 1774 935 Cantabri-

331 952 453 1003 glensi
484 957 610 988 autem
640 950 784 994 altero,
823 949 962 987 mutilo
993 948 1149 999 quidem
1189 957 1227 989 et
1256 950 1482 1000 decurtat03
1520 953 1664 1004 quippe
1705 953 1775 1003 qui

330 1010 427 1046 Acta
459 1007 650 1044 duntaxat
679 1004 819 1043 habeat
854 1011 892 1043 et
918 1005 1206 1054 Evangelistas3
1254 1020 1390 1045 verum
1427 1008 1531 1046 idem
1564 1022 1584 1046 e
1616 1008 1774 1058 regione

332 1069 501 1103 ostentat
531 1061 894 1113 Interpretationem
922 1067 1091 1098 veterem
1113 1062 1284 1100 Latinam
1302 1063 1352 1100 ad
1372 1064 1536 1102 verbum
1553 1063 1600 1102 de
1620 1064 1775 1102 Graeco

332 1133 579 1171 expressam,
617 1117 880 1166 dignissimam
914 1130 1004 1154 sane
1035 1130 1133 1168 quae
1162 1131 1211 1156 ex
1244 1119 1441 1158 oblivione
1469 1125 1584 1172 atque
1607 1118 1776 1157 tenebris

330 1176 486 1213 tandem
510 1173 718 1224 aliquando
740 1174 780 1211 in
803 1174 931 1211 lucem
950 1172 1098 1214 edatur.
1147 1175 1362 1213 Servantur
1381 1175 1494 1214 etiam
1515 1175 1659 1213 Oxonii
1679 1175 1775 1213 Acta

330 1231 634 1282 Apostolorum,
664 1235 855 1267 vetustate
887 1229 1045 1279 quidem
1075 1229 1184 1280 pari,
1216 1226 1285 1268 sed
1313 1232 1494 1269 versione
1519 1232 1683 1270 multum
1709 1230 1776 1268 di-

329 1300 467 1335 versa3
499 1286 595 1323 etin
616 1284 744 1322 Gallia
763 1285 930 1335 denique
956 1285 1155 1336 Epistulae
1184 1288 1222 1326 S.
1245 1287 1375 1335 Pauli,
1407 1287 1475 1338 qui
1498 1288 1625 1326 codex
1646 1293 1685 1325 et
1703 1300 1777 1324 an-

330 1342 512 1393 tiquitate
542 1347 580 1378 et
600 1339 737 1376 Latina
765 1341 955 1378 versione
983 1346 1100 1389 atque
1130 1341 1227 1386 adeo
1256 1343 1474 1393 scripturae
1501 1349 1542 1382 et
1565 1343 1777 1382 voluminis.

329 1398 456 1436 forma
493 1395 801 1444 Cantabrigiensi
843 1401 977 1432 nostro
1017 1395 1236 1434 simillimus
1273 1404 1332 1435 est
1369 1404 1411 1436 et
1451 1398 1775 1448 germanissimus.

330 1454 460 1504 Atque
485 1451 583 1490 haec
611 1451 767 1502 quidem
791 1452 885 1490 talia
910 1451 1169 1502 exemplaria,
1200 1465 1286 1490 cum
1319 1452 1404 1490 aliis
1435 1454 1613 1491 omnibus
1645 1453 1775 1491 ubivis

330 1509 523 1560 gentium,
555 1507 660 1559 quod
687 1508 874 1555 sciamus,
905 1507 1019 1557 longe
1049 1507 1239 1558 longeque
1267 1514 1304 1546 et
1331 1508 1518 1558 dignitate
1542 1515 1581 1547 et
1600 1515 1777 1559 tempore

332 1565 585 1613 antecedant,
617 1576 744 1614 neque
764 1563 977 1614 quidquam
996 1562 1114 1600 hodie
1132 1564 1300 1614 supersit
1321 1564 1441 1602 simile
1461 1571 1528 1603 aut
1547 1565 1774 1613 secundum,

333 1635 430 1659 cum
448 1621 560 1658 tineis
592 1619 690 1670 (pro
714 1618 854 1671 dolor)
886 1625 1003 1670 atque
1025 1619 1200 1657 muribus
1223 1619 1443 1669 luctantur,
1473 1626 1511 1659 et
1532 1626 1620 1659 utut
1651 1621 1698 1658 iis
1716 1621 1779 1657 in-

335 1677 471 1716 cendia
502 1675 772 1729 pepercerint,
812 1675 902 1727 ipso
933 1674 1039 1713 senio
1076 1674 1180 1712 intra
1207 1689 1328 1714 annos
1364 1689 1510 1727 paucos
1542 1689 1622 1715 non
1657 1675 1778 1716 dubie

335 1734 513 1785 peritura
546 1738 648 1770 sunt.
704 1732 765 1771 Tu
790 1744 909 1782 vero,
936 1730 1036 1770 Milli
1066 1730 1308 1781 doctissime,
1338 1732 1407 1783 qui
1432 1732 1602 1770 omnium
1631 1738 1778 1770 morta-

335 1791 434 1828 lium
457 1789 626 1827 maxime
643 1787 682 1824 in
709 1802 754 1826 eo
777 1787 908 1826 studio
931 1793 1105 1825 versatus
1124 1801 1183 1836 eS,
1210 1801 1288 1825 non
1314 1788 1476 1839 patieris
1501 1787 1603 1826 hanc
1623 1788 1778 1826 laudem

335 1846 408 1883 tibi
427 1844 619 1896 praeripi,
649 1843 719 1881 sed
736 1843 947 1882 maturabis
962 1844 1183 1882 veneranda
1203 1844 1269 1881 illa
1291 1845 1454 1894 pignora
1473 1850 1511 1883 et
1527 1850 1779 1882 monumenta

335 1901 543 1940 vetustatis
572 1915 592 1937 a
611 1900 689 1937 situ
719 1906 758 1938 et
789 1900 953 1939 interitu
980 1899 1194 1939 vindicare.
1261 1899 1412 1937 Scimus
1443 1900 1543 1938 enim
1567 1906 1607 1939 te
1633 1899 1778 1939 horum

338 1957 510 1995 omnium
531 1956 737 1994 editionem
758 1956 982 2003 instituere,
1017 1969 1115 2006 quae
1134 1969 1210 1993 una
1227 1955 1367 2007 pagina
1387 1961 1424 1993 et
1452 1956 1494 1993 in
1518 1969 1595 1994 uno
1611 1969 1778 2006 conspe-

338 2019 405 2050 ctu
425 2012 605 2050 Codicem
626 2012 737 2050 Alex.
771 2012 837 2063 qui
869 2012 1052 2050 familiam
1078 2012 1219 2060 ducet,
1249 2017 1288 2048 et
1314 2011 1666 2061 Cantabrigiensem
1686 2023 1776 2049 cum

336 2068 517 2107 versione
540 2081 631 2117 sua,
663 2074 778 2118 atque
797 2068 863 2106 ubi
888 2067 955 2105 hic
977 2067 1127 2117 deficit,
1158 2066 1418 2105 Oxoniensem
1447 2066 1630 2118 deinceps
1660 2072 1777 2116 atque

340 2125 535 2162 Gallicum
555 2129 839 2172 repraesentet:
870 2138 967 2175 quae
986 2123 1154 2174 singulas
1184 2123 1316 2161 literas
1343 2129 1459 2174 atque
1489 2122 1617 2174 apices
1646 2134 1776 2160 exemo

338 2181 529 2233 plurium,
561 2180 674 2216 etiam
690 2179 756 2215 ubi
779 2194 799 2216 a
823 2180 990 2218 librariis
1011 2186 1215 2231 peccatum
1235 2185 1313 2226 est,
1344 2184 1520 2216 accurate
1543 2184 1581 2216 et
1596 2178 1776 2227 religiose

339 2237 612 2288 subsequatur.
668 2233 775 2272 Nihil
792 2235 849 2272 illi
868 2249 1068 2286 purpurae
1085 2242 1263 2274 assuatur
1284 2234 1455 2272 discolor
1472 2239 1540 2272 aut
1558 2233 1776 2282 diversum;

337 2293 471 2331 nullae
492 2291 850 2342 interpunctiones,
879 2292 1010 2329 nullae
1035 2297 1151 2329 notae
1178 2296 1428 2334 accentuum,
1455 2302 1621 2340 quorum
1652 2288 1776 2326 omnis

335 2347 457 2386 hodie
487 2348 587 2386 ratio
616 2352 866 2398 praepostera
905 2353 964 2384 est
993 2353 1108 2398 atque
1138 2360 1344 2398 perversa:
1384 2345 1480 2383 adeo
1509 2351 1554 2383 ut
1577 2346 1644 2395 qui
1669 2350 1777 2382 tuam

336 2403 556 2442 Editionem
587 2403 661 2441 sibi
692 2403 998 2454 comparaverit,
1035 2404 1119 2454 ipsa
1145 2403 1211 2440 illa
1243 2400 1523 2453 propemodum
1552 2398 1777 2451 Archetypa

337 2472 494 2497 versare
525 2459 699 2496 manibus
728 2465 844 2509 atque
871 2458 994 2496 oculis
1026 2470 1217 2509 usurpare
1245 2457 1436 2496 videatur.
1501 2457 1555 2494 Ea
1581 2469 1640 2494 res
1669 2456 1775 2503 olim,

337 2521 383 2552 ut
407 2521 555 2553 certum
574 2521 630 2553 est
648 2516 873 2564 augurium,
907 2520 945 2552 et
963 2513 1182 2552 Britanniae
1209 2519 1363 2551 nostrae
1391 2512 1590 2561 splendori
1615 2511 1708 2560 erit,
1738 2517 1778 2549 et

340 2571 537 2609 Ecclesiae
565 2570 788 2622 praesidio:
818 2577 909 2608 tuos
932 2582 1027 2608 vero
1055 2570 1191 2620 utique
1216 2569 1367 2606 labores
1393 2567 1635 2619 amplissimis
1664 2580 1778 2617 prae·
1836 2591 1838 2595 ·

214 2639 246 2673 0
270 2640 315 2674 96
340 2626 426 2664 miis
454 2633 569 2677 atque
594 2627 801 2664 immortali
833 2627 954 2676 gloria
982 2625 1256 2676 compensabit.
1325 2624 1446 2662 Macte
1473 2624 1546 2661 ista
1574 2622 1717 2675 pietate
1739 2627 1777 2660 et

343 2683 540 2732 diligentia
569 2688 665 2721 esto.
730 2682 776 2719 In
802 2688 841 2720 te
869 2694 1000 2720 omnes
1032 2695 1101 2719 ora
1131 2687 1245 2731 atque
1270 2680 1401 2717 oculos
1423 2679 1708 2728 convertimus,
1735 2684 1777 2715 te

341 2751 463 2776 unum
491 2738 534 2775 in
558 2737 635 2775 hoc
662 2739 900 2775 curriculum
932 2749 1137 2776 vocamus:
1186 2735 1263 2787 ipsi
1289 2735 1444 2773 codices
1483 2735 1644 2773 celerem
1669 2740 1777 2771 tuam

345 2807 457 2847 opem
471 2794 682 2847 implorant
704 2799 742 2833 et
758 2793 953 2845 flagitant:
983 2792 1078 2845 quid
1096 2805 1222 2831 cessas
1243 2804 1315 2844 per
1345 2791 1490 2831 medias
1507 2790 1642 2830 laudes
1663 2795 1701 2828 et
1718 2786 1778 2827 sa·-¹
