1838 3230
438 164 1053 211 CHRONOGRAPHIA.
1107 165 1156 209 L.
1185 164 1239 209 X.
1473 170 1572 218 251

103 303 187 331 νων
204 285 506 344 Ἐπικουρείων,
543 284 567 330 ὃ
585 285 669 329 ἐστι
689 288 773 328 τῶν
793 283 1106 339 αὖτοματιστῶν
1126 288 1209 328 τῶν
1226 282 1422 341 λεγόντων
1442 284 1575 342 ἀπρο-

104 353 235 412 νόητα
253 353 355 399 εἶναι
373 355 426 398 τὰ
442 353 592 399 πάντα.
664 355 732 397 καὶ
753 353 908 408 μαθὼν
935 352 956 396 ὅ
979 353 1104 404 αὐτὸς
1123 353 1316 407 βασιλεὺς
1338 354 1483 411 Νέρων
1511 353 1576 398 ὅτι

105 423 188 481 πρὸ
205 427 360 468 πολλοῦ
384 421 536 480 χρόνου
566 421 832 480 ἐσταύρωσαν
852 423 978 466 αὐτὸν
999 423 1038 466 οἱ
1061 422 1250 466 Ἰουδαῖοι
1272 420 1376 481 ζήλῳ
1397 420 1574 481 φερόμε-

103 510 168 536 νοι
181 494 248 536 καὶ
259 491 388 548 μόνον
407 493 449 535 ἓν
465 494 608 548 μηδενὶ
625 492 884 548 μεμφθὲντα,
903 490 1157 548 ἠγανάκτησε
1170 506 1180 516 ·
1203 493 1270 535 καὶ
1289 493 1480 545 ἐκέλευσε,
1507 494 1576 535 καὶ

71 561 394 617 5ἆνηνέχθησαν
413 562 456 604 ἐν
476 565 527 618 τῇ
539 559 676 619 Ῥώμῃ
695 560 762 603 διὰ
784 563 986 615 Μαξίμου
1004 561 1025 604 ὅ
1046 579 1088 604 τε
1104 561 1250 611 Ἄννας
1272 563 1338 604 καὶ
1355 560 1568 619 Καϊάφας.
1601 571 1634 606 Ο
1657 568 1726 607 324
1795 575 1799 582 “

103 632 173 674 καὶ
190 633 376 674 Πιλᾶτον
398 630 443 673 δὲ
460 632 650 673 οἰκοῦντα
668 630 744 684 τὴν
763 632 1046 686 Παλαιστίνην
1064 631 1168 685 μετὰ
1188 630 1383 685 διαδοχὰς
1402 635 1477 686 τῆς
1496 630 1575 687 ἆρ-

98 702 180 755 χῆς
199 698 328 742 αὐτοῦ
346 697 520 755 ἀνήγαγε
540 699 609 741 διὰ
622 697 835 753 Μάξιμον.
882 700 1015 742 πολλοὶ
1035 701 1080 742 δὲ
1099 697 1276 749 εἴπόντες
1294 701 1386 756 περὶ
1403 703 1478 743 τοῦ
1489 703 1576 743 Πι-

102 765 231 810 λάτου
249 767 354 810 κακὰ
373 767 413 811 οἳ
433 770 522 824 περὶ
545 768 617 811 τὸν
631 767 779 811 Ἄνναν
794 769 861 810 καὶ
881 767 1082 825 Καϊάφαν
1105 771 1318 812 ἐδίδασκον
1341 770 1407 811 καὶ
1431 773 1571 823 τοῦτο,

103 834 166 879 ὅτι
191 833 332 890 Ἡμεῖς
361 843 448 886 τοῖς
474 835 614 892 νόμοις
637 837 762 880 αὐτὸν
783 835 1088 893 παρεδώκαμεν.
1161 839 1228 880 καὶ
1250 841 1414 887 πολλοῖς
1435 855 1570 895 παρα-
1593 847 1625 883 C

48 914 93 949 10
105 902 270 960 σχόντες
285 902 481 962 χρήματα
501 906 541 949 οἱ
564 907 654 964 περὶ
674 905 906 949 τόν’Άνναν
925 908 992 949 καὶ
1013 904 1213 965 Καϊάφαν
1233 904 1574 964 κατορθώσαντες

101 971 382 1029 ἀπελύθησαν.
1054 1023 1057 1026 ⁴

198 1042 267 1085 Ἐν
291 1043 336 1086 δὲ
358 1049 444 1093 τοῖς
458 1040 623 1099 χρόνοις
641 1047 715 1098 τῆς
733 1043 944 1098 βασιλείας
965 1048 1039 1087 τοῦ
1058 1043 1186 1087 αὐτοῦ
1207 1043 1400 1100 Νέρωνος
1421 1042 1442 1087 ὃ
1462 1042 1572 1100 ἅγιος

101 1114 276 1161 Παῦλος
305 1111 492 1166 ἀπῆλθεν
525 1112 567 1154 ἓν
591 1110 790 1167 Ἀθήναις
816 1117 868 1170 τῇ
893 1111 1005 1156 πόλει
1025 1117 1097 1168 τῆς
1114 1110 1331 1163 Ἑλλάδος’
1369 1114 1434 1155 καὶ
1450 1107 1571 1169 ηὗρεν

102 1180 186 1222 ἐκεῖ
198 1177 427 1238 φιλόσοφον
446 1178 617 1235 ὀνόματι
636 1179 859 1225 Διονύσιον
877 1181 950 1224 τὸν
961 1182 1250 1238 Ἀρεοπαγίτην
1266 1182 1338 1225 τὸν
1352 1181 1572 1238 Ἀθηναῖον

48 1257 91 1292 15
103 1248 177 1291 τὸν
198 1247 456 1304 περιβόητον,
474 1248 659 1306 βρύοντα
676 1252 924 1307 φιλοσοφίας
947 1250 1199 1307 διδάγματα·
1234 1250 1278 1301 ὃς
1298 1252 1459 1302 ἐξέθετο
1482 1253 1571 1308 περὶ

101 1321 175 1360 τοῦ
204 1315 321 1374 ἡλίου
345 1317 407 1361 ὅτι
429 1318 510 1361 ἀπὸ
534 1323 609 1374 τῆς
629 1318 854 1376 ἀπορῥοίας
879 1323 953 1362 τοῦ
975 1320 1114 1377 φωτὸς
1132 1324 1207 1363 τοῦ
1229 1324 1332 1363 θεοῦ
1361 1321 1467 1373 ἐστι,
1503 1322 1570 1363 καὶ

101 1384 208 1429 ἄλλα
235 1386 326 1430 τινὰ
357 1387 478 1430 εἲπῶν
505 1390 595 1445 περὶ
621 1392 694 1431 τοῦ
722 1387 1094 1445 δημιουργήματος.
1167 1387 1304 1432 ὅντινα
1335 1387 1525 1444 ἑωρακώς
1549 1387 1570 1432 ὅ

101 1452 215 1510 ἅγιος
235 1458 410 1506 Παῦλος
437 1454 764 1513 προσηγόρευσε,
794 1459 862 1499 καὶ
891 1456 1081 1515 ἐπηρώτα
1109 1458 1180 1501 τὸν
1211 1457 1325 1515 ἅγιον
1346 1461 1520 1501 Παῦλον
1551 1456 1573 1501 ὃ

98 1521 343 1577 Διονύσιος,
384 1527 488 1568 Τίνα
515 1524 728 1581 κηρύσσεις
749 1524 873 1579 θεόν,
907 1525 1181 1584 σπερμολόγες
1217 1529 1283 1570 καὶ
1302 1525 1481 1577 ἀκούσας
1500 1530 1572 1570 τοῦ

42 1589 218 1648 Ξοᾶγίου
237 1591 414 1636 Παύλου
435 1592 457 1637 ὅ
479 1594 605 1644 αὐτὸς
622 1592 844 1645 Διονύσιος
873 1594 1139 1645 διδάσκοντος
1167 1596 1293 1639 αὐτὸν
1327 1596 1572 1651 προσέπεσεν
1594 1608 1626 1643 D

102 1661 236 1719 αὐτῷ’,
275 1663 402 1705 αἰτῶν
430 1662 557 1706 αὐτὸν
589 1668 851 1720 φωτισθῆναι
884 1667 951 1707 καὶ
979 1665 1169 1720 γενέσθαι
1187 1662 1436 1720 χριστιανόν.
1507 1666 1574 1707 καὶ

99 1731 309 1784 βαπτίσας
335 1730 462 1775 αὐτὸν
483 1729 505 1775 ὅ
525 1730 637 1789 ἅγιος
655 1735 828 1783 Παῦλος
850 1733 1010 1789 ε’ποιήσε
1028 1732 1275 1791 χριστιανόν.
1346 1734 1414 1776 καὶ
1439 1731 1569 1791 ἕωρα-
1594 1745 1626 1780 Ο
1650 1745 1719 1782 325

193 1864 227 1899 1.
249 1858 493 1909 Ἐπικουρίων
517 1864 588 1899 Ox.
680 1865 714 1899 7.
739 1859 786 1899 δι’
800 1859 949 1910 ’Ἅξιμον
972 1865 1060 1906 Οτι,
1086 1864 1150 1901 διὰ
1173 1866 1350 1910 Μαξίμου
1375 1866 1438 1902 Ch.
1463 1870 1573 1913 recte.

191 1909 225 1944 8.
251 1907 447 1946 ἐδίδασκον
467 1910 545 1953 Ch,
569 1908 766 1946 ἕδίδασκαν
786 1910 854 1946 Ox.
925 1910 981 1949 14.
1003 1909 1285 1959 Ἀρεωπαγείτην
1310 1913 1379 1949 Ox.
1449 1914 1503 1950 16.
1530 1910 1573 1949 ἄ·

188 1955 371 2003 πορῤοίας
393 1958 478 2000 Ch„
503 1955 696 2004 ἄποῤῥύας
718 1957 784 1991 Ox.

97 2070 242 2107 fortuito
259 2071 348 2115 fieri,
372 2072 464 2107 nulla
483 2072 735 2108 interveniente
758 2073 998 2117 Providentia,
1023 2074 1245 2110 affirmarunt
1295 2075 1435 2110 Certior
1459 2078 1571 2110 autem

97 2117 211 2153 factus
232 2118 424 2165 Imperator
446 2119 557 2161 Nero,
582 2131 669 2162 eum,
693 2119 902 2164 inculpatum
924 2121 1016 2159 licet.
1042 2132 1064 2155 a
1085 2121 1239 2163 Judaeis,
1262 2121 1392 2156 invidia
1415 2122 1486 2156 sola
1507 2121 1571 2156 im·-

97 2163 223 2219 pulsis,
258 2165 353 2199 eruci
371 2165 574 2210 jampridem
609 2165 712 2201 fuisse
734 2166 893 2208 affixum,
923 2167 977 2202 ira
1001 2173 1186 2202 commotus
1210 2172 1274 2202 est.
1320 2168 1424 2202 Misso
1450 2169 1570 2211 itaque

96 2220 134 2244 m
153 2210 318 2245 ,Iudaeam
342 2211 513 2253 Maximo,
533 2212 635 2256 jussit
655 2213 795 2247 Romam
820 2212 941 2247 adduci
962 2216 1092 2247 Annam
1115 2220 1151 2248 et
1173 2213 1384 2259 Caiapham3
1411 2213 1571 2248 Pontium

97 2256 404 2349 ‘11:2⁹⁰005322'?
412 2257 1570 2340 fflffiussmxffifgss‘{.⁵¹222÷⁶{22⁰33?.2.{,¹1.‘'251522220‘32'30505523

97 2347 333 2392 postularent,
370 2349 509 2396 insuper
533 2354 569 2384 et
593 2352 657 2386 hoc
680 2318 904 2393 addideruni'‚
942 2364 979 2386 se
1003 2351 1137 2397 quidem
1162 2351 1311 2396 Legibus
1341 2352 1454 2386 Jesum
1475 2349 1570 2394 judi-

97 2393 239 2428 candum
261 2395 454 2432 tradidisse.
503 2395 602 2431 Datis
623 2397 742 2442 itaque
767 2396 825 2431 ubi
847 2397 1006 2432 interfuit
1022 2397 1196 2444 pecuniis,
1220 2400 1333 2432 Annas
1351 2402 1387 2432 et
1408 2396 1570 2442 Caiphas,

97 2438 198 2474 rebus
220 2440 286 2474 suis
309 2453 474 2487 prospere
497 2443 602 2484 actis,
628 2442 752 2477 dimissi
774 2447 863 2477 sunt.

191 2485 324 2522 Eodem
347 2487 537 2532 imperante
562 2489 717 2531 Nerone,
740 2489 904 2532 Athenas,
929 2489 1104 2524 Graeciae
1126 2490 1258 2530 urbem,
1293 2488 1389 2523 venit
1411 2487 1454 2521 D.
1480 2487 1573 2521 Pau-2

99 2528 170 2564 lucz
209 2531 268 2566 ubi
297 2533 420 2568 incidit
451 2533 487 2568 in
510 2534 753 2581 Philosophum
789 2536 1027 2570 Atheniensem
1059 2536 1334 2576 celeberrimum,
1372 2533 1570 2578 Dionysium

99 2576 363 2622 Ampagitam‚
397 2580 640 2626 Philosophiae
665 2581 834 2626 Dogmata
865 2581 915 2616 ibi
945 2582 1163 2627 pandentem.
1209 2580 1404 2616 Affirmavit
1426 2579 1482 2614 hic
1505 2580 1572 2613 So·-

99 2620 166 2655 lem
189 2633 231 2656 ex
254 2621 400 2660 Divinae
422 2626 524 2660 Lucis
548 2627 703 2662 Effluvio
730 2639 923 2663 emanasse:
966 2628 1033 2662 alia
1055 2628 1137 2662 item
1161 2626 1339 2668 nonnulla,
1378 2626 1422 2660 de
1443 2625 1572 2660 Rerum

99 2666 247 2709 fabrica,
270 2669 527 2717 philosophatus
547 2678 609 2708 est.
658 2674 758 2709 Hunc
776 2675 902 2709 Paulus
925 2674 1056 2716 videns,
1081 2674 1246 2707 allocutus
1271 2675 1340 2706 est:
1365 2672 1421 2706 cui
1438 2671 1571 2716 Diony-

99 2712 189 2754 δίῦδὸ
215 2714 358 2755 Qualem
379 2716 511 2771 inquit,
534 2722 574 2753 tu
595 2719 704 2754 Deum
727 2720 919 2766 praedicas,
945 2721 1093 2765 garrule.
1141 2722 1188 2752 At
1209 2730 1292 2752 vero
1317 2718 1375 2752 ubi
1399 2718 1442 2752 D.
1467 2717 1568 2752 Pauli

99 2759 289 2794 doctrinam
312 2766 474 2797 attentius
498 2766 722 2811 percepisset3
750 2767 782 2801 ei
807 2768 851 2802 ad
875 2766 978 2812 pedes
1003 2764 1200 2811 procidens,
1224 2769 1264 2798 ut
1286 2763 1450 2810 Baptismi
1471 2764 1568 2798 lava-

101 2817 159 2839 cro
182 2805 372 2848 immersus,
407 2807 620 2846 Christianus
643 2812 718 2857 ipse
740 2813 842 2847 fieret
872 2811 1019 2856 rogavit.
1069 2810 1193 2844 Paulus
1214 2810 1331 2856 itaque
1355 2821 1431 2845 euru
1450 2809 1567 2855 bapti-

100 2863 200 2895 zans,
225 2852 456 2889 Christianum
478 2854 580 2892 fecit:
622 2865 871 2905 perspectoque
893 2857 976 2894 fidei
999 2857 1070 2902 ejus
1093 2857 1251 2900 fervore,
1282 2855 1489 2903 Episcopum
1510 2866 1569 2890 re-
