1838 3230
632 164 855 210 PROLEG
863 165 956 209 OM
962 163 1092 211 ENA.
1491 183 1602 211 mxxv

122 283 273 332 moria)
297 283 341 324 in
371 280 490 324 Notis
514 282 565 323 ad
581 279 765 323 Annales
791 279 959 322 Ioannis
983 283 1179 322 Zonarae.
1236 280 1294 320 De
1323 293 1371 319 eo
1396 280 1465 333 qui
1482 281 1601 334 plura

121 352 265 403 vellet,
302 351 419 392 adeat
440 351 475 391 is
501 349 655 392 Allatii
680 350 792 403 Opus
826 348 873 389 de
907 349 1085 403 Georgiis
1111 348 1396 402 praecitatum3
1426 356 1466 389 et
1495 349 1603 389 Dia-

122 418 266 459 tribum
294 425 468 459 nostram
492 417 540 458 de
566 417 834 473 Scriptoribus
872 416 1034 459 Graecis
1069 416 1228 467 Variis,
1257 417 1325 456 ubi
1347 418 1432 457 susc
1462 432 1509 458 ac
1532 431 1602 458 cu-

120 488 268 528 mulate
289 488 339 527 de
359 502 407 527 eo
430 487 659 535 disseritur,
689 494 728 526 et
746 487 882 526 multis
909 488 951 526 in
972 486 1091 527 rebus
1110 487 1354 538 castigantur
1372 483 1601 525 Allariana.

121 556 178 596 De
199 556 270 595 illo
299 555 366 595 hic
393 555 475 595 loci
498 554 577 594 hoc
608 554 735 594 solum
765 555 1022 609 subjungam,
1053 556 1201 595 vixisse
1231 568 1320 594 eum
1348 553 1485 593 eodem
1508 567 1600 593 cum

119 622 280 665 Malela
300 624 456 675 seculo,
486 623 530 662 id
555 629 615 662 est
635 622 783 663 Christi
802 624 998 664 incarnati
1021 640 1144 675 nono,
1177 631 1215 664 et
1236 622 1463 662 Chronicon
1482 636 1598 662 suum

118 692 356 746 perduxisse
391 705 472 731 non
510 692 630 731 modo
667 692 718 731 ad
752 693 907 732 initium
939 691 1155 733 Michaelis
1182 689 1390 746 Theophili
1416 689 1460 733 F.
1492 691 1600 744 quod

119 759 344 801 decernunt
374 761 584 801 doctorum
611 762 816 813 nonnulli,
858 761 929 801 sed
962 774 1085 814 usque
1117 761 1166 801 ad
1198 761 1282 815 ejus
1300 766 1488 811 mortem,
1520 759 1599 799 hoc

119 835 179 868 est
199 842 324 882 usque
341 830 391 870 ad
410 843 555 869 annum
576 832 672 873 866.

231 899 353 938 XLII.
413 901 535 949 Quod
563 899 667 939 hanc
692 900 916 941 Editionem
937 899 1105 940 Joanm's
1128 897 1304 940 Mulelae
1336 906 1375 940 et
1399 899 1595 954 Interpre-

116 971 195 1005 tem
215 967 370 1016 attinet;
398 969 478 1023 jam
512 975 616 1009 aetas
637 970 716 1009 sere
735 970 886 1021 integra
906 970 1041 1022 elapsa
1065 975 1145 1018 est,
1175 981 1317 1021 nempe
1335 981 1461 1007 annus
1485 970 1597 1021 plus-

117 1047 235 1086 quam
276 1032 402 1088 37⁸¹&
448 1051 498 1076 ex
532 1051 612 1090 quo
642 1037 721 1076 hoc
765 1038 815 1077 ad
856 1039 1036 1091 praelum
1080 1036 1315 1075 adornatum
1362 1043 1422 1075 est
1469 1037 1594 1090 Opus.

116 1103 173 1142 De
209 1103 339 1158 Opere
374 1111 472 1145 tunc
510 1107 693 1159 praelum
730 1113 965 1159 expectante
996 1111 1036 1145 et
1075 1104 1126 1144 de
1166 1104 1350 1144 laudibus
1400 1103 1597 1146 Chilmea-

116 1169 161 1211 di
206 1172 441 1227 interpretis
491 1180 530 1214 et
581 1175 862 1226 Annotatoris,
925 1174 1025 1214 haec
1081 1173 1202 1213 habet
1248 1171 1456 1212 Eduardus
1503 1172 1596 1212 Bis-

114 1254 225 1281 saeus
243 1248 396 1282 nostras
415 1242 455 1281 in
474 1242 592 1283 Notis
611 1244 661 1283 ad
679 1243 771 1283 Nic.
798 1243 994 1297 Upionum
1019 1239 1067 1280 de
1086 1239 1267 1281 Militari
1291 1240 1462 1298 Officio,
1493 1256 1596 1280 anno

116 1308 160 1350 D.
201 1309 323 1366 2654.
358 1311 539 1361 excusis,
578 1312 620 1351 in
651 1312 796 1365 quibus
832 1326 884 1351 ex
910 1308 1070 1351 Malela
1101 1311 1376 1349 Narrationem
1410 1310 1460 1349 de
1491 1310 1595 1363 lmp-

113 1374 269 1417 Iuliani
289 1378 451 1418 interitu
480 1379 705 1433 descripsit.
766 1379 846 1432 Qui
860 1377 983 1418 Liber
1010 1377 1198 1431 (inquit)
1225 1377 1335 1431 apud
1364 1394 1424 1418 me
1453 1388 1529 1427 est,
1559 1388 1596 1417 et

112 1458 258 1485 annum
294 1448 379 1500 jam
410 1448 601 1501 integrum
640 1447 946 1503 Typograplzum
980 1445 1175 1486 desiderat
1186 1463 1201 1487 .-
1238 1444 1351 1485 illum
1392 1445 1596 1486 transtulit

116 1510 194 1552 V'z'r
225 1511 474 1555 doctissimus
505 1514 738 1556 Edmundus
769 1514 1042 1565 Chilmeadus,
1094 1516 1206 1569 cujus
1236 1515 1448 1553 immatura
1490 1530 1596 1555 mors

112 1595 155 1620 eo
184 1583 339 1622 nomine
358 1583 539 1637 flebilior
569 1595 648 1636 est,
677 1584 786 1640 quod
806 1583 1133 1638 expectatissimis
1159 1583 1263 1621 tanti
1281 1583 1427 1636 ingenii
1446 1581 1595 1622 labori·

112 1646 184 1687 bus
212 1664 283 1690 nos
305 1651 527 1704 privaverit.
593 1653 753 1693 Effulsit
779 1653 898 1703 olim,
942 1652 1036 1690 dum
1065 1651 1187 1700 vixit,
1218 1648 1450 1689 Edmundus
1483 1648 1592 1690 Chil-

111 1714 271 1756 meadus
286 1718 389 1758 inter
407 1719 647 1760 illustriores
668 1721 874 1760 literarum
897 1720 1014 1758 laude
1034 1718 1315 1767 Academicos;
1341 1724 1501 1771 praeter
1531 1719 1591 1758 rei

110 1783 367 1837 Antiquariae
394 1795 433 1827 et
459 1789 627 1828 Criticae
651 1788 858 1842 peritiam,
889 1801 1006 1840 quam
1036 1786 1226 1827 fecithoc
1247 1787 1360 1841 Opus
1387 1787 1594 1826 testatissi-

110 1866 234 1903 mam,
264 1853 424 1906 insignis
445 1855 771 1905 Mathematicus,
801 1856 977 1895 Musicus
995 1856 1280 1906 ornatissimus,
1311 1856 1459 1895 Orator
1482 1869 1592 1906 com7

108 1927 221 1974 ptus,
254 1929 294 1962 et
319 1923 544 1976 linguarum
577 1925 926 1978 complurimarum
956 1924 1282 1974 callentissimus,
1323 1937 1412 1963 cum
1445 1923 1589 1963 docta-

108 2003 198 2030 rum
227 1981 327 2044 quas
356 1999 506 2032 vocant
536 1999 622 2032 tum
651 1991 890 2047 Gallicael)
918 1994 1032 2033 etiam
1065 1998 1103 2032 et
1127 1990 1306 2032 Italicae.
1366 1992 1491 2032 Natus
1511 1991 1589 2030 fuit

154 2136 196 2183 ¹)
219 2137 252 2172 E
283 2138 406 2185 quibus
427 2138 463 2174 in
497 2151 685 2176 sermonem
709 2139 924 2175 vernaculum
958 2139 1065 2176 libros
1101 2140 1232 2186 aliquot
1257 2139 1354 2175 dedit
1390 2149 1586 2174 conversos.

199 2195 258 2230 Ex
290 2197 417 2232 Italica
447 2197 627 2243 speciatim
660 2197 833 2233 convertit.
866 2209 955 2244 quae
978 2198 1014 2232 in
1039 2198 1190 2244 Operum
1214 2197 1290 2242 ejus
1314 2196 1467 2231 Indiculo
1492 2196 1589 2230 evul-

198 2256 281 2298 gato
304 2266 373 2290 uon
396 2260 620 2299 accensetur,
654 2256 845 2291 Historiam
870 2256 1034 2301 Ritumn,
1075 2255 1386 2296 consuetudinum,
1422 2258 1455 2288 et
1477 2253 1587 2287 ratio-

197 2312 252 2346 nis
274 2313 369 2348 ottae
392 2312 605 2348 Judaeorum
629 2314 870 2348 hodiernorum
904 2325 968 2359 per
989 2314 1104 2349 orbem
1124 2318 1316 2353 terrarum,
1357 2310 1587 2355 conscriptam

199 2380 221 2404 a
242 2369 358 2405 Leone
382 2370 545 2413 Modena,
569 2370 725 2406 Rabbino
742 2372 892 2413 Venet03
915 2372 983 2407 Ed.
1008 2370 1155 2406 Londini
1178 2381 1233 2406 an.
1254 2371 1354 2405 1650.
1378 2368 1413 2402 in
1429 2369 1462 2403 8.
1489 2367 1587 2402 Scri-

198 2425 312 2473 psisse
333 2426 436 2465 etiam
459 2427 662 2474 perhibetur
686 2429 729 2463 de
752 2429 852 2464 Souis
875 2432 911 2463 et.
934 2430 977 2464 de
1002 2429 1140 2463 Musica
1169 2428 1351 2462 Veterum.-
1382 2425 1474 2470 quod
1498 2436 1586 2470 opus

197 2494 341 2530 prorsus
372 2484 462 2520 idem
485 2484 593 2520 fuisse
616 2486 727 2521 nullus
761 2487 900 2522 dubito:
946 2490 981 2522 et
1004 2490 1100 2522 extat
1122 2484 1158 2519 id
1183 2483 1339 2529 quidem,
1382 2483 1445 2516 sub
1470 2481 1585 2524 titulo,

198 2541 250 2576 Dc
274 2542 407 2577 Musica
430 2544 576 2589 antiqua
601 2544 759 2586 Graeca,
801 2544 846 2579 ad
869 2544 971 2580 finem
996 2544 1100 2579 Arati
1134 2540 1262 2577 Oxonii
1286 2552 1371 2575 anno
1399 2542 1499 2576 1672.
1524 2551 1585 2574 ex-

198 2597 293 2641 cusi3
334 2611 401 2635 una
424 2613 498 2636 cum
521 2602 672 2646 ejusdem
698 2603 987 2638 Annotationibus
1008 2602 1043 2636 in
1068 2602 1162 2635 Odas
1186 2598 1349 2642 Dionysii.
1395 2597 1447 2632 Ea
1470 2602 1584 2632 trans-

195 2654 287 2690 misit
317 2668 359 2691 ex
383 2658 569 2700 Hibernia,
609 2659 670 2694 ubi
692 2660 784 2695 inter
816 2661 963 2695 schedas
995 2655 1285 2694 Reverendissimi
1315 2657 1442 2690 Ussen‘i
1469 2656 1583 2690 latue-

197 2717 296 2756 runt,
327 2725 472 2750 summus
496 2722 613 2751 noster
637 2717 794 2760 Amicus,
828 2718 974 2753 celeber.
1023 2718 1113 2751 Hen.
1139 2715 1353 2756 Dodwcllus,
1377 2713 1435 2759 qui
1459 2717 1495 2748 et
1517 2712 1577 2747 mi-

197 2769 243 2804 sit
265 2780 333 2805 una
355 2783 429 2806 cum
459 2773 527 2807 illis
551 2774 707 2810 Latinam
740 2776 897 2821 Dionysii
919 2772 1243 2820 Interpretationem
1274 2783 1316 2806 ex
1339 2772 1458 2806 eadem
1486 2772 1581 2806 Chil-

195 2828 312 2862 meadi
334 2839 451 2863 manu:
493 2842 610 2866 verum
637 2833 723 2867 hanc
747 2833 934 2868 omiserunt
958 2831 1144 2873 Editores‚
1180 2829 1240 2876 qui
1264 2830 1402 2865 Graeca
1425 2827 1579 2864 solitaria
