1838 3230
271 185 372 233 272
665 179 1329 229 loANNisMALALAE

272 304 312 343 Γ
310 298 455 357 άργαρι
466 334 479 353 ,
515 300 654 356 φωνὴν
682 296 894 356 κράζοντες
925 302 1014 357 περὶ
1034 300 1167 344 αὐτῶν
1189 299 1353 358 ταύτην.
1422 304 1497 353 Εἰς
1517 302 1592 359 τὴν
1613 302 1725 359 νίκην

274 373 486 426 Τραϊανοῦ
506 373 579 411 τοῦ
600 366 798 410 δεσπότου
820 368 879 410 ἴδε
909 366 1100 425 σύρονται
1124 373 1386 426 Φουρτοῦνος
1405 373 1471 414 καὶ
1494 374 1535 413 Γ
1532 367 1735 429 οἷργαριξ·Ἰ

273 437 343 493 ἄγε
378 437 468 492 ἄγε,
502 439 542 478 Γ
539 434 705 492 ἄργαρι,
741 439 983 493 Φουρτοῦνε.
1055 438 1093 480 οἳ
1118 427 1161 480 δὲ
1181 439 1423 493 δυνηθέντες
1444 439 1604 494 Πέρσαι
1626 439 1725 490 ἕξει-

274 509 396 560 λῆσαι
426 505 466 546 ἓν
498 509 555 562 τῷ
575 502 776 559 σύρεσθαι
796 505 966 554 ἐκείνους
985 502 1062 548 ὑπὸ
1085 510 1158 548 τοῦ
1181 505 1368 561 πλήθους
1390 505 1636 563 ἐξερχόμενοι
1656 508 1724 550 καὶ

219 584 254 619 E
278 571 511 631 φεύγοντες,
545 571 694 626 {pon-ov
722 576 803 628 πῦρ
832 577 882 629 τῇ
914 572 1016 629 αὐτῇ
1031 576 1142 616 νυκτὶ
1163 576 1228 616 καὶ
1247 574 1420 617 ἔκαυσαν
1439 575 1562 629 μέρος
1579 574 1755 631 μικρόνὸ

274 646 346 695 τῆς
364 638 517 689 πόλεως
535 641 598 682 ἐπὶ
618 640 691 695 τὴν
710 641 922 695 λεγομένην
942 641 1135 696 Σκεπινὴν
1150 644 1356 697 γειτονίαν.
1430 640 1450 686 ὅ
1473 644 1517 685 δὲ
1533 642 1726 697 βασιλεὺς

276 707 480 768 Τραϊανὸς
502 706 680 757 ἀκούσας
699 713 828 750 ταῦτα
847 706 1008 765 ἐπῄνεσε
1029 709 1075 751 τὸ
1093 709 1273 766 ἀνδρεῖον
1291 715 1373 754 τῶν
1390 709 1624 766 Ἀντιοχέων
1647 727 1725 754 πο·-

273 780 417 819 λιτῶν·
455 777 520 818 καὶ
545 781 627 818 τῶν
657 777 700 818 δὲ
726 778 877 819 πλοίων
903 781 975 822 τοῦ
1002 781 1180 832 στρατοῦ
1211 778 1337 821 αὐτοῦ
1363 776 1725 836 καταφθασᾶντων

273 844 353 887 ἀπὸ
366 845 611 896 Σελευκείας,
634 843 818 899 ἀνῆλθον
839 846 900 886 ἐπὶ
920 844 994 899 τὴν
1019 843 1312 902 ἶερὰνΛάφνην
1336 846 1535 898 εὔξασθαι
1555 848 1622 890 καὶ
1641 851 1724 889 θυ-

274 910 414 955 σιάσαι
433 914 487 961 εἷς
505 912 550 954 τὸ
573 912 680 968 ἱερὸν
699 917 772 955 τοῦ
786 911 1051 963 Ἀπόλλωνος.
1122 915 1187 956 καὶ
1207 912 1382 969 ἐδήλωσε
1400 921 1485 965 τοῖς
1498 914 1724 970 Ἀντιοχεῧ-
1735 926 1780 960 10

275 998 339 1023 σιν
362 980 440 1022 ἀπὸ
463 978 638 1036 Δάφνης
656 978 846 1031 κελεύσας
866 983 1098 1037 ἐπαρθῆναι
1118 981 1197 1024 ἀπὸ
1218 986 1292 1037 τῆς
1306 981 1460 1032 πόλεως
1479 983 1530 1025 τὰ
1549 983 1725 1037 λείψανα

133 1061 164 1094 V
189 1061 254 1096 116
277 1053 358 1091 τῶν
388 1048 670 1105 φονευθέντων
701 1053 876 1104 Περσῶν
903 1051 969 1091 καὶ
999 1049 1078 1092 ἀπὸ
1112 1048 1387 1105 διαστήματος
1408 1055 1481 1105 τῆς
1503 1050 1630 1105 αὐτῆς
1648 1048 1723 1093 πό-

275 1121 374 1166 λεως
405 1116 658 1171 ἐκβληθέντα
692 1122 917 1172 καυθῆναι,
949 1115 1190 1172 ἂγνισθῆναι
1207 1119 1251 1160 δὲ
1271 1120 1337 1160 καὶ
1355 1118 1428 1173 τὴν
1450 1116 1566 1161 πόλιν
1589 1122 1725 1161 πᾶσαν

127 1195 159 1228 0
184 1193 252 1230 355
277 1186 344 1227 καὶ
373 1185 559 1240 γενέσθαι
590 1185 722 1240 πυρὰς
749 1186 852 1227 κατὰ
881 1182 1007 1228 τόπον
1035 1188 1101 1227 καὶ
1128 1190 1292 1229 πυλῶνα
1319 1191 1392 1241 τῆς
1419 1186 1547 1241 αὐτῆς
1572 1183 1727 1235 πόλεως

275 1253 480 1309 δαφνίνων
502 1253 700 1307 δένδρων,
737 1255 802 1294 καὶ
823 1251 1052 1306 βάλλεσθαι
1072 1255 1112 1295 ἓν
1132 1259 1188 1312 τῷ
1208 1256 1304 1310 πυρὶ
1323 1259 1405 1297 τῶν
1424 1256 1724 1311 φυλλοὸαφνῶν
1735 1267 1778 1302 15

273 1323 441 1375 λίβανον
461 1320 563 1362 πολὺ
587 1322 652 1362 καὶ
681 1320 786 1363 κατὰ
808 1324 943 1362 πᾶσαν
969 1321 1043 1375 τὴν
1071 1320 1186 1364 πόλιν
1211 1322 1384 1378 ταυρέας
1408 1323 1588 1364 ε’κτυπεῖν
1621 1321 1724 1377 πρὸς

272 1389 320 1432 τὸ
343 1389 652 1443 α’ποὸιωχθῆναι
670 1388 721 1431 τὰ
742 1386 950 1442 πνεύματα
968 1389 1020 1430 τὰ
1038 1388 1157 1441 ἄδικα
1174 1394 1255 1432 τῶν
1276 1390 1508 1446 σφαγέντων
1525 1393 1721 1444 Περσῶν·

277 1459 343 1500 καὶ
373 1456 522 1512 ἐγένετο
559 1455 700 1506 οὕτως.
772 1458 838 1499 καὶ
869 1460 1073 1511 κατῆλθεν
1102 1455 1122 1499 ὃ
1153 1457 1275 1507 αὐτὸς
1302 1456 1492 1511 βασιλεὺς
1518 1457 1724 1513 Τραϊανὸς

275 1524 354 1567 ἀπὸ
372 1522 547 1581 Δάφνης
567 1525 632 1566 καὶ
652 1527 837 1578 εἰσῆλθεν
858 1524 899 1567 ἓν
920 1524 1136 1583 Ἀντιοχείᾳ
1158 1529 1231 1580 τῆς
1252 1526 1404 1581 Συρίας
1436 1525 1504 1566 διὰ
1531 1529 1604 1577 τῆς
1618 1541 1724 1581 χρυ-

273 1593 368 1643 σέας
386 1597 458 1647 τῆς
476 1593 700 1647 λεγομένης,
722 1592 829 1635 τοῦτ’
858 1593 941 1634 ἐστι
965 1597 1037 1646 τῆς
1056 1594 1332 1648 Δαφνητικῆς,
1353 1597 1492 1649 φορῶν
1513 1593 1554 1635 ἔν
1573 1595 1623 1649 τῇ
1645 1592 1778 1640 ati-20

125 1670 158 1707 Ο
182 1670 251 1706 356
274 1665 347 1704 τοῦ
381 1664 536 1717 κεφαλῇ
565 1660 766 1717 στέφανον
795 1659 876 1702 ἀπὸ
906 1658 1198 1713 ἕλαιοκλάδων,
1235 1663 1331 1715 μηνὶ
1357 1661 1562 1718 αὖδηναίῳ
1579 1663 1637 1718 τῷ
1656 1661 1723 1701 καὶ

274 1730 493 1787 ἰανουαρίῳ
525 1726 679 1786 ἕβδόμῃ
702 1726 834 1788 ἡμέρᾳ
866 1725 909 1781 ε’,
947 1725 1032 1788 ὅρα
1063 1726 1229 1786 ῆμερινῇ
1257 1726 1307 1772 δ’.
1390 1728 1465 1778 τὰς
1488 1728 1532 1770 δὲ
1551 1727 1723 1785 ταυρέας

367 1861 399 1896 1.
423 1861 457 1895 3.
504 1858 699 1905 Γάργαρη]
736 1860 803 1893 Aut
834 1855 997 1903 Γάργαρι
1026 1857 1237 1892 scribendum
1271 1862 1331 1893 aut
1362 1856 1553 1906 Γαργᾶρη,
1587 1857 1643 1892 cui
1675 1856 1722 1891 si-

367 1905 457 1939 milia
480 1905 643 1952 Σαπιόρη
666 1917 699 1950 p.
725 1905 803 1939 127.
826 1906 874 1946 Α,
898 1904 1079 1948 Κουζτίνη
1103 1904 1170 1938 vol.
1192 1905 1236 1938 ΙΙ.
1261 1916 1294 1950 p.
1319 1903 1375 1939 42.
1397 1904 1441 1940 D.
1577 1905 1630 1940 16.
1664 1901 1721 1938 έκ-

366 1953 519 1995 τυπεῖν]
551 1952 631 1986 Vid.
663 1951 784 1997 steph.
817 1951 923 1985 Thes.
946 1962 980 1996 p.
1001 1951 1101 1986 9722.
1125 1949 1155 1983 C
1186 1950 1241 1985 ed.
1264 1949 1372 1986 Lond.
1507 1950 1566 1986 21.
1601 1945 1722 1984 Αὖδυ-

367 1996 436 2043 νέῳ
461 1997 527 2031 Ox.

278 2111 404 2145 dovera
437 2120 550 2143 eorum
571 2121 632 2155 per
663 2111 768 2143 totam
784 2111 906 2153 turbem
934 2112 1128 2155 raptantes·‚
1162 2107 1408 2142 exclamarunt:
1445 2108 1551 2148 Ecce,
1585 2106 1722 2141 Domini

283 2155 427 2199 Trajani
445 2155 482 2188 in
501 2156 697 2195 victoriam,
732 2157 943 2190 Phurtunum
963 2161 997 2189 et
1019 2154 1207 2200 Gargarim
1222 2154 1370 2188 tractos!
1407 2164 1495 2199 age,
1528 2163 1597 2197 age
1609 2153 1721 2185 Phua·-

278 2205 359 2236 tune
375 2206 408 2235 ct
430 2201 597 2245 Gargari.
642 2200 780 2234 Interim
803 2212 904 2242 vero,
927 2201 1004 2234 dum
1028 2200 1063 2234 hi
1086 2211 1106 2234 a
1129 2198 1255 2244 populo
1279 2198 1571 2238 distrahebantur,
1593 2196 1651 2240 qui
1675 2207 1719 2229 ex

279 2245 390 2281 Persis
413 2245 559 2280 evadere
579 2248 782 2290 potuerunt,
818 2245 925 2290 stragi
947 2257 1020 2279 sese
1044 2244 1243 2290 eripientes,
1272 2243 1382 2288 ignem
1406 2244 1481 2277 urbi
1503 2253 1566 2288 per
1587 2244 1719 2275 noctem

277 2293 488 2336 injecerunt=
524 2302 602 2335 pars
623 2289 747 2334 itaque
766 2291 850 2333 ejus,
873 2291 954 2326 licet
975 2302 1043 2325 non
1065 2301 1196 2335 magna,
1225 2289 1268 2323 ad
1291 2288 1470 2333 Scepinum
1492 2287 1614 2327 vicum,
1638 2297 1720 2320 con-

278 2337 450 2382 flagravit·
496 2337 558 2370 His
581 2334 723 2376 auditis,
747 2335 935 2413 Imperator
956 2336 1126 2379 Trajanus
1148 2334 1334 2379 intrepidos
1357 2331 1626 2367 Antiochensium
1645 2331 1719 2364 ani-

269 2395 348 2417 ‘mos
370 2393 493 2416 summe
515 2379 747 2427 praedicavit3
778 2392 797 2413 c
812 2392 948 2425 asseque
971 2392 992 2414 a
1014 2379 1169 2414 Seleucia
1190 2379 1360 2419 solvente,
1383 2378 1426 2411 ad
1445 2388 1573 2411 sacram
1599 2376 1653 2410 Da
1679 2377 1720 2410 h-

277 2439 352 2462 nem
372 2439 446 2461 cum
469 2427 622 2461 exercitu
645 2425 768 2459 ducens
789 2425 867 2466 iter,
891 2436 988 2460 sacra
1009 2425 1058 2459 ibi
1080 2425 1115 2458 in
1138 2424 1298 2469 Apollinis
1320 2423 1442 2467 templo
1466 2421 1610 2466 peregit.
1681 2432 1719 2455 er

278 2473 419 2508 nuncios
442 2477 554 2506 autem
578 2483 599 2506 a
620 2470 766 2515 Daphne
788 2469 898 2504 missos
921 2470 1158 2505 Antiochenses
1180 2468 1325 2509 monuit,
1355 2467 1406 2501 uti
1428 2467 1609 2501 occisorum
1631 2466 1719 2500 Per-

279 2530 389 2553 sarum
412 2518 581 2552 cadavera
603 2528 644 2550 ex
666 2516 751 2550 urbe
773 2515 997 2559 ejicerentur,
1028 2520 1064 2549 et
1087 2515 1203 2559 procul
1223 2513 1302 2547 inde
1324 2515 1504 2557 exportata
1526 2522 1717 2546 concrema-

277 2568 406 2598 rentur.
451 2563 555 2597 Jussit
578 2562 678 2597 etiam
699 2560 835 2595 lustrari
858 2561 972 2594 urbem
996 2560 1087 2604 pyris
1109 2559 1187 2593 hinc
1207 2557 1286 2592 inde
1314 2562 1349 2591 et
1372 2557 1414 2591 ad
1437 2561 1572 2602 portas,
1595 2567 1637 2590 ex
1659 2567 1718 2590 ra-

277 2608 430 2643 musculis
460 2608 582 2642 laureis
614 2606 781 2648 accensis,
820 2608 855 2639 ct
885 2606 985 2639 thure
1018 2606 1149 2649 ignibus
1182 2603 1323 2647 largiter
1345 2602 1491 2646 inject03
1538 2602 1717 2646 Tympana

281 2665 417 2698 quoque
440 2653 564 2697 ubique
586 2664 648 2698 per
671 2653 786 2686 urbem
807 2650 953 2696 pulsari,
989 2649 1033 2683 ad
1056 2649 1240 2693 abigendos
1263 2648 1438 2682 Persarum
1460 2648 1717 2681 interfectorum

279 2699 396 2733 noxios
419 2698 575 2743 spiritum
600 2697 691 2742 quod
715 2697 815 2731 etiam
836 2697 962 2731 factum
986 2698 1046 2728 est.
1092 2692 1216 2727 Mensis
1239 2696 1351 2727 autem
1370 2692 1541 2736 Audynei‚
1564 2692 1634 2725 sive
1655 2691 1717 2725 Ja-

279 2743 389 2777 nuarii
410 2754 481 2785 vu,
510 2743 600 2777 feria
621 2755 664 2784 v,
699 2743 782 2776 hora
804 2740 872 2775 diei
894 2751 954 2782 1v‚
992 2739 1159 2782 Trajanus
1190 2739 1377 2782 Imperator
1400 2749 1463 2783 per
1493 2742 1623 2782 portam
1647 2737 1716 2770 Au-

281 2799 394 2829 ream,
418 2790 490 2822 sive
511 2788 774 2833 Daphneficam,
798 2798 839 2821 ex
861 2786 1004 2831 Daphne
1026 2784 1183 2825 veniens,
1211 2782 1421 2817 Antiochiam
1443 2782 1564 2826 Syriae
1586 2782 1717 2824 ingres-

282 2845 335 2868 sus
358 2836 425 2875 est,
444 2844 601 2869 coronam
623 2833 737 2879 capite
759 2836 904 2878 gestans,
927 2843 970 2866 ex
992 2828 1183 2866 ramusculis
1206 2828 1366 2874 oleaginis
1386 2831 1585 2864 contextam.
1609 2825 1716 2870 Tym-
