1838 3230
405 166 1022 215 CHRoNoGRAPmA.
1078 167 1129 211 L.
1158 166 1315 213 xvm.
1484 171 1582 220 461
1623 144 1630 150 ’

117 292 286 347 ’'vx-9⁶²9
306 285 613 347 ὅ-πατριάρχης
655 287 732 332 οὖν
751 293 839 339 τοῖς
865 291 1071 344 κληρικοῖς
1094 288 1162 330 καὶ
1190 294 1277 338 τοῖς
1314 285 1510 345 ἄρχουσιν
1542 288 1586 340 ἐξ

119 360 268 412 ornatae
282 358 556 418 προαιρέσεως
573 357 818 413 μετέδωκαν.
881 358 949 399 καὶ
966 356 1300 413 ἀναγνωσθείσης
1317 360 1392 411 τῆς
1411 353 1587 413 δεήσεως

117 433 195 485 τῆς
213 428 328 486 παρὰ
347 432 432 472 τῶν
451 423 723 483 αῗχμαλώτων
744 426 1026 483 πεμφθείσης,
1061 424 1188 483 ᾔτησε
1210 429 1291 476 πᾶς
1312 422 1333 468 ὃ
1359 427 1491 482 δῆμος
1508 428 1585 468 τοῦ

120 496 304 554 ἀχθῆναι
330 494 568 553 πάνδημον·
604 496 672 538 καὶ
702 498 779 538 τοῦ
805 492 1022 550 πανδήμου
1061 494 1262 550 ἀχθέντος
1307 495 1374 537 καὶ
1406 492 1590 550 τάπητος

86 563 414 618 ὅᾶπλωθέντος,
461 565 631 614 ἕκαστος
664 563 761 607 καθ’
798 562 820 607 ὃ
850 561 1018 620 ηὐπόρει
1044 562 1228 622 ἴῤῥιπτεν
1260 563 1303 606 ἐν
1328 567 1387 623 τῷ
1421 561 1586 619 τάπητι.

117 636 185 678 καὶ
217 634 507 690 συναχθέντων
547 630 714 677 πάντων
757 634 825 676 καὶ
854 632 1172 691 ἐκπεμφθέντων
1203 631 1521 691 ἀνερῤύσθησαν
1550 631 1590 675 οἱ

116 701 382 760 αἰχμάλωτοι.

222 775 295 830 Τῷ
323 771 370 814 δὲ
399 768 513 830 αὐτῷ
541 767 675 829 χρόνῳ
705 769 975 827 κατεπέμφθη
1003 766 1269 827 ὅμάγιστρος
1281 767 1525 826 Ἑρμογένης
1545 771 1588 812 ἓν

116 846 205 891 τοῖς
230 840 487 890 ἂνατολικοῖς
510 839 672 896 μέρεσιν
715 839 844 882 ἕνεκεν
871 843 947 882 τοῦ
967 842 1176 895 Περσικοῦ
1196 838 1376 893 πολέμου
1391 853 1402 863 ·
1436 834 1488 894 ἦν
1509 838 1588 895 γὰρ

63 907 142 953 1οὸ
160 908 356 963 βασιλεὺς
369 907 579 963 Ῥωμαίων
603 907 758 962 μαθὼν
781 905 844 951 ὅτι
868 906 1154 964 στρατηλάτης
1187 911 1365 965 Περσῶν
1402 907 1590 964 Ἐ’ξαρᾶθ

118 975 289 1034 ὀνόματι
308 978 412 1033 μετὰ
430 981 639 1034 Περσικῆς
657 977 882 1032 βοηθείας,
917 976 1019 1031 ἴχων
1035 976 1133 1031 μεθ’
1164 974 1314 1020 ἑαυτοῦ
1349 978 1416 1019 καὶ
1434 974 1591 1030 βάνδον

117 1044 353 1102 βασιλικόν,
389 1045 576 1104 ὥρμησεν
605 1046 670 1088 ἐπὶ
700 1045 753 1088 τὰ
776 1043 994 1100 Ῥωμάΐκά.
1067 1047 1135 1088 καὶ
1159 1042 1495 1102 Ἀλαμούνδαρος
1526 1045 1585 1098 δέ,
1613 1052 1644 1086 Β

117 1116 356 1170 βασιλίσκος
391 1118 669 1173 Σαρακηνῶν,
718 1113 823 1169 μετὰ
857 1118 1012 1169 πολλῆς
1042 1112 1216 1157 ἐνόπλου
1246 1114 1469 1169 βοηθείας,
1521 1113 1591 1156 διὰ

118 1187 194 1228 τοῦ
220 1185 449 1241 Κιρκησίου
483 1183 621 1227 ἐλθών
656 1180 839 1240 ἀνεφάνη
871 1184 928 1233 εἷς
959 1183 1230 1237 Καλλίνικον,
1265 1181 1384 1226 πόλιν
1402 1186 1478 1238 τῆς
1490 1181 1591 1226 Ὀσ-

64 1259 107 1296 15
120 1254 310 1312 δροηνῆς.

219 1323 305 1366 Καὶ
325 1319 446 1379 γνοὺς
473 1324 607 1364 ταῦτα
638 1316 884 1377 Βελισάριος
917 1317 1268 1377 ὅστρατηλάτης,
1307 1319 1503 1365 ἀπελθών
1535 1322 1592 1372 εἲς

118 1391 358 1446 συμμαχίαν
376 1393 461 1432 τῶν
480 1390 639 1432 δουκῶν
667 1389 771 1443 μετὰ
797 1386 996 1444 χιλιάδων
1027 1387 1133 1432 ὀκτώ
1142 1422 1156 1443 ,
1194 1390 1237 1432 ἓν
1267 1387 1330 1440 οἷς
1349 1388 1500 1447 εὑρέθη
1523 1391 1592 1433 καὶ

112 1458 291 1515 Ἀρέθας
327 1456 349 1502 ὃ
386 1455 599 1516 φύλαρχος
631 1458 734 1513 μετὰ
762 1456 960 1513 χιλιάδων
990 1458 1120 1502 πέντε.
1199 1456 1455 1516 ὁρμήσαντες
1482 1460 1527 1502 δὲ
1555 1459 1595 1502 οἶ
1618 1468 1651 1503 O
1676 1470 1746 1505 200

117 1528 281 1585 Πέρσαι
323 1526 428 1582 μετὰ
455 1531 540 1571 τῶν
564 1528 678 1570 ἰδίων
696 1531 951 1585 Σαρακηνῶν
971 1527 1118 1577 νυκτὸς
1147 1525 1461 1583 κατεσκήνωσαν
1487 1532 1595 1583 πλη-

62 1598 210 1642 molor
227 1599 302 1640 τοῦ
318 1593 498 1653 κάστρου
517 1600 559 1639 Γ
555 1600 777 1651 αββουλῶν
787 1629 800 1648 ,
838 1595 930 1651 ἕχον
948 1597 1244 1652 παρακείμενον
1266 1598 1334 1639 καὶ
1352 1596 1499 1653 μικρὸν
1515 1613 1595 1639 πο-

118 1662 277 1720 ταμόν·
321 1666 391 1707 καὶ
428 1662 670 1719 ποιήσαντες
709 1665 795 1707 ἐκεῖ
829 1668 1043 1721 φοσσᾶτον
1088 1662 1335 1722 ἓσκόρπισαν
1367 1665 1483 1722 πέριξ
1517 1669 1594 1708 τοῦ

119 1730 335 1791 φοσσάτου
353 1731 571 1790 τριβόλους
600 1735 795 1790 σιδηροῦς
825 1733 889 1775 ἐπὶ
914 1732 1021 1776 πολὺ
1040 1731 1275 1789 διάστημα,
1308 1735 1409 1789 μίαν
1433 1732 1595 1784 ἑαυτοῖς

209 1867 244 1902 3.
267 1860 380 1912 ᾔτησε
403 1864 491 1907 ch„
514 1864 641 1910 αἴτησε
665 1865 734 1900 Ox.
821 1862 878 1902 14.
900 1865 1126 1912 Κιρκησίου]
1153 1866 1349 1911 Κιρκισίου
1369 1866 1439 1902 Ox.
1507 1867 1594 1904 ibid.

209 1909 457 1959 Ὀσόροηνῆς]
485 1908 704 1959 Ὀσδροΐνης
727 1911 796 1946 Ox.

119 2025 214 2069 aliis,
238 2025 394 2062 misertus
415 2038 550 2070 eorum,
575 2027 803 2070 Patriarcha3
842 2028 902 2074 qui
924 2040 999 2064 eum
1022 2028 1127 2063 clero
1149 2040 1230 2070 suo,
1253 2026 1590 2074 magistratibusque,

119 2072 277 2120 pecunias
292 2073 404 2108 libera
422 2085 521 2108 manu
541 2074 741 2120 impertivit.
791 2074 987 2116 Quinetiam
1010 2075 1069 2110 ubi
1091 2074 1302 2121 captivorum
1318 2074 1484 2109 Libellum
1508 2087 1590 2120 sup-

119 2119 242 2166 plicem
262 2119 386 2154 lectum
410 2119 596 2155 audivisset
616 2120 760 2166 populus
784 2121 1032 2164 Antiochenus,
1071 2120 1210 2166 singulis
1232 2121 1268 2155 id
1292 2120 1590 2166 efflagitantibus;

119 2165 276 2212 publicus
299 2165 418 2211 populi
441 2166 590 2200 universi
614 2166 809 2201 Conventus
830 2167 976 2203 indictus
999 2172 1070 2203 estz
1098 2168 1143 2202 ad
1167 2167 1255 2202 diem
1278 2167 1399 2213 itaque
1421 2166 1589 2201 constitu-

117 2217 190 2247 tum
213 2216 334 2257 tapete
350 2212 538 2258 explicato,
562 2212 745 2258 symbolum
768 2224 860 2247 suum
885 2214 1039 2259 quisque,
1062 2225 1127 2260 pro
1150 2214 1352 2248 facultatum
1374 2223 1508 2247 suarum
1529 2224 1590 2246 ra.-

118 2257 213 2292 tione
237 2257 447 2303 porrigebat.
504 2258 665 2293 collectis
698 2258 830 2294 demum
852 2260 1024 2306 pecuniis,
1066 2265 1104 2295 et
1125 2259 1352 2295 Alamundaro
1376 2257 1590 2300 transmissis,

118 2302 260 2349 Captivi
283 2302 422 2338 liberati
444 2308 532 2339 sunt.
1536 2346 1539 2349 ι

210 2348 342 2384 Eodem
364 2353 520 2396 tempore
551 2350 667 2386 missus
690 2355 742 2385 est
764 2351 801 2386 in
824 2351 1003 2387 Orientem
1025 2351 1261 2396 Hermogenes
1284 2350 1470 2395 Magister,
1502 2349 1592 2384 Belli

121 2392 251 2429 Persici
268 2406 384 2430 curam
401 2400 633 2442 suscepturus:
660 2397 802 2444 Quippe
823 2398 1026 2444 Imperatori
1046 2398 1241 2432 nunciatum
1264 2397 1393 2438 fuerat,
1417 2396 1591 2438 Exarath,

121 2439 300 2476 Persarum
322 2441 464 2484 Ducem,
488 2442 628 2477 Persica
652 2455 750 2479 manu
773 2443 868 2479 simul
892 2450 929 2479 et
951 2445 1086 2479 Vexillo
1108 2443 1206 2488 regio
1229 2443 1439 2484 instructum,
1464 2442 1591 2476 Roma-

122 2495 182 2519 nas
203 2484 364 2522 invasisse
386 2487 545 2523 ditiones.
582 2489 673 2530 Quin
697 2495 734 2524 et
757 2491 1014 2532 Alamundarus,
1038 2490 1287 2525 Saracenorum
1307 2488 1459 2533 regulus,
1483 2486 1591 2534 copiis

121 2530 607 2614 guffieufssrgmisbinstructus,
649 2535 834 2616 Ctircesium
864 2543 1160 2583 praetergressus»,
1204 2534 1404 2569 Callinicum
1426 2533 1590 2580 adusque,

335 2590 378 2613 ur
401 2591 452 2614 em
501 2592 665 2616 ervenera
686 2607 694 2615 .

214 2621 352 2658 Certior
373 2592 498 2660 autemp
509 2627 553 2661 (le
577 2627 629 2661 his
651 2629 763 2663 factus
785 2627 991 2669 Belisarius‚
1016 2633 1095 2662 octo
1120 2639 1196 2662 cum
1218 2626 1365 2661 millibus
1388 2629 1593 2661 armatorum

121 2666 275 2721 Ducilgus
296 2668 332 2702 in
354 2671 527 2725 suppetias
550 2673 642 2707 exit:
682 2685 766 2719 quos
789 2673 881 2709 inter
906 2675 1054 2709 Arethas
1077 2673 1144 2707 fuit
1166 2672 1400 2718 Phylarchus3
1440 2672 1534 2727 cujus
1556 2672 1595 2706 in

123 2719 277 2748 exermtu
308 2714 351 2749 V.
381 2716 486 2752 mnia
516 2720 790 2755 numerabantur.
847 2719 989 2765 Egressi
1024 2730 1104 2754 vero
1138 2730 1212 2753 cum
1236 2718 1418 2754 Saracenis
1439 2729 1507 2753 suls
1529 2729 1595 2764 per

122 2763 256 2794 noctem
280 2759 426 2803 Peme,
446 2762 546 2806 iuxta
569 2766 808 2801 Gabbulorum
830 2766 1034 2807 Castellum,
1065 2765 1158 2810 quod
1181 2764 1343 2800 fluviolus
1364 2763 1594 2811 praeterflue-

121 2804 204 2845 bat,
227 2805 352 2859 Castra
374 2813 581 2854 posuerunt3
623 2812 820 2857 tbssatoque
842 2812 891 2846 ibi
914 2813 1008 2845 facto
1020 2836 1030 2853 ,
1054 2810 1199 2845 murices
1222 2811 1351 2846 ferreos
1373 2810 1525 2855 undique
1548 2809 1596 2844 ad

121 2861 215 2886 oram
239 2863 325 2897 eJuS‚
348 2863 470 2899 magno
493 2855 575 2891 satis
597 2855 790 2901 intervallo,
814 2856 1074 2904 dispergebant,
1098 2857 1199 2893 unico
1215 2857 1305 2902 loco,
1328 2868 1393 2905 per
1403 2867 1501 2904 quem
1519 2856 1596 2892 exi-
