1838 3230
271 150 368 200 450
665 141 951 189 IOANNIS
980 141 1319 188 MALALAE

271 264 342 310 ἐάν
362 282 422 316 τις
443 265 637 321 ἓπιδεηθῇ
681 260 882 318 σωμάτων
927 261 954 318 ἢ
980 259 1227 319 χρημάτων,
1265 259 1450 316 παρέχειν
1477 257 1548 302 τὸν
1569 252 1716 316 ἕτερον.

273 336 338 378 καὶ
358 331 631 389 μεμενήκαμεν
651 332 693 382 ἐξ
714 332 863 374 ἐκείνου
885 332 950 372 καὶ
977 331 1093 385 μέχρι
1113 334 1187 372 τοῦ
1207 326 1411 384 παρόντος
1431 324 1562 376 οὕτως
1583 325 1717 370 διατε-

273 407 435 451 λοῦντες
449 415 457 424 ·
493 403 559 443 καὶ
575 401 672 442 ποτὲ
690 400 763 454 μὲν
786 400 917 442 ἐθνῶν
935 396 1030 454 ἡμῖν
1053 397 1402 451 ἐπανισταμένων,
1438 401 1525 444 τοῖς
1542 388 1718 449 μέν”πα-

273 468 534 528 ρατάξασθαι
563 465 900 527 ἠναγκάσθημεν,
939 465 1036 516 τοὺς
1067 467 1111 508 δὲ
1141 467 1207 508 καὶ
1237 465 1304 507 διὰ
1326 461 1478 513 δόσεως
1497 458 1719 519 χρημάτων

269 537 519 593 ὑποταγῆναι
539 536 772 589 ἐπείσαμεν,
810 533 865 584 ὥς
899 536 1023 588 δῆλον
1055 532 1153 576 εἶναι
1199 531 1333 575 πάντα
1359 532 1410 574 τὰ
1440 532 1482 574 ἓν
1510 537 1596 580 τοῖς
1618 528 1752 585 ripae-5

270 606 401 660 τέροις
430 609 660 660 θησαυροῖς
689 603 967 658 ἀναλωθῆναι.
1037 606 1168 644 ταῦτα
1198 602 1242 643 δὲ
1275 602 1341 642 καὶ
1371 600 1624 656 Ἀναστασίῳ
1652 598 1720 640 καὶ

267 674 471 730 ’Ῑουστίνῳ
491 678 576 722 τοῖς
591 676 800 725 βασιλεῦσι
827 667 1133 727 γεγραφήκαμεν
1147 702 1157 718 ,
1195 671 1260 711 καὶ
1287 666 1492 723 ἠνύσαμεν
1509 666 1628 709 πλέον
1647 663 1722 708 οὗ·

213 747 243 780 Β
275 742 364 784 δέν·
422 739 520 783 ὅθεν
548 738 865 795 ἠναγκάσθημεν
904 735 1225 794 παρατάξασθαι
1265 736 1442 790 πολέμου
1473 732 1617 789 χάριν,
1653 734 1721 776 καὶ

271 809 440 865 πλησίον
458 812 539 851 τῶν
553 806 787 862 Ῥωμαϊκῶν
809 804 1013 862 γενόμενοι
1039 805 1135 854 τοὺς
1163 806 1204 847 ἓν
1236 804 1346 861 με’σῳ
1387 803 1515 858 μηδὲν
1533 798 1721 859 ἁμαρτή-

272 894 426 926 σαντας
448 873 650 932 προφάσει
682 880 756 930 τῆς
786 876 942 930 ἐκείνων
973 873 1182 922 ἀπειθείας
1223 871 1430 914 ἀπολέσαι.
1520 869 1625 922 ἀλλ’,
1667 866 1723 919 ὥς
1734 871 1778 906 10

268 947 496 1001 χριστιανοὶ
525 946 592 986 καὶ
613 943 801 997 εὐσεβεῖς,
834 943 1034 999 φείσασθε
1058 945 1204 995 ψυχῶν
1228 942 1293 982 καὶ
1319 936 1536 993 σωμάτων,
1557 938 1625 980 καὶ
1649 953 1723 991 με-

272 1012 417 1056 τάδοτε
435 1011 532 1067 ἡμῖν
546 1013 733 1068 χρυσίον
803 1012 837 1053 εἲ
855 1010 972 1064 δὲμὴ
996 1013 1117 1052 τοῦτο
1151 1015 1311 1058 ποιεῖτε,
1348 1006 1604 1064 εὖτρεπίσατε
1627 1003 1724 1048 ἔαυ-

269 1081 368 1131 τούς
389 1080 492 1137 πρὸς
509 1078 710 1133 πόλεμον,
747 1080 1006 1135 προθεσμίαν
1041 1077 1195 1132 ἔχοντες
1217 1075 1313 1118 ὅλου
1334 1079 1407 1118 τοῦ
1433 1075 1633 1126 ἐνιαυτοῦ,
1653 1073 1724 1115 ’ίνα

124 1160 156 1193 O
185 1161 248 1194 186
271 1150 329 1204 μὴ
360 1151 621 1203 νομισθῶμεν
649 1147 826 1189 κλέπτειν
857 1147 930 1202 τὴν
960 1147 1072 1201 νίκην
1114 1146 1181 1188 καὶ
1209 1142 1317 1203 δόλῳ
1345 1143 1622 1200 περιγίνεσθαι
1650 1143 1724 1184 τοῦ

269 1217 462 1271 πολέμου.
1737 1210 1779 1246 15

376 1288 448 1342 Τῷ
477 1283 522 1325 δὲ
558 1281 669 1340 αὐτῷ
698 1279 832 1339 χρόνῳ
865 1279 885 1323 ὅ
910 1280 1033 1330 αὐτὸς
1055 1277 1248 1333 βασιλεὺς
1264 1275 1548 1326 ’Ῑουστινιανός
1572 1271 1727 1332 ἐδωρή-

272 1370 374 1398 σατο
395 1358 482 1401 τοῖς
495 1351 739 1405 Ἀντιοχεῦσι
761 1349 835 1404 τὴν
849 1350 954 1391 ἰδίαν
974 1347 1111 1403 τόγαν,
1136 1346 1307 1400 ἔχουσαν
1325 1347 1391 1387 καὶ
1409 1346 1554 1393 λίθους
1566 1347 1727 1397 βασιλι-

223 1432 254 1466 C
276 1419 394 1471 κούς·
464 1420 531 1462 καὶ
547 1416 723 1473 ἧπλώθη
746 1417 786 1459 ἓν
805 1421 855 1473 τῇ
875 1417 1064 1475 ἐκκλησία
1097 1418 1148 1471 τῇ
1170 1414 1359 1470 λεγομένῃ
1384 1414 1639 1455 Κασσιανοῢ.

370 1487 461 1530 Ἐπὶ
482 1487 526 1529 δὲ
542 1490 618 1540 τῆς
644 1483 836 1533 ὑπατείας
857 1485 1006 1527 Δεκίου
1042 1480 1271 1540 προσεῤῥύη
1297 1479 1510 1533 Ῥωμαίοις
1527 1479 1728 1528 Μοῦνδος

276 1556 297 1600 ὃ
317 1557 360 1599 ἐκ
376 1555 514 1612 γε’νους
533 1557 615 1597 τῶν
636 1556 676 1595 Γ
673 1553 831 1608 ηπέδων
850 1549 1134 1607 καταγόμενος,
1159 1549 1246 1599 υῗὸς
1268 1547 1323 1592 ὢν
1349 1545 1484 1606 ῥηγός,
1521 1546 1624 1601 μετὰ
1651 1545 1725 1602 τὴν
1736 1548 1783 1582 20

274 1623 464 1678 τελευτὴν
481 1625 553 1664 τοῦ
574 1621 678 1663 ῗδίου
703 1620 830 1662 αὐτοῦ
853 1619 1009 1676 πατρὸς
1035 1619 1135 1675 πρὸς
1175 1618 1462 1674 Θραυστίλαν,
1503 1619 1618 1657 θεῖον
1651 1613 1728 1656 αὖ·

275 1696 374 1746 τοῖ,
413 1686 603 1747 γεγονώς,
647 1689 715 1731 καὶ
743 1689 875 1743 διῆγεν
904 1688 945 1730 ἒν
983 1705 1039 1745 τῳ
1071 1686 1241 1744 Σιρμίῳ.
1312 1685 1379 1727 καὶ
1406 1681 1524 1740 γνοὺς
1554 1685 1675 1725 τοῦτο
1706 1677 1728 1724 ὃ

368 1799 424 1834 10.
449 1796 596 1833 ἐκείνων
619 1796 696 1838 Ch„
720 1794 861 1832 ἐκείνου
885 1795 954 1832 Ox,
1054 1795 1137 1829 ibid.
1162 1790 1367 1828 ἀπολέσθαι
1400 1791 1468 1826 Ox.
1561 1791 1616 1826 11.
1650 1790 1729 1834 φεί-

365 1846 483 1880 σασθε
506 1844 585 1885 ch„
609 1844 810 1887 φείσασθαι
834 1842 901 1875 Ox.
993 1841 1048 1876 18.
1087 1839 1280 1875 Κασιανοῠ
1312 1839 1379 1873 Ox.
1470 1837 1528 1872 20.
1551 1835 1728 1882 Γηπεδαῖν

365 1890 434 1924 Ox.
523 1891 580 1925 22.
605 1886 778 1934 γεγονότα
797 1888 876 1930 Ox.‚
899 1885 1056 1932 γεγονώς
1078 1886 1142 1920 Ch.

303 1978 428 2014 ecuniis
453 1990 537 2024 opus
558 1978 683 2021 fuerit,
716 1979 760 2013 ab
783 1977 892 2013 altero
916 1975 1214 2011 subministrandas
1237 1985 1318 2009 esse.
1366 1973 1474 2014 Quam
1497 1970 1631 2016 quidem
1652 1969 1727 2005 Nos

290 2025 414 2066 fidem,
456 2025 491 2058 in
513 2029 722 2069 praesentem
753 2025 843 2058 hunc
874 2035 979 2068 usque
1014 2023 1120 2063 diem,
1164 2020 1259 2054 vobis
1289 2020 1456 2063 integram
1487 2015 1725 2062 praestitimus.

277 2072 458 2105 Caeterum
481 2070 523 2103 ab
547 2070 698 2103 hostibus
722 2070 925 2113 quandoque
948 2067 1105 2113 impetiti,
1139 2067 1174 2100 in
1199 2064 1360 2110 praelium
1382 2074 1455 2097 cum
1477 2060 1644 2096 nonnullis
1667 2073 1727 2095 eo-

276 2128 349 2151 rum
372 2115 577 2149 descendere
600 2115 713 2148 coacti
731 2115 872 2148 fuimus:
898 2113 1022 2157 reliqui
1040 2125 1136 2154 vero,
1160 2111 1248 2145 datis
1271 2108 1430 2154 pecuniis,
1453 2106 1631 2152 Imperium
1649 2106 1726 2140 No-

276 2165 383 2196 strum
413 2163 452 2194 ut
474 2159 691 2193 admitterent
723 2160 902 2193 effecimus.
960 2159 1062 2192 Unde
1084 2158 1216 2192 Fiscum
1248 2155 1409 2189 Nostrum
1443 2152 1577 2198 penitus
1599 2151 1726 2185 exhau-

278 2212 364 2242 stum
389 2217 472 2247 esse,
494 2208 546 2238 sat
570 2204 700 2249 liquido
720 2210 861 2238 constat.
909 2204 1021 2249 Super
1042 2204 1093 2238 his
1116 2214 1198 2237 vero
1215 2211 1287 2235 cum
1313 2199 1357 2233 ad
1387 2199 1610 2243 Imperatores
1633 2197 1726 2231 Ana-

277 2251 415 2287 stasium
446 2261 487 2284 ac
507 2249 672 2284 Justiuum
714 2250 901 2283 referentes
937 2249 1019 2283 nihil
1054 2249 1104 2283 ita
1126 2245 1387 2294 profecerimus,
1411 2254 1503 2277 arma
1526 2241 1648 2276 deinde
1670 2253 1726 2276 su·-

278 2308 371 2332 mere
392 2307 527 2330 necesse
549 2294 732 2329 habuimus.
778 2294 921 2338 Propius
942 2294 1058 2339 itaque
1085 2305 1106 2327 a
1128 2293 1250 2326 finibus
1272 2290 1392 2324 vestris
1414 2299 1488 2322 cum
1511 2286 1726 2329 abfuerimus,

279 2341 493 2376 intermedios
516 2351 680 2386 quosque,
715 2338 796 2373 licet
816 2339 992 2380 innoxios,
1017 2351 1036 2373 e
1059 2338 1168 2373 medio
1191 2335 1394 2376 sustulimus,
1416 2334 1565 2368 violatae
1585 2345 1607 2368 a
1629 2332 1726 2367 vobis

279 2387 363 2422 fidei
384 2387 443 2420 sub
467 2389 657 2431 praetextu.
699 2384 769 2419 Vos
791 2395 887 2425 vero,
910 2384 1113 2425 Christiani,
1146 2393 1219 2416 cum
1241 2380 1321 2415 satis
1345 2382 1381 2413 et
1427 2379 1566 2413 ietatem
1590 2378 1725 2419 colatis3

280 2431 415 2478 parcite
437 2431 550 2476 potius
569 2429 756 2465 hominibus
777 2429 898 2463 vestris
921 2433 957 2463 et
979 2430 1136 2474 pecunias
1159 2428 1249 2461 date.
1295 2424 1357 2458 Sin
1380 2437 1401 2459 a
1414 2426 1501 2465 iter,
1538 2423 1582 2457 ad
1605 2424 1726 2457 bellum

281 2489 341 2512 vos
364 2476 549 2521 accingite:
591 2476 685 2520 cujus
706 2480 819 2512 tamen
847 2473 997 2508 inducias
1020 2475 1117 2508 vobis
1147 2473 1183 2507 in
1206 2482 1323 2505 annum
1353 2469 1522 2515 integrum
1555 2467 1726 2514 permitti·-

281 2535 372 2564 mus,
395 2533 438 2555 ne
460 2521 621 2555 suffurari
642 2519 838 2561 victoriam,
862 2519 918 2553 vel
941 2531 982 2553 ea
1005 2531 1067 2564 per
1090 2518 1201 2552 dolum
1223 2515 1328 2561 potiri
1348 2515 1578 2550 videremur.“

373 2567 504 2601 Eodem
531 2571 684 2610 tempore
706 2564 910 2600 Justinianus
939 2564 1126 2617 Imperator
1148 2563 1283 2606 Togam
1313 2572 1425 2602 suam,
1469 2559 1573 2604 regiis
1603 2557 1726 2604 lapillis

282 2612 494 2657 insignitam,
515 2611 731 2646 Antiochenis
753 2610 839 2644 dono
863 2609 1065 2650 transmlsit3
1108 2619 1207 2653 quam
1229 2605 1432 2641 Antiocheni
1454 2605 1492 2639 S.
1518 2603 1669 2639 Cassiani
1689 2602 1725 2636 in

282 2658 437 2692 Ecclesia
459 2657 702 2702 suspenderunt
725 2656 937 2701 explicatam.

372 2703 551 2736 Caeterum
582 2701 678 2735 Decii
710 2702 770 2735 sub
795 2699 976 2734 Consulatu
999 2697 1155 2733 Romanis
1184 2709 1257 2731 sese
1291 2695 1445 2740 adjunxit
1476 2694 1621 2731 Mundus
1651 2691 1727 2738 qui-

282 2748 370 2789 dam,
394 2747 536 2792 Gepidis
559 2747 728 2788 oriundus,
755 2750 791 2780 et
814 2745 908 2790 regio
932 2744 1093 2789 sanguine
1116 2748 1310 2789 prognatus.
1358 2742 1424 2776 Hic
1446 2739 1553 2786 patris
1575 2740 1624 2773 sui
1647 2741 1727 2783 post

281 2793 419 2836 obitum,
443 2792 533 2838 apud
556 2792 796 2835 Thraustilam‚
819 2789 1014 2827 avunculum
1035 2800 1141 2832 suum,
1165 2787 1280 2823 Sirmii
1303 2787 1468 2832 degebat:
1507 2795 1575 2832 quo
1598 2783 1725 2819 Romae
