1838 3230
252 152 319 199 40
646 141 938 190 10ANN1s
967 142 1308 214 MALALAE

257 260 508 321 Καδμιάδες.
580 262 698 316 κτίζει
717 262 762 305 δὲ
779 263 845 305 καὶ
862 258 979 307 πόλιν
1002 262 1045 308 ἓν
1061 267 1112 323 τῇ
1132 262 1313 325 Βοιωτίᾳ
1331 259 1532 320 μεγάλην,
1566 261 1708 320 ἥντινα

258 332 442 378 ἐκάλεσεν
460 335 516 384 εἲς
531 331 636 375 ἴδιον
656 330 787 384 ὄνομα
804 332 1030 386 Καδμείαν.
1086 334 1167 390 ..καὶ
1194 330 1397 387 βασιλεύει
1424 329 1445 375 ὃ
1475 330 1598 382 αὐτὸς
1614 329 1709 376 Κά-

260 405 363 458 δμος
393 403 493 445 ἐκεῖ·
530 398 796 443 ἀνεκαλέσατο
817 399 862 442 δὲ
882 400 925 443 ἐκ
941 403 1016 456 τῆς
1035 401 1192 458 ἔξορίας
1211 400 1282 444 τὸν
1303 400 1535 458 Τειρεσίαν,
1573 392 1710 443 Bond-

259 488 347 515 τιον
377 469 476 513 ὅντα
504 465 755 526 φιλόσοφον,
791 467 863 511 τὸν
892 469 1146 525 θηρολέτην,
1184 467 1282 513 ὅντα
1310 466 1504 524 πλούσιον
1522 469 1589 511 καὶ
1602 465 1709 525 χρή·-

258 555 360 595 μασι
383 540 449 581 καὶ
469 537 562 597 ἀξία
585 537 650 578 καὶ
672 535 811 595 σοφίᾳ.
882 534 994 587 ὅστις
1010 535 1275 595 παρεισήγαγε
1299 535 1430 593 δόγμα
1451 535 1744 592 τοῒςἛλλησι5

258 607 307 651 τὸ
339 604 579 660 αὐτομάτως
610 604 810 660 φέρεσθαι
831 603 885 646 τὰ
906 602 1041 648 πάντα
1060 607 1128 649 καὶ
1149 603 1403 662 ἀπρονόητον
1425 603 1525 648 εἶναι
1548 604 1620 648 τὸν
1639 602 1712 648 κόὲ

212 690 242 724 c
265 689 390 730 σμον·
427 675 493 716 καὶ
525 673 562 715 οἳ
593 672 707 726 ἱερεῖς
727 670 1067 717 συνεσκευάσαντο
1091 671 1237 726 αὐτόν,
1278 675 1345 716 καὶ
1367 674 1571 730 ἐξωρίσθη
1589 674 1646 724 εἲς
1663 671 1712 717 τὸ

262 742 368 799 ῗερὸν
389 741 608 799 Δαφναίου
627 737 911 795 Ἀπόλλωνος,
938 740 994 792 ὥς
1020 740 1277 798 γυναικώδεις
1302 741 1403 797 ἔχων
1436 741 1609 799 φρένας,
1645 741 1715 784 καὶ

261 812 680 867 πολυπραγμονοῦντα
702 813 789 860 πῶς
809 809 1028 866 μιγνυμένη
1049 809 1149 867 γυνὴ
1175 810 1279 865 μετὰ
1299 809 1448 867 ἀνδρὸς
1472 806 1715 864 συλλαμβά-

262 897 343 931 νει,
382 876 491 934 καὶὴ
512 875 634 935 φύσις
655 881 728 920 τοῦ
750 879 925 932 αἵματος
944 880 1142 935 μερίζεται
1164 880 1218 928 εἲς
1241 878 1363 921 ὀστέα
1382 880 1450 921 καὶ
1472 875 1630 935 σάρκας
1646 878 1714 920 καὶ
1725 887 1772 922 10

263 947 417 1004 φλέβας
434 947 500 989 καὶ
519 949 642 1002 νεῦρα
666 947 732 988 καὶ
752 943 869 1000 αἷμα,
907 948 973 990 καὶ
993 949 1243 1003 ζωογονεῖται
1259 946 1414 1004 βρέφος
1430 947 1497 989 καὶ
1515 947 1691 990 τίκτεται
1703 959 1714 969 ·

141 1023 173 1057 Ο
198 1019 243 1058 47
268 1014 386 1058 ἅτινα
410 1013 431 1057 ὃ
452 1011 695 1071 σοφώτατος
712 1015 931 1071 Κεφαλίων
953 1013 1250 1072 συνεγράψατο,
1322 1012 1343 1058 ὃ
1372 1015 1450 1071 γὰρ
1475 1011 1718 1070 σοφώτατος

266 1087 482 1140 Σοφοκλῆς
504 1085 644 1138 δρᾶμα
666 1082 826 1132 ἐξέθετο
849 1085 914 1125 καὶ
940 1088 1156 1138 ποιητικῶς
1184 1081 1288 1126 εἶπεν
1324 1081 1385 1125 ὅτι
1411 1082 1485 1138 τὴν
1510 1079 1719 1126 Παλλάδα

267 1151 343 1194 εἶδε
364 1150 585 1205 λουομένην
604 1152 669 1193 καὶ
691 1150 790 1206 γυνὴ
809 1151 982 1207 ἐγένετο·
1021 1150 1041 1194 ὃ
1064 1153 1294 1209 Τειρεσίας,
1323 1152 1444 1208 φησί,
1473 1151 1547 1207 τὴν
1569 1151 1720 1207 σοφίαν

267 1224 341 1263 τοῦ
372 1221 620 1275 δημιουργοῦ
652 1216 815 1273 ἐζήτησε
838 1224 985 1276 γνῶναι
1006 1222 1071 1262 καὶ
1100 1220 1173 1262 οῦκ
1191 1217 1405 1275 ἠδυνήθη·
1440 1217 1538 1263 ὅθεν
1556 1219 1718 1270 ἐξέθετο
1731 1223 1776 1260 15

269 1287 290 1330 ὅ
323 1287 446 1337 αὐτὸς
475 1290 690 1343 Σοφοκλῆς
719 1288 760 1328 ἐν
789 1294 873 1337 τοῖς
901 1287 1028 1330 αὐτοῦ
1059 1286 1344 1344 συγγράμμασι
1365 1291 1498 1330 ταῦτα
1525 1287 1724 1343 ἀληθείας

215 1357 248 1393 D
273 1354 371 1399 εἶναι
384 1370 393 1379 ·
431 1353 485 1404 εἷς
505 1355 613 1397 ἔστιν
632 1352 652 1396 ὅ
673 1352 793 1407 θεός,
822 1354 869 1406 ὃς
895 1355 967 1398 τὸν
986 1355 1159 1413 οὗρανόν
1178 1355 1305 1406 ἔτευξε
1323 1357 1390 1398 καὶ
1415 1362 1533 1411 γαῖαν
1558 1355 1721 1413 μακρὰν

267 1422 417 1467 πόντου
440 1440 481 1466 τε
498 1427 686 1479 χαροποῦ
708 1421 830 1478 οἶδμα
851 1425 917 1466 καὶ
936 1423 1093 1478 ἀνέμων
1114 1425 1227 1476 βίας·
1263 1425 1412 1480 θνητοὶ
1432 1425 1476 1466 δὲ
1496 1424 1599 1467 πολὺ
1619 1440 1723 1481 καρ-

269 1493 339 1553 δία
364 1489 640 1546 πλανώμενοι,
678 1489 939 1548 ἱδρυσάμεθα
965 1490 1164 1548 πημάτων
1191 1491 1442 1550 παραψυχὰς
1459 1496 1571 1535 θεῶν
1594 1489 1722 1548 ἀγάλ-

362 1590 394 1623 1.
427 1587 661 1631 Καδμιοῖδες]
687 1587 874 1632 Καδμίδες
895 1587 1071 1623 Cedrenus
1093 1600 1129 1635 p.
1154 1590 1211 1625 23.
1235 1589 1275 1624 C.
1368 1589 1403 1624 2.
1437 1588 1631 1632 Καδμείαν
1654 1588 1723 1622 Ce-

363 1633 497 1675 drenus,
524 1634 695 1677 Καδμίαν
719 1634 786 1667 Ox.
862 1636 895 1670 8.
919 1635 1119 1680 Δαφναίου
1142 1635 1221 1677 Ch„
1244 1633 1429 1676 Cedrenus,
1453 1632 1630 1679 Δαφνέου
1654 1635 1723 1670 Ox.

361 1681 396 1715 9.
431 1679 832 1736 πολυπραγμονοῦντα]
852 1680 1024 1716 Cedrenus
1048 1682 1099 1723 εἰς
1117 1678 1288 1725 γυναικὸς
1310 1682 1588 1727 μεταβληθῆναι
1611 1678 1725 1725 φύσιν

359 1724 421 1760 καὶ
444 1727 761 1770 πολυπραγμονεῖν
783 1727 880 1772 αυτ-ᾔ
901 1727 979 1768 πῶς
1000 1732 1065 1761 etc.
1137 1729 1190 1762 11.
1215 1727 1277 1762 καὶ
1299 1725 1413 1771 αἷμα]
1437 1727 1639 1768 „cedrenus
1661 1727 1724 1760 ha—

318 1787 321 1789 ·
359 1772 440 1811 bet,
463 1772 526 1807 καὶ
549 1770 594 1806 τὰ
619 1771 749 1813 λοιποὶ,
773 1771 896 1806 rectius
919 1777 958 1807 ut
980 1772 1139 1818 opinor.“
1164 1772 1226 1806 Ch.
1321 1774 1376 1808 18.
1411 1785 1449 1809 τε
1471 1772 1660 1818 χαροποῦ]
1684 1770 1724 1807 δὲ

360 1819 534 1861 χαρωποῦ
557 1819 624 1852 Ox.
715 1820 768 1853 19.
794 1816 1006 1862 ἰδυσοὶμεθα
1029 1815 1250 1864 πημιμάτων
1272 1838 1317 1844 —
1339 1818 1419 1866 θεῷ
1442 1818 1508 1854 Ox.
1554 1819 1608 1854 De
1629 1818 1725 1864 turpi

358 1863 550 1907 fragmento
574 1863 765 1910 Sophocleo
790 1875 824 1898 v.
846 1863 994 1898 Bentleii
1018 1864 1128 1910 Epist.
1153 1875 1186 1911 p-
1214 1866 1268 1901 12.

272 1951 363 1985 quae
396 1940 498 1974 etiam
520 1942 765 1976 praecellentes
790 1944 910 1985 forma
944 1943 1152 1978 Cadmiades
1181 1943 1405 1978 vocabantur.
1462 1942 1591 1977 Urbem
1624 1941 1725 1976 etiam

275 1997 431 2030 magnam
452 1986 487 2019 in
506 1986 650 2022 Boeotia
674 1987 843 2028 condidit,
868 1999 966 2033 quam
990 2001 1032 2023 ex
1057 1989 1190 2023 nomine
1212 2000 1271 2023 suo
1291 1989 1463 2023 Cadmiam
1485 1987 1642 2029 vocavit3
1666 1987 1727 2021 ubi

277 2037 314 2065 et
336 2031 446 2065 sedem
469 2031 581 2076 Regni
604 2032 734 2077 posuit:
774 2033 869 2074 Quin
892 2038 927 2067 et
951 2034 1140 2076 Tiresiam,
1173 2035 1380 2069 Boeotorum
1402 2034 1658 2078 Philosophum,
1683 2033 1726 2068 ab

277 2076 377 2111 exilio
409 2077 595 2111 revocavit.
642 2077 729 2111 Erat
751 2078 806 2112 hic
830 2079 1073 2115 venationibus
1106 2079 1261 2122 deditus,
1296 2079 1475 2114 ditissimus
1496 2079 1635 2124 opibus,
1673 2077 1728 2113 vir

276 2121 409 2167 sapiens
438 2122 520 2156 item
552 2122 730 2167 magnique
751 2123 911 2165 nominis;
953 2126 1012 2170 qui
1036 2131 1072 2160 et
1095 2126 1248 2160 Graecos
1278 2125 1412 2168 docuit,
1453 2125 1564 2159 omnia
1584 2124 1728 2160 fortuito

277 2167 382 2209 ferri,
416 2167 646 2212 Mundumque
676 2168 766 2203 nulla
788 2168 944 2203 Numinis
976 2170 1193 2215 providentia
1214 2171 1409 2214 gubernari.
1443 2171 1538 2212 ⁴Qua
1562 2171 1606 2205 de
1628 2180 1730 2205 causa.

279 2212 532 2258 conspiratione
562 2212 598 2247 in
621 2213 712 2247 illum
736 2225 757 2248 a
779 2215 1010 2249 sacerdotibus
1042 2217 1158 2258 facta,
1197 2215 1234 2250 in
1256 2215 1436 2262 Daphnaei
1458 2216 1622 2260 Apollinis
1643 2220 1731 2250 tem-

276 2259 373 2305 plum
396 2259 568 2303 relegatus
591 2264 662 2293 est:
701 2264 741 2293 ut
764 2260 822 2304 qui
854 2260 1058 2295 effaeminati
1083 2265 1171 2297 esset
1194 2261 1306 2296 animi.
1355 2262 1434 2296 Plus
1457 2261 1539 2297 satis
1561 2262 1647 2296 enim
1670 2270 1731 2294 cu-

282 2303 373 2338 riose
395 2304 602 2346 rimabatur,
636 2315 703 2349 quo
727 2310 831 2349 pacto
854 2305 1001 2339 faemina
1023 2319 1065 2340 ex
1088 2306 1187 2341 maris
1210 2306 1391 2342 concubitu
1414 2306 1603 2352 concipiat:
1645 2316 1731 2351 quo-

283 2349 383 2384 modo
414 2350 494 2384 item
515 2349 589 2383 fieri
613 2349 746 2394 potuit,
777 2355 816 2384 ut
845 2350 1014 2395 sanguinis
1036 2356 1159 2387 natura
1189 2352 1224 2386 in
1248 2364 1344 2394 ossa,
1374 2364 1510 2395 carnes,
1542 2363 1662 2393 venas,
1695 2353 1732 2384 et

284 2406 424 2436 nervos,
458 2395 494 2428 in
516 2394 711 2440 sanguinem
735 2395 882 2440 denique
903 2397 1010 2441 ipsum
1033 2397 1274 2439 distribuatur3
1316 2403 1352 2432 et
1375 2409 1516 2442 quonam
1539 2397 1635 2431 modo
1654 2396 1731 2430 foe-

284 2443 339 2474 tus
361 2439 396 2474 in
417 2443 518 2475 utero
542 2440 639 2474 vivus
662 2440 879 2482 efformetm,
904 2447 939 2476 et
959 2441 995 2475 in
1018 2442 1123 2476 lucem
1146 2443 1302 2487 prodeat.
1349 2442 1459 2476 Sicuti
1483 2443 1526 2476 de
1549 2454 1590 2476 eo
1615 2440 1731 2486 prodi-

286 2486 339 2519 dit
360 2485 619 2531 sapientissimus
644 2485 843 2531 Cephalion.
889 2486 1029 2521 Poetice
1052 2487 1138 2521 enim
1161 2488 1204 2521 de
1227 2500 1267 2522 eo
1290 2488 1420 2522 locutus
1443 2491 1493 2522 est
1514 2486 1549 2520 in
1572 2488 1732 2521 Dramate

286 2542 345 2564 suo
369 2530 629 2576 sapientissimus
653 2531 858 2577 Sophocles:
889 2543 1010 2577 nempe
1033 2531 1220 2574 Tiresiam,
1255 2533 1444 2567 Minervam
1466 2533 1633 2566 lavantem
1659 2543 1733 2565 cum

284 2575 440 2619 vidisset,
470 2577 507 2610 in
528 2577 701 2611 mulierem
725 2588 918 2611 conversum
941 2577 1051 2612 fuisse.
1099 2578 1169 2611 Sed
1193 2582 1230 2612 et
1252 2578 1365 2620 addit,
1401 2578 1540 2612 eundem
1564 2578 1732 2612 Tiresiam

286 2621 412 2654 Summi
445 2622 587 2666 Opificis
616 2622 815 2668 sapientiam
844 2622 985 2656 sollicite
1007 2622 1206 2666 indagasse;
1246 2635 1344 2667 quam
1374 2626 1486 2657 tamen
1509 2623 1641 2668 assequi
1663 2633 1732 2658 non

286 2666 420 2711 potuit:
455 2668 544 2701 unde
568 2671 603 2701 et
625 2668 810 2713 Sophocles
831 2667 924 2713 ipse,
961 2669 996 2701 in
1018 2667 1152 2713 scriptis
1174 2667 1258 2708 suis,
1294 2668 1359 2702 ista
1383 2680 1444 2713 pro
1468 2669 1556 2703 veris
1580 2668 1734 2714 protulit.

289 2712 352 2744 Est
367 2723 454 2745 unus
472 2714 584 2754 Deus,
610 2714 675 2756 Qui
695 2714 788 2747 Coeli
803 2714 995 2747 machinam
1012 2714 1140 2758 solique
1157 2714 1331 2754 condidit3
1364 2715 1527 2748 caerulea
1542 2715 1643 2759 ponti
1662 2719 1731 2748 ter-

289 2767 361 2801 ga,
393 2761 428 2790 et
448 2757 622 2800 infraenes
643 2759 770 2793 Notos.-
801 2762 847 2793 At
863 2771 924 2793 nos
942 2759 1082 2799 miselli,
1113 2764 1252 2804 pectore
1273 2765 1424 2793 errantes
1442 2772 1554 2804 vago,
1580 2759 1731 2794 calami-

289 2806 400 2836 tatum
410 2803 574 2846 finximus
590 2805 737 2846 solatia,
769 2805 912 2840 Formas
932 2806 1078 2840 Deorum
1097 2815 1234 2847 saxeas,
1267 2805 1423 2851 ligneas,
1457 2807 1591 2841 Aurove
1611 2806 1732 2840 ductas
