1838 3230
282 182 379 230 130
679 175 973 220 [OANNIS
1000 177 1342 235 MALALAE

278 294 494 354 φεύγοντες
521 293 662 339 ἔπεσον
689 296 744 345 εἷς
771 295 844 339 τὸν
869 293 1143 354 Σκάμανδρον
1167 296 1351 353 ποταμὸν
1377 298 1521 341 πολλοὶ
1540 297 1608 341 καὶ
1624 295 1738 342 ἀπώ-

279 370 399 408 λοντο
411 397 424 418 ,
463 366 530 407 καὶ
551 366 694 416 ζῶντες
710 364 755 406 δὲ
773 366 940 421 φανεροὶ
963 363 1219 422 ἐλήφθησαν.
1291 366 1451 423 ἀναιρεῖ
1469 367 1514 409 δέ
1539 365 1741 421 Ἀχιλλεὺς

225 442 257 476 D
282 434 378 483 τούς
405 430 601 489 Πριάμου
626 433 798 485 παῖδας,
839 433 1025 489 Τρωίλον
1049 436 1115 476 καὶ
1132 431 1358 488 Λυκάονα,
1394 434 1493 484 τοὺς
1510 435 1554 477 δὲ
1574 434 1740 485 λοιποὺς

276 501 394 557 ἡμεῖς
413 502 451 544 οἳ
476 501 645 555 Ἀχαιοί.
715 501 781 542 καὶ
802 500 906 556 μέγα
922 501 1075 552 πένθος
1092 502 1134 545 ἓν
1152 507 1211 562 τῷ
1225 502 1331 562 Ἰλίῳ
1346 503 1437 561 περὶ
1460 504 1645 560 Τρωίλον
1661 497 1736 558 ἦν·

277 566 327 625 ἦν
347 570 425 627 γὰρ
444 568 502 611 ἔτι
520 567 608 618 νέος
626 569 692 610 καὶ
715 575 893 623 γενναῖος
913 571 981 612 καὶ
1004 568 1164 626 ὡραῖος.
1749 579 1772 615 5

379 636 504 680 Mer&
535 636 583 678 δέ
609 652 722 686 τινας
751 634 906 692 ἡμέρας
931 638 1133 681 ἐνίσταται
1151 636 1176 694 ἦ
1194 642 1276 681 τῶν
1297 635 1581 695 ἀναθημάτων
1600 635 1736 695 ἑορτή,

277 707 346 748 καὶ
370 704 496 759 ἀνοχὴ
519 704 653 760 γέγονε
674 708 749 747 τοῦ
773 703 950 760 πόλεμον
961 739 975 759 ,
1011 711 1172 750 θυσιῶν
1192 708 1436 762 γενομένων,
1471 705 1663 750 θυόντων
1680 710 1739 765 τῷ

132 778 165 811 Ο
191 777 257 813 165
285 773 483 831 Θυμβρίῳ
502 770 727 815 Ἀπόλλωνι
756 773 797 816 ἒν
817 778 875 832 τῷ
908 773 1020 818 ἄλσει
1042 779 1101 832 τῷ
1123 774 1202 818 ἀπὸ
1220 779 1367 831 μικροῦ
1389 774 1474 818 ὄντι
1494 779 1567 829 τῆς
1588 770 1743 825 πόλεως

278 846 360 884 τῶν
381 843 562 884 Δαναῶν
594 843 661 883 καὶ
681 844 763 883 τῶν
787 840 955 898 Τρώων.
1023 845 1089 885 καὶ
1115 841 1360 898 ἐξελθούσης
1380 843 1616 898 Πολυξένης
1637 842 1740 897 μετὰ

275 907 450 964 Ἑκάβης
490 911 547 959 εἷς
586 909 633 951 τὸ
675 909 781 965 ἱερὸν
819 909 1023 964 Ἀχιλλεὺς
1059 909 1215 966 ταύτην
1254 909 1489 965 ἐθαύμασεν
1534 909 1736 968 ἑωρακώς.
1752 917 1796 951 10

278 978 472 1034 Πρίαμος
502 978 546 1019 δὲ
573 975 763 1034 ἑωρακώς
792 978 862 1021 τὸν
886 978 1090 1032 Ἀχιλλέα,
1127 979 1271 1033 πέμπει
1288 980 1380 1022 τινὰ
1405 979 1553 1022 Ἰδαῖον
1571 977 1739 1034 ὄνόματι

227 1053 260 1087 Ε
283 1045 386 1103 πρὸς
419 1044 544 1087 αὐτὸν
572 1043 717 1100 λόγους
747 1045 924 1103 φέροντα
945 1048 1035 1103 περὶ
1061 1051 1137 1102 τῆς
1156 1047 1390 1102 Πολυξένης
1423 1048 1466 1089 ἐν
1493 1051 1552 1105 τῷ
1579 1047 1740 1090 ἀναπα-

278 1120 362 1157 τεΐν
382 1113 453 1156 τὸν
475 1112 657 1167 Ἀχιλλέα
682 1114 723 1155 ἒν
742 1119 800 1172 τῷ
822 1113 934 1157 ἄλσει
954 1119 1028 1158 τοῦ
1042 1113 1295 1165 Ἀπόλλωνος
1312 1113 1452 1170 μόνον.
1523 1115 1589 1158 καὶ
1616 1113 1741 1158 ἀκού-

278 1196 358 1231 σας
386 1180 409 1223 ὃ
431 1181 632 1235 Ἀχιλλεὺς
662 1181 732 1224 τὸν
760 1183 850 1238 περὶ
879 1182 1006 1238 αὐτῆς
1043 1181 1161 1239 λόγον
1195 1182 1389 1241 ἀνήφθη·
1435 1181 1658 1239 ἑωρακότες
1696 1184 1742 1226 δὲ

279 1248 395 1305 ἡμεῖς
420 1249 458 1292 οἶ
482 1248 671 1304 Ἓλληνες
702 1249 773 1292 τὸν
798 1250 946 1293 Ἰδαῖον
979 1250 1184 1304 ἰδιάζοντα
1211 1257 1269 1310 τῷ
1292 1251 1468 1306 Ἀχιλλεῖ
1496 1253 1538 1294 ἐν
1565 1249 1739 1310 θορύβῳ
1752 1257 1797 1293 15

280 1321 420 1375 πολλῷ
455 1315 698 1372 ἐγενόμεθα,
747 1316 802 1367 ὥς
830 1323 903 1361 τοῦ
937 1323 1012 1362 σοῦ’
1041 1320 1200 1375 γενέτου
1235 1319 1445 1375 Ἀχιλλέως
1473 1318 1741 1377 προδιδόντος

278 1384 401 1441 ἡμᾶς.
472 1387 538 1428 καὶ
568 1385 806 1440 ἐπέμψαμεν
835 1387 937 1442 πρὸς
969 1387 1095 1430 αὐτὸν
1123 1385 1337 1445 ἀπόκρισιν
1364 1388 1433 1430 διὰ
1461 1392 1535 1431 τοῦ
1557 1387 1739 1444 ἀδελφοῦ

278 1471 360 1508 μου
378 1452 563 1503 Αἴαντος
585 1455 652 1496 καὶ
671 1452 909 1510 Διομήδους
929 1457 996 1497 καὶ
1013 1455 1262 1508 Ὀδυσσέως,
1297 1456 1368 1499 ’ίνα
1390 1455 1501 1513 αὐτῷ
1522 1456 1740 1512 παραγγεί-

280 1526 380 1565 λωσι
397 1522 454 1577 μὴ
473 1521 645 1579 θαῤῥεῖν
667 1520 812 1566 ἑαυτὸν
840 1529 926 1572 τοῖς
943 1522 1171 1581 βαρβάροις
1185 1522 1324 1578 μόνον.
1397 1524 1435 1567 οἳ
1463 1524 1508 1566 δὲ
1532 1522 1740 1567 ἀπελθόν-

280 1607 345 1640 τες
361 1589 609 1647 περιέμειναν
630 1589 754 1632 αὐτὸν
774 1589 850 1641 ἔξω
870 1595 943 1634 τοῦ
964 1590 1128 1645 ἄλσους,
1163 1594 1233 1635 ἵνα
1252 1592 1362 1651 αὐτῷ
1381 1591 1519 1635 εἴπωσι
1536 1591 1613 1648 τὴν
1633 1590 1795 1636 ἀπό-20

163 1649 259 1701 V&
283 1675 423 1715 κρισιν.
493 1655 514 1700 ὅ
540 1658 585 1700 δὲ
602 1658 673 1708 σός
691 1659 826 1715 πατὴρ
842 1658 1043 1714 Ἀχιλλεὺς
1060 1658 1328 1703 συντάσσεται
1347 1664 1404 1718 τῷ
1421 1660 1555 1719 Ἰδαίῳ
1575 1658 1741 1715 λαμβά-

277 1743 359 1770 νειν
377 1726 614 1782 Πολυξένην
633 1726 736 1783 πρὸς
756 1725 898 1783 γάμον.
969 1730 1036 1770 καὶ
1052 1728 1138 1783 μετ’
1164 1728 1298 1784 ὀλίγον
1320 1726 1341 1771 ὅ
1363 1726 1502 1785 Πάρις
1523 1729 1738 1785 παραγίνε-

368 1833 403 1879 4,
440 1832 567 1869 Addidi
588 1834 680 1880 prius
703 1829 761 1880 ἦν.
873 1831 914 1871 7.'
941 1833 1055 1882 ἆυοχή
1080 1840 1116 1871 et
1139 1847 1216 1873 mox
1238 1834 1313 1872 ἀπὸ
1337 1836 1413 1878 Ch.‚
1437 1833 1560 1882 ἄνωχὴ
1584 1856 1630 1862 —
1653 1833 1740 1872 οἷπιιῖ

369 1881 440 1915 Ox.
488 1877 658 1925 ἀνακωχὴ
680 1881 828 1916 deterius
851 1881 1008 1928 Toupius
1031 1883 1171 1918 Emend.
1195 1883 1230 1917 in
1253 1883 1402 1928 Hesych.
1427 1883 1494 1917 vol.
1518 1883 1564 1917 11.
1598 1894 1632 1928 p.
1656 1884 1735 1918 390.

372 1928 427 1960 11.
467 1924 599 1970 πέμπει
624 1926 708 1967 Ch.‚
748 1926 939 1972 πέμποντα
964 1929 1031 1963 Ox.
1156 1930 1210 1965 13.
1250 1928 1368 1974 μόνον
1397 1928 1484 1970 Ch.‚
1520 1927 1633 1973 μένον
1666 1929 1736 1964 Ox.

372 1973 428 2006 18.
454 1971 645 2016 Λιμήδους
667 1973 734 2006 Ox.

280 2060 456 2095 mandrum
476 2061 619 2096 fluvium
641 2061 790 2108 delapsi,
813 2062 1039 2106 interierunt;
1061 2063 1195 2110 plurimi
1218 2064 1321 2099 etiam
1341 2063 1414 2099 vivi
1436 2064 1529 2109 capti
1550 2068 1641 2100 sunt.
1688 2064 1737 2099 At

281 2117 364 2140 vero
387 2106 513 2140 Priami
535 2107 619 2148 filii,
658 2108 795 2142 Troilus
819 2113 854 2143 et
877 2110 1036 2154 Lycaon,
1068 2110 1207 2144 Achillis
1230 2121 1329 2145 manu
1352 2109 1568 2145 ceciderunt:
1613 2109 1736 2155 reliqui

281 2163 304 2186 a
326 2151 423 2185 nobis
443 2151 628 2187 interfecti.
674 2153 796 2197 Ingens
820 2158 931 2189 autem
955 2156 1137 2200 Trojanis‚
1169 2156 1284 2190 Troili
1305 2156 1348 2190 ob
1372 2167 1503 2197 casum,
1540 2156 1650 2190 luctus
1681 2156 1736 2189 in-

281 2196 408 2238 cessit3
439 2201 478 2231 ut
510 2198 567 2243 qui
594 2199 727 2242 juvenis
761 2199 936 2234 admodum
958 2201 1136 2246 magnique
1159 2200 1260 2235 animi
1282 2201 1350 2236 fuit
1371 2206 1408 2236 et
1430 2202 1560 2236 formae
1582 2201 1735 2236 eximiae.

372 2243 459 2277 Post
481 2242 612 2287 aliquot
633 2255 714 2278 vero
739 2244 810 2278 dies
833 2245 956 2280 bellum
981 2247 1204 2281 intermissum
1227 2250 1279 2282 est
1300 2246 1480 2292 utrinque3
1515 2248 1559 2282 ob
1582 2247 1736 2280 Anathe-

282 2290 430 2329 matum,
460 2289 551 2333 quod
570 2288 780 2331 imminebat,
812 2291 951 2324 festum:
985 2303 1053 2335 quo
1086 2292 1217 2327 Graeci
1239 2292 1370 2338 pariter
1392 2304 1432 2327 ac
1456 2292 1603 2336 Trojani
1623 2292 1659 2325 in
1681 2292 1735 2325 lu·-

284 2345 346 2375 co,
381 2333 438 2378 qui
460 2345 570 2380 prope
591 2335 710 2369 aberat
733 2335 776 2368 ab
800 2336 906 2376 urbe,
939 2336 1087 2381 Apollini
1109 2338 1299 2382 Thymbrio
1321 2349 1419 2372 sacra
1436 2338 1620 2372 faciebant.
1664 2337 1735 2371 Po-

281 2379 436 2423 lyxenam
459 2379 528 2421 ibi,
559 2380 717 2426 templum
739 2391 807 2414 una
830 2393 902 2415 cum
925 2381 1066 2416 Hecuba
1088 2381 1351 2427 ingredientem,
1383 2383 1595 2426 conspicatus
1617 2381 1736 2416 Achil-

282 2424 353 2466 les,
387 2425 528 2459 formam
560 2426 632 2469 ejus
669 2426 857 2470 obstupuit.
905 2426 1032 2460 Videns
1065 2433 1175 2462 autem
1198 2429 1350 2463 Priamus
1373 2427 1554 2469 Achillem,
1587 2428 1647 2472 qui
1669 2439 1735 2473 per

279 2469 390 2504 lucum
424 2471 512 2505 solus
544 2471 802 2512 obambulabat3
834 2471 969 2506 Idaeum
1000 2473 1167 2516 quendam
1199 2474 1309 2515 misit,
1338 2472 1398 2518 qui
1430 2484 1504 2506 cum
1529 2473 1658 2508 Achille
1689 2473 1734 2508 de

280 2514 459 2559 Polyxena
480 2527 648 2551 semones
670 2517 823 2551 haberet.
868 2517 1014 2551 Achilles
1039 2522 1167 2559 autem,
1194 2518 1289 2553 Idaei
1310 2517 1465 2552 nuncium
1488 2517 1548 2552 ubi
1572 2518 1733 2559 audisset,

281 2559 478 2604 Polyxenae
501 2573 614 2596 amore
637 2573 794 2597 accensus
817 2565 885 2596 est:
908 2563 981 2597 Nos
1006 2565 1115 2597 autem
1133 2563 1271 2597 Idaeum
1292 2564 1506 2598 observantes
1526 2575 1600 2598 cum
1618 2563 1733 2598 Achil-

282 2604 315 2638 le
337 2611 467 2641 secreto
491 2611 664 2652 agentem,
689 2608 879 2643 conturbati
901 2607 1036 2650 animis,
1068 2619 1088 2642 a
1111 2613 1252 2653 parente
1275 2613 1334 2643 tuo
1359 2608 1455 2644 nobis
1476 2613 1629 2644 metuere
1651 2620 1731 2643 coe-

283 2650 411 2694 pimus3
434 2664 477 2686 ne
499 2655 591 2687 forte
612 2653 834 2698 proditionem
856 2653 1015 2698 agitaret.
1060 2653 1156 2687 Missi
1178 2658 1254 2689 sunt
1275 2653 1395 2699 igitur,
1419 2666 1494 2689 cum
1516 2655 1626 2689 fratre
1643 2666 1730 2696 meo,

282 2695 461 2732 Diomedes
484 2701 520 2732 et
542 2698 687 2740 Ulisses‚
723 2699 782 2745 qui
809 2699 987 2734 innuerent
1009 2698 1059 2741 ei,
1094 2711 1137 2733 ne
1157 2699 1209 2734 ita
1229 2699 1376 2734 fidenter
1397 2712 1434 2735 se
1456 2699 1615 2734 Barbaris
1639 2711 1730 2734 com-

282 2741 432 2776 mitteret
463 2744 579 2778 solum.
624 2744 681 2778 Illi
708 2748 822 2780 autem
854 2746 1035 2786 abeuntes,
1070 2745 1248 2780 adventum
1272 2746 1345 2790 ejus
1368 2757 1411 2780 ex
1432 2746 1510 2780 luco
1541 2745 1731 2791 praestola-

283 2786 427 2830 bantur,
459 2789 613 2824 nuncium
633 2789 714 2824 illud
739 2790 771 2825 ei
795 2790 943 2825 allaturi.
988 2790 1126 2825 Interim
1147 2796 1247 2837 pater
1268 2796 1343 2825 tuus
1366 2791 1513 2826 Achilles
1533 2790 1729 2836 promissum

284 2830 447 2875 dederat,
470 2834 514 2870 de
535 2834 709 2881 Polyxena
731 2835 902 2873 ducenda:
935 2835 989 2872 cui
1011 2836 1111 2883 paulo
1135 2837 1236 2872 etiam
1258 2841 1358 2884 post,
1381 2836 1498 2881 Paris,
1521 2847 1597 2872 cum
1618 2836 1728 2870 fratre
