1838 3230
301 172 399 221 438
695 168 974 212 IOANNIS
1003 169 1347 232 MALALAE·

299 284 634 336 Κωνσταντίολος
656 284 677 329 5
703 285 956 346 Φλωρεντίου
998 284 1279 343 στρατηλάτης
1306 291 1381 343 τῆς
1411 289 1595 339 Μυσίας.
1662 291 1730 333 καὶ

300 349 432 409 ἦλθον
468 354 506 396 οἶ
538 348 682 396 Οὗννοι
710 352 991 409 πραιδεῦοντες
1018 355 1091 404 ἕως
1119 359 1194 410 τῆς
1227 353 1414 416 Θρᾴκης·
1458 358 1524 399 καὶ
1557 357 1732 407 ἐξελθὼν

302 420 389 464 κατ’
420 420 555 463 αὐτῶν
575 419 595 462 5
619 419 900 476 στρατηλάτης
923 424 1256 472 Κωνσταντίολος
1298 425 1364 465 καὶ
1396 427 1436 466 Γ
1433 425 1570 473 οδιλᾶς
1610 425 1678 466 καὶ
1707 421 1731 466 5

301 492 376 531 τοῦ
398 487 618 542 Ἰλλυρικοῦ
651 486 931 544 στρατηλάτης
959 489 1135 543 Ἀσκοῦμ
1174 488 1195 532 5
1230 484 1407 544 Οῧννος,
1445 490 1491 534 ὃν
1521 490 1683 542 ἐδέξατο
1709 488 1732 533 5

301 555 492 611 βασιλεὺς
516 555 796 605 Ἰουστινιανὸς
813 557 854 598 ἕν
882 554 980 614 ἁγίῳ
1019 558 1292 611 βαπτίσματι,
1337 560 1403 600 καὶ
1428 557 1766 613 μεσολαβηθέιμό

251 631 285 664 Ε
308 639 389 666 των
406 626 488 665 τῶν
510 621 674 666 Οῧννων
694 624 734 666 ἐν
746 627 808 682 τῷ
826 624 1002 681 πολέμῳ,
1025 626 1091 666 καὶ
1109 629 1266 667 πολλῶν
1285 626 1327 675 ἐξ
1344 625 1479 668 αὐτῶν
1495 623 1734 678 πιπτόντων,

303 690 502 746 ἀπέφυγεν
522 688 546 744 ἦ
568 692 721 745 πραΐδα
743 695 869 743 πᾶσα,
908 693 973 733 καὶ
994 691 1170 746 ἐγένοντο
1190 690 1378 746 Ῥω,ιιαΐοι
1402 693 1735 750 ἐπικρατέστεροι,

303 755 570 813 φονεύσαντες
588 760 653 800 καὶ
672 753 766 807 τοὺς
786 756 859 801 δύο
882 757 1019 815 ῥῆγας.
1089 761 1154 802 καὶ
1178 758 1232 808 ὥς
1250 759 1583 817 ὖποστρέφουσιν,
1605 758 1736 815 ὖπην-

302 822 495 879 τήθησαν
515 822 594 867 ὖπὸ
615 825 747 868 ἄλλων
770 825 956 868 Οῧννων·
992 827 1058 869 καὶ
1085 825 1360 881 συμβαλόντες
1388 827 1466 870 ἀπὸ
1484 826 1632 880 κόπου,
1669 828 1737 870 καὶ

303 892 587 948 ἀσθενέστεροι
606 892 717 943 ὄντες
745 893 783 936 οἳ
813 891 1020 947 Ῥωμαίων
1040 895 1270 951 στρατηγοί,
1300 895 1478 938 δέδωκαν
1497 899 1639 938 ταῦτα’·
1669 896 1735 937 καὶ
1747 899 1791 933 10

305 958 624 1011 καταδιώξαντες
659 961 698 1003 οἳ
733 955 877 1003 Οὗννοι
920 960 1135 1004 ἕσόκευσαν
1174 960 1393 1018 φεύγοντας
1426 963 1522 1012 τοὺς
1546 959 1738 1018 ἐξάρχους

301 1025 519 1080 Ῥωμαίων.
573 1030 640 1070 καὶ
660 1026 680 1069 5
699 1029 772 1082 μὲν
791 1032 830 1070 Γ
828 1031 965 1078 οδιλᾶς
999 1027 1240 1079 ἀποσπάσας
1267 1029 1313 1071 τὸ
1344 1029 1446 1072 ἴδιον
1478 1031 1593 1087 ξίφος
1616 1029 1738 1083 ἔκοψε

186 1102 218 1136 V
240 1102 286 1137 59
308 1093 379 1136 τὸν
397 1092 518 1137 σόκον
539 1097 603 1136 καὶ
624 1096 830 1150 ἓξείλησεν,
901 1094 922 1138 5
953 1097 997 1138 δὲ
1024 1097 1355 1146 Κωνσταντίολος
1381 1097 1534 1153 ἠνέχθη
1565 1096 1644 1140 ἀπὸ
1665 1099 1738 1138 τοῦ

301 1162 427 1204 *ἵππου
446 1163 509 1203 ἐπὶ
527 1162 572 1204 τὸ
592 1162 762 1218 ἔδαφος·
799 1165 865 1204 καὶ
886 1161 906 1205 5
929 1163 1103 1218 Ἀσκοῦμ
1125 1165 1168 1206 δὲ
1186 1163 1434 1220 συνελήφθη.
1502 1166 1568 1207 καὶ
1587 1161 1738 1218 λαβόν-

305 1245 371 1278 τες
395 1228 491 1278 τοὺς
522 1227 594 1271 δύο
626 1228 927 1284 αἰχμαλώτους,
964 1231 1033 1273 τὸν
1058 1233 1131 1285 μὲν
1160 1233 1494 1275 Κωνσταντίολον
1521 1231 1736 1283 ἀνέδωκαν,
1749 1234 1791 1269 15

306 1293 499 1349 λαβόντες
526 1297 636 1350 παρὰ
667 1301 739 1338 τοῦ
764 1298 962 1350 βασιλέως
997 1297 1203 1352 Ῥωμαίων
1233 1300 1463 1353 νομίσματα
1488 1297 1638 1356 μύρια,
1673 1299 1740 1340 καὶ

306 1362 483 1417 ἀνῆλθεν
509 1364 550 1405 ἓν
577 1363 1024 1407 Κωνσταντινουπόῖει·
1092 1367 1163 1408 τὸν
1191 1367 1236 1407 δὲ
1268 1366 1445 1420 Ἀσκούμ
1483 1367 1553 1409 τὸν
1587 1361 1740 1408 Οὗννον

307 1427 578 1485 κρατήσαντες
612 1429 867 1487 ἀνεχώρησαν
898 1432 961 1473 ἐπὶ
999 1432 1072 1486 τὴν
1102 1431 1241 1488 χώραν
1268 1433 1401 1475 αὐτῶν
1433 1434 1535 1486 μετὰ
1567 1435 1633 1475 καὶ
1664 1432 1739 1474 ἄλ-

308 1501 390 1539 λων
426 1501 584 1540 πολλῶν
615 1497 902 1552 αῗχμαλώτων·
946 1501 1012 1542 καὶ
1046 1497 1242 1556 εἲρήνευσε
1280 1499 1420 1542 λοιπὸν
1454 1500 1508 1542 τὰ
1556 1498 1739 1559 Θρᾳκικὰ

306 1563 423 1621 μέρη.
1747 1571 1794 1605 20

165 1636 198 1671 O
221 1636 286 1673 171
406 1631 473 1673 Ἐν
499 1630 609 1689 αὐτῷ
638 1633 682 1674 δὲ
712 1637 770 1690 τῷ
804 1630 938 1691 χρόνῳ
975 1630 1238 1689 ἧγανακτήθη
1271 1631 1292 1675 5
1322 1634 1528 1689 πατρίκιος
1553 1632 1736 1690 Πρόβος,

310 1696 421 1748 ὅστις
446 1699 635 1754 συγγενὴς
668 1695 719 1754 ’ἦν
746 1700 1007 1743 Ἀναστασίου
1047 1705 1120 1743 τοῦ
1145 1700 1364 1754 βασιλέως,
1411 1699 1466 1750 ὥς
1500 1701 1741 1757 λοιδορήσας

309 1765 381 1809 τὸν
398 1766 520 1809 αὐτὸν
541 1768 710 1820 βασιλέα
729 1766 1021 1811 Ἰουστινιανόν.
1091 1770 1158 1810 καὶ
1184 1769 1394 1824 γενομένου
1419 1770 1611 1811 σιλεντίου
1638 1786 1739 1823 κομ-

399 1888 454 1921 10.
490 1885 645 1930 δέδωκε]
681 1884 819 1932 ἔδωκαν
842 1886 905 1920 Ch.
951 1887 1106 1921 Debebat
1134 1885 1320 1929 δέδωκαν,
1344 1898 1432 1933 quae
1463 1887 1571 1922 forma
1591 1887 1684 1922 redit
1704 1898 1738 1932 p.

403 1933 460 1967 70.
483 1933 524 1965 Α.
615 1934 669 1967 11.
702 1929 916 1967 ἐσσόκευσαν
940 1933 1006 1966 Ox.

310 2040 376 2073 que
396 2029 431 2063 in
454 2031 527 2074 ejus
548 2032 656 2066 locum
687 2032 854 2077 Magister
875 2033 1020 2067 Militum
1042 2033 1078 2067 in
1098 2033 1210 2077 Mysia
1230 2033 1387 2068 suffectus
1410 2035 1461 2068 est
1482 2031 1738 2074 Constantinus,

309 2075 475 2109 Florentii
498 2076 594 2111 filius.
641 2077 820 2112 Caeterum
842 2084 1029 2122 grassantes
1049 2079 1181 2113 interim
1203 2078 1333 2120 Hunni,
1355 2078 1508 2122 regiones
1529 2077 1671 2122 undique
1695 2078 1739 2111 ad

311 2130 416 2164 usque
439 2120 619 2155 Thraciam
642 2123 838 2167 depraedati
863 2129 956 2158 sunt:
999 2123 1157 2157 adversus
1180 2135 1261 2167 quos
1285 2124 1410 2167 egressi
1429 2126 1504 2157 sunt
1524 2122 1739 2156 Constantio-

310 2164 362 2197 lus
386 2164 530 2199 Militum
564 2166 727 2209 Magister
758 2174 794 2201 et
816 2169 975 2210 Godilas‚
1018 2169 1208 2213 Illyricique
1239 2168 1405 2212 Magister
1435 2167 1575 2201 Militum
1605 2170 1736 2208 Ascum,

311 2209 464 2250 Hunnus,
491 2222 587 2254 quem
609 2211 808 2246 Justinianus
830 2214 1018 2258 Imperator
1039 2225 1059 2246 e
1080 2224 1175 2247 sacro
1195 2213 1408 2258 Baptismatis
1428 2212 1561 2246 lavacro
1584 2224 1740 2257 suscepe-

311 2259 377 2289 rat.
421 2255 614 2288 Hunnorum
639 2256 752 2301 itaque
775 2258 817 2290 ab
843 2258 892 2291 his
915 2258 1060 2303 undique
1081 2258 1285 2299 cinctorum,
1320 2257 1451 2303 plurimi
1470 2257 1506 2290 in
1528 2257 1657 2301 praelio
1681 2268 1739 2290 ce-

312 2299 484 2340 ciderunt3
519 2300 711 2345 praedaque
742 2302 844 2336 omnis
865 2303 995 2347 dilapsa
1017 2307 1083 2337 est:
1117 2304 1307 2347 Ducemque
1337 2313 1448 2336 eorum
1469 2307 1647 2346 utrumque
1668 2301 1740 2335 Ro-

310 2343 417 2386 mani,
452 2345 639 2389 superiores
663 2346 765 2387 facti,
799 2346 1051 2382 interfecerunt.
1111 2347 1306 2382 Reversuris
1336 2351 1444 2380 autem
1472 2358 1546 2380 cum
1578 2358 1667 2381 nova
1688 2346 1738 2380 vis

311 2390 505 2423 Hunnorum
526 2390 786 2434 supervenisset,
809 2392 950 2426 Romani
972 2393 1099 2433 Duces,
1118 2394 1255 2436 jamjam
1276 2391 1400 2425 viribus
1421 2391 1544 2432 lassati,
1569 2403 1632 2425 nec
1653 2391 1739 2425 alte-

310 2434 378 2467 rius
403 2434 521 2479 praelii
542 2435 697 2480 impetum
719 2436 776 2480 qui
799 2442 907 2470 essent
926 2438 1128 2478 sustinendo,
1150 2442 1248 2481 terga
1269 2436 1445 2470 dederunt.
1491 2436 1603 2470 Hunni
1622 2437 1738 2480 itaque

310 2478 474 2523 fugientes
496 2479 654 2522 insecuti,
689 2481 909 2515 Romanorum
941 2482 1050 2516 Duces
1072 2483 1199 2527 laqueis
1221 2481 1423 2525 implicantes
1454 2485 1628 2526 ceperunt.
1683 2481 1738 2514 Ex

310 2525 428 2567 quibus
461 2524 623 2566 Godilas,
661 2525 778 2560 stricto
807 2526 920 2570 gladio
952 2526 1106 2571 laqueum
1140 2526 1341 2566 discindens,
1383 2537 1425 2558 ex
1455 2525 1602 2560 manibus
1625 2536 1737 2559 eorum

310 2568 434 2610 evasit3
475 2570 734 2604 Constantiolum
755 2582 858 2612 vero,
894 2582 981 2614 equo
1005 2583 1192 2612 excussum,
1229 2572 1411 2613 Ascumque
1438 2571 1588 2615 captivos
1612 2571 1738 2604 habuc·-

309 2618 404 2646 runt:
441 2625 579 2657 quorum
609 2615 702 2649 illum
735 2616 899 2651 Romanus
923 2617 1108 2659 Imperator
1130 2628 1162 2649 x.
1196 2615 1342 2648 Millibus
1364 2626 1562 2649 nummorum
1584 2615 1735 2649 redemit.

308 2660 427 2692 Ascum
447 2670 529 2692 vero
552 2660 725 2702 Hunnum,
749 2673 819 2695 cum
842 2660 990 2705 pluribus
1013 2661 1084 2694 aliis
1106 2659 1299 2704 mancipiis,
1322 2661 1355 2693 in
1378 2660 1546 2705 regionem
1566 2671 1656 2694 suam
1678 2670 1736 2693 ca-

308 2702 435 2747 ptivum
458 2703 681 2739 abduxerunt.
727 2706 799 2740 Pax
821 2705 941 2739 deinde
964 2709 1038 2739 erat
1060 2706 1227 2738 Thracum
1251 2704 1441 2738 ditionibus.

398 2748 525 2781 Eodem
548 2749 620 2793 ipso
642 2754 792 2795 tempore
813 2750 938 2784 delatio
961 2751 996 2783 in
1016 2750 1159 2783 Probum
1183 2749 1384 2790 Patricium,
1416 2748 1625 2793 Imperatoris
1640 2747 1735 2781 Ana—

308 2791 399 2826 stasii
422 2798 611 2837 cognatum,
632 2795 784 2830 instituta
807 2799 877 2838 est3
911 2808 951 2830 eo
976 2794 1066 2840 quod
1087 2793 1305 2829 Justinianum
1326 2795 1564 2840 Imperatorem
1585 2790 1736 2827 convitiis
