1838 3230
295 170 395 218 206
694 165 989 211 IOANNIS
1019 170 1358 215 MALALAE

244 293 274 328 B
296 285 419 340 μαίου
429 317 442 338 ,
477 284 676 338 βασιλέως
697 282 936 341 Αἰγύπτου,
972 284 1076 330 διότι
1097 287 1190 343 τέλη
1217 287 1399 346 ἄπῄτησε
1418 291 1514 342 τοὺς
1532 291 1576 336 ἔκ
1590 297 1666 349 τῆς
1679 293 1747 339 ὑπ’

295 353 419 397 αὐτὸν
441 352 561 404 ὄντας
577 348 717 408 χώρας
730 353 966 404 Ἰουδαίους.
1032 360 1120 399 τῶν
1137 357 1214 414 γὰρ
1236 357 1371 402 αὐτῶν
1386 358 1595 404 Ἰουδαίων
1615 361 1662 404 ἐκ
1677 368 1751 418 τῆς

294 423 574 477 Παλαιστίνης
605 420 813 464 ἐλθόντων
843 423 885 465 ἓν
909 421 1126 484 Ἀντιοχείᾳ
1153 427 1219 467 καὶ
1251 426 1508 482 αἲτησάντων
1532 429 1604 472 τὸν
1623 429 1748 474 αὐτὸν

287 491 490 545 Ἀντίοχον
518 487 675 545 γράψαι
698 492 942 550 Πτολεμαίῳ
968 496 1027 552 τῷ
1048 497 1121 548 τῆς
1138 492 1353 550 Αἰγύπτου
1375 495 1561 554 τοπάρχῃ
1581 499 1647 540 καὶ
1666 503 1748 552 βα-

292 563 397 603 σιλεῖ
423 559 480 614 μὴ
512 558 694 600 ἀπαιτεῖν
722 559 873 609 αὐτοὺς
895 561 1009 610 τέλος
1045 565 1387 615 μετακομίζοντας
1414 572 1527 608 σῖτον
1557 567 1614 616 εἷς
1641 565 1779 611 ἄπο-5

290 627 450 683 τροφὰς
481 624 613 668 αὗτῶν
626 659 638 678 ,
675 625 851 682 μεγάλου
882 632 1001 682 λιμοῦ
1030 628 1120 672 τότε
1141 632 1354 685 γενομένου
1380 634 1421 675 ἒν
1444 638 1495 691 τῇ
1514 636 1748 678 Παλαιστί-

290 709 362 752 νῃ·
400 694 478 737 ἀπὸ
508 694 584 751 γὰρ
613 698 687 749 τῆς
717 697 999 751 Αἰγυπτιακῆς
1024 696 1164 754 χώρας
1180 698 1436 755 μετεκόμιζον
1454 709 1567 745 σῖτον
1587 703 1628 746 οἳ
1643 702 1747 746 'Iov-4

290 765 411 806 δαΐοι.
457 761 567 812 ὅστις
587 766 845 817 Πτολεμαῖος
865 762 1078 820 δεξάμενος
1095 766 1147 809 τὰ
1166 765 1386 823 γράμματα
1400 767 1606 831 Ἀντιόχου
1625 771 1746 816 πλέον

291 831 442 881 αὐτοὺς
461 832 660 874 ἐκέλευσεν
679 831 955 877 ἀπαιτεῖσθαι.
1025 836 1092 877 καὶ
1111 835 1250 879 λοιπὸν
1262 836 1465 893 Ἀντίοχος
1484 837 1506 882 ὃ
1523 838 1746 896 Ἐπιφανὴς

289 898 575 956 ἐπεστράτευσε
590 900 693 942 κατὰ
703 903 981 955 Πτολεμαίου,
1003 900 1106 946 διότι
1127 903 1199 945 οὐκ
1218 904 1387 961 ἐπείσθη
1407 913 1493 956 τοῖς
1509 905 1743 963 γράμμασιν
1754 915 1798 951 10

290 969 418 1011 αὐτοῦ
432 982 441 991 ·
478 970 544 1010 καὶ
566 973 776 1024 συμβολῆς
794 971 1005 1026 γενομένης
1023 971 1174 1024 μεταξὺ
1193 971 1329 1015 αὐτῶν
1350 973 1463 1017 ἔπεσε
1485 979 1648 1031 πλῆθος
1668 981 1743 1020 τοῦ

236 1049 266 1083 c
290 1037 417 1080 αὐτοῦ
430 1034 636 1091 Ἀντιόχου
654 1035 781 1090 πολύ,
818 1040 884 1080 καὶ
902 1038 1039 1095 φυγών
1060 1039 1245 1094 ἀπῆλθεν
1263 1042 1325 1083 ἐπὶ
1341 1041 1386 1084 τὸ
1407 1044 1575 1096 λίμιτον.
1643 1048 1743 1088 τοῦ·

289 1123 336 1148 το
369 1106 413 1147 δὲ
441 1103 599 1160 γνόντες
631 1105 670 1147 οἳ
706 1110 780 1160 τῆς
805 1104 1069 1162 Ἰερουσαλὴμ
1095 1107 1308 1161 Ἰουδαῖοι,
1355 1108 1518 1164 ἐξάψεις
1549 1111 1742 1168 ἐποίησαν

287 1173 389 1230 πρὸς
403 1171 523 1229 χάριν
541 1177 614 1215 τοῦ
631 1176 893 1228 Πτολεμαίου
906 1207 917 1226 ,
952 1178 1191 1229 νομίσαντες
1217 1175 1410 1220 τεθνάναι
1431 1179 1502 1222 τὸν
1522 1179 1739 1236 Ἀντίοχον,

287 1241 458 1290 ἑαυτοὺς
477 1242 805 1297 παρατιθέμενοι.
845 1241 865 1285 ὅ
887 1243 931 1285 δὲ
941 1243 1144 1298 Ἀντίοχος
1164 1243 1184 1287 ὅ
1201 1245 1422 1303 Ἐπιφανὴς
1440 1246 1616 1299 συνάξας
1633 1253 1738 1304 πλῆ-
1751 1257 1794 1293 15

286 1315 391 1362 θος,
429 1310 619 1366 ἓπέρῥιψε
639 1314 697 1368 τῷ
719 1313 965 1369 Πτολεμαίῳ
987 1314 1054 1353 καὶ
1072 1311 1284 1368 ἐφόνευσεν
1304 1314 1426 1357 αὐτὸν
1451 1314 1586 1370 κόψας
1603 1319 1669 1359 καὶ
1687 1317 1739 1360 τὰ

287 1376 427 1433 πλήθη
451 1378 591 1420 αὐτοῦ.
662 1380 727 1420 καὶ
747 1379 866 1433 γνοὺς
887 1381 975 1436 περὶ
999 1384 1079 1422 τῶν
1097 1380 1305 1424 Ἰουδαίων
1325 1387 1397 1437 τῆς
1408 1381 1671 1439 Ἰερουσαλὴμ
1688 1385 1736 1428 τό

281 1447 324 1489 τί
344 1446 556 1503 πέπραχαν
577 1445 661 1488 κατ’
689 1446 816 1488 αὐτοῦ
826 1480 839 1499 ,
879 1445 933 1497 ὥς
953 1448 1214 1504 συγχαρέντες
1236 1454 1286 1506 τῇ
1308 1450 1434 1493 αὐτοῦ
1456 1451 1573 1509 ἥττῃ,
1609 1451 1736 1495 ὡπλί-

140 1529 172 1563 0
196 1526 265 1564 264
288 1531 390 1557 σατο
419 1514 523 1556 κατὰ
550 1518 623 1568 τῆς
649 1511 933 1570 Ἰερουσαλήμ·
970 1518 1036 1558 καὶ
1069 1516 1340 1573 πολιορκήσας
1369 1518 1496 1573 αὐτὴν
1517 1521 1735 1576 ἐπολέμησε

280 1585 348 1626 καὶ
369 1582 596 1638 παρέλαβεν
617 1581 744 1638 αὐτὴν
764 1585 830 1625 καὶ
849 1585 1073 1640 κατέσφαξε
1094 1583 1266 1635 πάντας·
1300 1586 1371 1629 τὸν
1396 1589 1440 1629 δὲ
1454 1586 1642 1644 Ἐλεάζαρ
1661 1588 1732 1631 τὸν
1743 1597 1791 1633 20

280 1651 465 1707 ἀρχιερέα
484 1654 565 1693 τῶν
584 1649 792 1693 Ἰουδαίων
813 1653 879 1693 καὶ
899 1652 994 1701 τοὺς
1015 1656 1257 1706 Μακκαβεῖς
1283 1655 1324 1696 ἓν
1337 1655 1556 1715 Ἀντιοχείᾳ
1575 1655 1737 1713 ἀγαγὼν

279 1718 458 1769 κολάσας
478 1716 678 1775 ἐφόνευσε.
747 1721 812 1761 καὶ
835 1724 997 1779 καθεῖλε
1020 1720 1093 1774 τὴν
1118 1720 1416 1778 ἀρχιερωσύνην
1433 1727 1506 1778 τῆς
1517 1723 1733 1778 Ἰουδαίας,

227 1800 259 1834 D
284 1789 350 1831 καὶ
389 1787 436 1831 τὸ
473 1785 600 1844 ἱερόν,
638 1791 907 1842 Σολομῶντος
939 1787 1060 1842 ὄντα,
1101 1793 1184 1832 τῶν
1212 1790 1417 1834 Ἰουδαίων
1445 1792 1605 1848 ἐποίησε
1632 1793 1736 1843 Διὸς

371 1929 403 1963 6.
427 1929 536 1974 λιμοῦ
543 1929 556 1974 ]
581 1930 713 1974 λοιμοῦ
735 1929 799 1964 Ox.
894 1931 948 1966 12.
971 1928 1113 1977 λιμιτόν
1135 1931 1204 1966 Ox.
1296 1934 1351 1969 18.
1373 1929 1466 1980 ἥττᾳ
1489 1934 1555 1968 Ox.

280 2054 338 2099 εἰς
362 2065 402 2087 eo
425 2052 518 2098 quod
541 2064 561 2086 a
584 2053 739 2095 Judaeis‚
763 2065 870 2098 regno
894 2065 952 2088 suo
976 2054 1155 2098 subjectis,
1178 2054 1306 2090 tributa
1329 2055 1494 2101 exigeret.
1543 2056 1730 2092 Grassante

282 2099 369 2133 enim
392 2110 455 2145 per
477 2098 703 2133 Palaestinam
726 2101 814 2134 fame
837 2100 1000 2142 maxima,
1023 2101 1145 2135 Judaei
1169 2112 1210 2135 ex
1232 2102 1390 2146 Aegypto
1415 2103 1616 2137 frumentum
1638 2115 1729 2137 eme-

279 2157 319 2180 re
343 2143 455 2180 coacti
478 2148 565 2178 sunt.
614 2145 824 2179 Antiochiam
846 2145 965 2190 itaque
989 2147 1156 2191 profecti,
1193 2146 1392 2181 Antiochum
1415 2159 1529 2193 regem
1551 2153 1728 2183 exoratum

280 2191 489 2231 habuerunt,
522 2188 574 2223 uti
595 2190 843 2232 Ptolomaeum,
877 2192 1029 2237 Aegypti
1051 2203 1183 2236 regem,
1215 2203 1278 2237 pet
1299 2192 1414 2226 literas
1439 2193 1652 2235 hortaretur,
1675 2193 1726 2235 uti

280 2235 468 2280 vectigalia
500 2246 521 2269 a
549 2235 686 2269 Judaeis
718 2247 784 2269 non
817 2236 990 2280 exigeret,
1032 2237 1089 2283 qui
1120 2249 1186 2271 non
1208 2237 1271 2271 nisi
1303 2238 1339 2271 in
1361 2238 1485 2273 victum
1506 2239 1726 2273 necessarium

279 2282 450 2315 frumenta
470 2281 626 2326 Aegypto
652 2282 886 2326 exportabant.
932 2282 1143 2317 Ptolomaeus
1166 2287 1296 2326 autem,
1333 2284 1480 2329 acceptis
1503 2284 1662 2318 Antiochi
1683 2283 1724 2317 li·

279 2326 382 2368 teris,
405 2326 535 2360 tributa
559 2338 580 2360 a
601 2326 738 2360 Judaeis
761 2339 801 2360 eo
825 2327 970 2362 strictius
993 2329 1163 2373 exigebat.
1209 2328 1331 2373 Itaque
1354 2329 1513 2363 adversus
1535 2340 1609 2362 eum
1632 2340 1725 2364 arma

278 2371 384 2407 movit
407 2371 610 2406 Antiochus:
645 2371 842 2417 praelioque
865 2373 1048 2416 commisso,
1071 2374 1188 2419 ingens
1210 2385 1252 2407 ex
1274 2373 1434 2408 Antiochi
1457 2374 1609 2418 partibus
1632 2374 1724 2408 ceci-

274 2418 326 2452 dit
349 2417 549 2458 multitud03
588 2428 648 2452 rex
671 2421 782 2451 autem
812 2417 884 2462 ipse
907 2420 991 2462 fuga
1013 2419 1048 2452 in
1070 2420 1153 2453 fines
1183 2430 1257 2453 suos
1281 2419 1399 2454 evasit.
1444 2419 1567 2453 Judaei
1589 2419 1723 2454 interim

273 2462 572 2506 Hierosolymitani
601 2463 652 2496 his
675 2462 819 2504 auditis,
857 2464 1056 2498 Antiochum
1078 2465 1113 2498 in
1137 2464 1264 2509 praelio
1297 2464 1456 2499 cecidisse
1478 2465 1569 2506 rati,
1604 2465 1724 2499 Ptolo-

273 2520 369 2543 maeo
393 2520 465 2542 sese
488 2508 674 2549 dederunt3
709 2519 898 2553 pyrasque‚
921 2508 970 2542 illi
994 2510 1288 2554 congratulantes,
1321 2510 1560 2546 accenderunt.
1604 2510 1724 2545 Antio-

273 2554 353 2587 chus
378 2559 489 2587 autem
512 2554 729 2599 Epiphanes,
767 2553 908 2588 collecto
940 2554 1062 2588 iterum
1093 2555 1262 2596 exercitu,
1297 2555 1525 2590 Ptolomaeum
1547 2554 1722 2598 adm-itum

273 2611 381 2645 eoque
405 2599 528 2640 occiso,
553 2600 668 2645 copias
691 2599 761 2643 ejus
784 2598 990 2644 profligavit.
1039 2600 1163 2634 Audito
1188 2611 1283 2641 vero,
1316 2601 1397 2646 quid
1421 2606 1540 2635 contra
1561 2612 1599 2635 se
1620 2600 1722 2635 fecis-

275 2649 348 2678 sent
370 2644 490 2678 Judaei
511 2644 827 2689 Hierosolymitani‚
863 2644 990 2678 cladem
1014 2655 1034 2678 a
1056 2645 1250 2679 Ptolomaeo
1273 2645 1401 2690 illatam
1425 2646 1655 2691 gratulantes,
1685 2646 1720 2680 in

274 2688 524 2734 Hierosolymas
547 2701 638 2724 arma
659 2690 787 2731 movit,
822 2701 945 2735 easque
968 2689 1142 2724 obsidione
1162 2690 1287 2732 cinxit3
1322 2695 1439 2736 captas
1461 2691 1584 2726 deinde
1606 2694 1720 2725 vasta-

273 2734 343 2776 vit,
366 2735 501 2769 Judaeis
521 2735 742 2770 internecioni
760 2735 847 2770 datis
869 2735 1027 2770 omnibus.
1072 2735 1273 2770 Eleazarum
1300 2742 1411 2771 autem
1429 2737 1626 2772 Pontificem
1642 2736 1721 2770 Ma-

274 2778 417 2821 ximum,
442 2785 478 2814 et
499 2780 743 2824 Maccabaeoe,
767 2781 980 2816 Antiochiam
1002 2780 1187 2823 abductos,
1210 2785 1319 2815 morte
1341 2782 1518 2817 multavit.'
1551 2780 1720 2816 Sacerdo-

271 2824 353 2859 tium
386 2825 487 2860 etiam
518 2826 724 2862 Judaeorum
747 2826 932 2870 subvertit,
973 2827 1218 2873 Templumque
1241 2827 1425 2863 Salomonis
1457 2827 1535 2863 Jovi
1559 2826 1718 2871 Olympio
