1838 3230
305 204 402 251 418
698 196 992 242 IOANNIS
1021 180 1358 242 MAIIALAE

304 318 565 374 παρεσχηκὼς
583 317 720 367 αὐτοῖς
740 319 806 360 καὶ
827 317 874 360 τὸ
899 315 1176 374 ἱπποδρόμιον.
1231 315 1252 360 ὅ
1290 318 1335 360 δὲ
1362 317 1553 371 βασιλεῦς
1582 318 1752 363 ’Io-›orz-

304 404 372 436 νος
391 387 521 429 πολλὰ
540 386 735 442 παρέσχεν
767 387 821 435 εἷς
848 385 1068 428 ἀνανέωσιν
1095 391 1146 443 τῇ
1176 385 1280 442 αὗτῇ
1310 387 1592 443 Δοῤῥαχηνῶν
1622 385 1750 440 πόλει,

305 454 394 510 ἥτις
421 452 561 511 πρῴην
587 455 660 507 μὲν
687 453 838 509 ἐλέγετο
869 453 1132 508 Ἐπίδαμνος·
1174 452 1324 508 ὁμοίως
1357 455 1401 496 δὲ
1429 455 1497 497 καὶ
1524 461 1610 505 τοῖς
1639 471 1754 511 περι-

307 527 530 580 λειφθεῖσιν
559 520 887 577 ἐφιλοτιμήσατο.
967 522 1009 564 ἓν
1041 522 1086 564 δὲ
1111 526 1168 579 τῷ
1204 522 1316 579 αὐτῷ
1339 519 1477 581 χρόνῳ
1511 524 1578 565 καὶ
1609 520 1636 577 ἦ
1663 520 1752 566 Κό-

307 595 449 647 ρινθος
475 593 546 644 τῆς
557 587 752 639 Ἑλλάδος
770 589 922 632 {ica-9⁶⁶
959 591 1026 631 καὶ
1050 589 1181 632 πολλὰ
1201 590 1313 631 κάκεῖ
1337 591 1552 646 ἐχαρίσατο
1589 588 1611 632 ὃ
1631 589 1784 640 avitas-5

188 663 218 695 V
242 662 287 697 50
309 655 511 711 βασιλεύς.
591 658 633 699 ἐν
663 658 707 699 δὲ
726 662 784 715 τῷ
799 657 949 711 μεταξὺ
965 654 1101 715 χρόνῳ
1120 656 1272 700 ἔπαθεν
1289 655 1367 699 ὖπό
1392 658 1616 713 θεομηνίας
1633 656 1755 701 Ἀνά-

305 728 468 778 ζαρβος,
505 722 619 774 πόλις
638 730 711 780 τῆς
734 726 918 774 Κιλικίας
949 724 996 767 τὸ
1018 725 1209 781 τέταρτον
1226 725 1352 780 αὐτῆς
1376 725 1537 776 πάθος·
1572 724 1752 783 ἀνήγειρε

305 796 350 836 δὲ
369 793 494 848 αὐτὴν
524 790 544 834 ὃ
576 793 699 843 αὐτὸς
736 790 938 847 βασιλεύς.
1021 793 1063 834 ἐν
1091 793 1202 850 αὐτῷ
1224 794 1268 835 δὲ
1295 797 1354 852 τῷ
1378 792 1515 852 χρόνῳ
1541 792 1752 850 κατεπόθη

301 860 381 904 ὑπὸ
413 862 637 916 θεομηνίας
671 859 834 904 ὑδάτων
861 862 1115 914 ποταμιαίων
1137 860 1306 913 ’Έδεσα,
1353 860 1467 911 πόλις
1492 859 1646 918 μεγάλη
1677 866 1752 917 τῆς

298 928 549 986 Ὀσδροηνῆς
568 930 777 985 ἐπαρχίας,
815 930 856 971 ἓν
884 927 1047 988 ἑσπέρᾳ,
1083 933 1157 971 τοῦ
1186 928 1312 971 αὐτοῦ
1341 934 1528 983 ποταμοῦ
1547 931 1652 973 κατὰ
1675 929 1750 984 μέ-
1761 936 1806 970 10

305 1015 378 1040 σον
410 1002 485 1053 τῆς
527 994 682 1047 πόλεως
727 997 1029 1054 παρερχομένου
1073 1001 1146 1039 τοῦ
1189 997 1400 1052 λεγομένου
1435 998 1636 1054 Σκίρτου,
1676 997 1753 1040 αὕ-

165 1071 198 1104 Ο
224 1069 290 1106 142
314 1068 478 1120 τανὸροι
507 1065 582 1107 σῦν
605 1072 689 1115 τοῖς
710 1066 834 1115 οἴκοις
854 1063 1080 1108 ἀπώλοντο.
1159 1063 1291 1120 ἔλεγον
1317 1066 1361 1107 δὲ
1396 1065 1435 1107 οἱ
1461 1065 1753 1123 περισωθέντες

302 1136 369 1176 καὶ
391 1136 593 1181 οἰκοῦντες
615 1134 688 1188 τὴν
710 1134 837 1188 αὐτὴν
869 1131 984 1176 πόλιν
1020 1131 1082 1175 ὅτι
1104 1134 1170 1175 καὶ
1195 1134 1236 1176 ἐν
1260 1132 1370 1191 ἄλλῳ
1390 1138 1517 1192 καιρῷ
1536 1133 1752 1176 κατέκλυσε

303 1202 377 1257 τὴν
408 1201 532 1256 αὐτὴν
557 1198 673 1244 πόλιν
699 1200 720 1244 ὃ
748 1201 871 1250 αὐτὸς
900 1199 1104 1255 ποταμός,
1141 1200 1228 1243 ἀλλ’
1261 1201 1336 1255 οὐχ
1365 1199 1495 1251 οὕτως
1522 1199 1749 1245 ἀπώλεσεν·

301 1271 384 1312 ἐπεὶ
409 1266 705 1324 μεμαθήκαμεν
758 1268 820 1311 ὅτι
850 1271 916 1310 καὶ
949 1269 991 1311 ἐν
1034 1268 1171 1318 ἄλλοις
1194 1267 1357 1326 χρόνοις
1385 1270 1536 1324 ἐγένετο
1565 1269 1613 1312 τὸ
1647 1268 1747 1312 αὗτό
1761 1274 1804 1309 15

300 1341 438 1393 σχῆμα
449 1370 462 1389 ,
497 1337 600 1391 μετὰ
619 1339 663 1380 δὲ
685 1337 732 1379 τὸ
754 1341 965 1391 παυθῆναι
987 1336 1059 1391 τὴν
1086 1336 1207 1392 ὀργὴν
1247 1336 1300 1379 τὰ
1321 1339 1492 1392 πλησίον
1515 1341 1599 1380 τῶν
1623 1341 1750 1392 θεμε-

252 1415 281 1448 Β
305 1407 401 1449 λίων
449 1409 522 1448 τοῦ
561 1405 687 1448 αὐτοῦ
735 1408 922 1458 ποταμοῦ
967 1402 1167 1458 οἲκήματα
1223 1407 1460 1461 φιλοκαλίας
1499 1403 1749 1460 τυγχάνοντα

301 1472 450 1530 εὑρέθη
472 1472 577 1522 πλᾶξ
594 1474 730 1528 λιθίνη
748 1471 925 1527 μεγάλη,
961 1472 1001 1514 ἓν
1029 1467 1056 1529 ᾗ
1087 1471 1352 1529 ἐπεγέγραπτο
1379 1474 1421 1515 ἐν
1447 1477 1582 1529 γλυφῇ
1601 1477 1746 1515 ταῦτα·

301 1543 473 1597 Σκίρτος
501 1541 686 1596 ποταμὸς
717 1539 919 1597 σκιρτήσει
947 1539 1052 1582 κακὰ
1087 1538 1341 1595 σκιρτήματα
1372 1542 1567 1590 πολίταις.
1645 1538 1672 1595 ἡ
1703 1541 1748 1583 δὲ

301 1610 406 1664 αὐτὴ
431 1608 581 1651 ’Έὸεσα
616 1608 731 1659 πόλις
760 1610 928 1663 ἐκτίσθη
955 1605 1035 1649 ὕπὸ
1059 1605 1257 1651 Σελεύκου
1286 1612 1359 1650 τοῦ
1379 1606 1631 1663 Νικάτορος,
1669 1611 1801 1650 zoe-20

300 1682 434 1731 βοῢσα
462 1678 594 1731 τει’χη’
643 1676 784 1732 ἥντινα
819 1673 1026 1730 ὠνόμασεν
1058 1673 1079 1718 ὅ
1112 1675 1234 1725 αὐτὸς
1266 1676 1459 1726 Σέλευκος
1488 1674 1510 1718 ὃ
1539 1676 1748 1719 Μακεδών

295 1743 535 1800 Ἀντιόχειαν
557 1746 630 1800 τὴν
655 1742 984 1802 μιξοβάρβαρον,
1023 1745 1089 1786 καὶ
1110 1741 1175 1786 ὅτε
1201 1743 1330 1787 ἔπαθε
1352 1744 1398 1787 τὸ
1429 1748 1592 1802 πρῶτον
1621 1743 1748 1798 αὐτῆς

390 1877 424 1912 3.
445 1874 666 1920 Ἐπίδαυρος
680 1877 760 1917 Ox„
778 1874 1001 1920 Ἐπίδαμνος
1020 1874 1086 1911 ch.
1156 1877 1210 1911 10.
1232 1871 1448 1920 Ὀσδροΐνης
1470 1874 1538 1911 Ox,
1607 1876 1661 1911 16.
1684 1872 1745 1919 τοὶ]

389 1921 668 2015 τὲἓιὲὁβιαέοὲςῦὸὲ.
734 1923 788 1959 19.
813 1920 968 1967 Σκιρτὸς
991 1921 1057 1955 Ox.
1148 1922 1205 1957 22.
1228 1918 1500 1967 μιξοβάρβαρου
1523 1920 1610 1962 ch„
1642 1921 1745 1964 μιξο-

299 2081 381 2126 qui,
412 2085 552 2126 praeter
582 2080 648 2115 alia
673 2092 759 2125 quae
790 2080 838 2114 ibi
872 2079 1022 2114 extruxit
1052 2079 1216 2124 plurima,
1248 2081 1375 2116 circum
1404 2090 1540 2125 qnoque
1571 2078 1742 2114 excitavit.

298 2126 446 2161 Justinus
468 2138 550 2160 vero
573 2128 780 2170 Imperator,
818 2126 894 2159 urbi
916 2126 1107 2169 Dyrrachio
1131 2128 1245 2172 (quae
1268 2126 1475 2171 Epidamnus
1496 2124 1573 2159 olim
1595 2125 1742 2160 vocaba-

299 2173 396 2215 tur,)
418 2171 668 2212 instaurandae,
691 2171 878 2215 incolisque
900 2171 1148 2216 superstitibus,
1172 2171 1316 2217 plurima
1339 2170 1480 2214 largitus
1503 2175 1563 2204 est.
1610 2169 1742 2204 Eodem

297 2222 453 2262 tempore
486 2217 634 2251 divinam
668 2228 803 2260 quoque
838 2217 920 2250 iram
950 2227 1108 2262 perpessa
1138 2222 1188 2251 est
1212 2217 1426 2257 Corinthus,
1443 2214 1613 2249 Graeciae
1641 2216 1740 2249 urbs:

287 2263 353 2297 'cui
376 2263 456 2296 item
478 2262 718 2297 instaurandae
741 2261 931 2305 Imperator
954 2262 1098 2307 plurima
1130 2262 1234 2297 dedit.
1287 2262 1380 2296 Inter
1409 2261 1494 2295 haec
1516 2260 1618 2294 etiam
1640 2271 1743 2305 quar-

298 2313 366 2342 tam
399 2307 472 2342 irae
503 2308 637 2342 divinae
670 2305 930 2340 vicissit-udinem
962 2310 1104 2352 experta
1134 2314 1184 2342 est
1216 2308 1431 2348 Anazarbus,
1462 2305 1604 2340 Ciliciae
1638 2307 1740 2340 urbs=

299 2364 397 2397 quam
433 2357 469 2388 et
490 2353 596 2399 ipsam
621 2363 752 2397 quoque
775 2352 962 2395 Imperator
985 2353 1028 2386 de
1055 2352 1190 2397 integro
1220 2352 1392 2386 excitavit.
1437 2350 1567 2385 Eodem
1589 2355 1741 2396 tempore

299 2399 495 2433 Osdroenae
520 2398 711 2444 provinciae
742 2398 820 2430 urbs
843 2398 990 2440 Magna,
1021 2398 1171 2439 Edessa,
1202 2396 1479 2432 exundationibus
1500 2395 1609 2430 Scirti
1629 2396 1742 2431 flumi-

299 2444 370 2485 nis,
394 2445 486 2488 quod
510 2445 625 2478 urbem
647 2442 789 2478 mediam
811 2441 970 2487 perfluit,
1003 2453 1076 2476 cum
1101 2442 1248 2477 domibus
1270 2441 1453 2486 incolisque
1475 2441 1564 2483 suis,
1589 2445 1741 2487 tempore

298 2490 504 2534 vespertino,
526 2494 603 2524 tota
625 2489 784 2533 absorpta
806 2490 867 2521 est.
913 2486 1082 2521 Dixerunt
1103 2494 1226 2529 autem,
1250 2488 1309 2533 qni
1330 2486 1524 2532 superstites
1546 2486 1658 2522 adhuc
1679 2498 1740 2522 ur-

298 2535 374 2568 bem
397 2534 628 2575 incoluerunt,
653 2532 839 2577 hujusmodi
862 2531 990 2576 aliquid
1013 2533 1091 2566 olim
1113 2534 1319 2578 temporibus
1341 2532 1417 2566 urbi
1439 2532 1612 2573 accidisse,
1636 2544 1740 2578 seque

300 2591 321 2613 a
344 2579 532 2624 Majoribus
555 2578 745 2624 accepisse,
769 2578 852 2612 alias
873 2577 973 2611 etiam
995 2578 1112 2611 urbem
1135 2590 1243 2620 suam,
1266 2579 1309 2612 ab
1333 2578 1523 2612 exundante
1545 2577 1650 2613 fluvio
1663 2602 1675 2620 ‚
1697 2577 1739 2611 li-

299 2628 356 2659 cet
377 2637 442 2659 non
465 2629 503 2659 ut
526 2637 615 2658 nunc
637 2629 762 2666 totam,
794 2622 888 2668 aquis
909 2622 1091 2656 immersam
1115 2623 1233 2657 fuisse:
1271 2627 1422 2658 cessante
1453 2626 1562 2658 autem
1585 2627 1664 2668 post
1685 2622 1739 2657 ira

302 2669 458 2713 coelesti,
481 2672 579 2714 juxta
601 2669 699 2703 aedes
722 2669 880 2714 quasdam
902 2667 1079 2713 speciosas,
1105 2668 1147 2701 ad
1171 2668 1313 2703 fluminis
1334 2669 1441 2714 ripam
1457 2668 1595 2714 positas,
1617 2668 1739 2702 Tabu-

301 2714 365 2748 lam
388 2727 540 2760 magnam
564 2715 748 2759 Lapideam
770 2718 940 2758 repertam
966 2724 1056 2752 esse,
1082 2713 1136 2747 cui
1159 2713 1243 2748 haec
1265 2714 1431 2759 insculpta
1453 2715 1610 2748 fuerumt
1645 2714 1738 2747 Scir-

299 2765 355 2793 tus
377 2763 505 2805 fluvius
530 2762 619 2794 male
647 2761 779 2794 omni-no
809 2760 943 2793 Civibus
966 2759 1118 2792 saltabit.
1170 2759 1350 2793 Caeterum
1372 2761 1451 2794 urbs
1472 2759 1600 2794 Edessa
1631 2769 1653 2792 a
1673 2757 1737 2791 Se-

300 2803 397 2839 leuco
421 2806 605 2847 Nicatore,
636 2805 846 2846 Macedone,
878 2808 1036 2838 extructa
1066 2803 1227 2848 primum,
1259 2809 1294 2839 et
1317 2806 1486 2839 moenibus
1517 2804 1646 2844 cincta,
1675 2813 1738 2836 no-

300 2859 374 2885 men
398 2851 537 2893 habuit,
560 2862 582 2886 a
604 2850 791 2886 conditore
811 2850 965 2892 inditum,
989 2850 1203 2886 Antiochiam
1221 2852 1507 2887 Ma‘xobarbaram.
1552 2850 1635 2884 Post
1655 2858 1737 2883 vero
