1838 3230
288 168 386 216 440
680 162 960 208 IOANNIS
989 163 1326 208 MALALAE

281 279 459 339 ’ἀνήγαγε
474 285 532 341 τῷ
551 286 714 338 βασιλεῖ
726 281 799 337 τὴν
821 281 1046 338 διατίμησιν
1075 285 1148 337 τῆς
1173 278 1433 333 ὗποστᾰσεως
1471 283 1541 326 καὶ
1573 281 1628 326 τι),
1647 281 1719 327 ὑπ’

235 350 268 386 D
291 350 416 394 αὐτοῦ
435 349 757 407 καταλειφθέντα
777 353 944 404 ληγᾶτα.
1012 351 1078 392 καὶ
1098 354 1232 393 ταῦτα
1260 347 1437 400 ἀκούσας
1455 347 1478 392 ὅ
1499 349 1621 400 αὐτὸς
1639 355 1723 405 βα-

286 419 418 468 σιλεὺς
469 417 663 475 ἐπιτρέπει
712 420 770 474 τῷ
795 414 1035 473 ,κουράτωρι
1075 419 1321 476 Μακεδονίῳ
1372 415 1622 460 ὖπεισελθεΐν
1667 422 1721 475 τῇ

284 486 542 544 κληρονομίᾳ.
611 485 677 526 καὶ
703 483 754 538 δὴ
784 487 857 526 τοῦ
881 482 1136 540 κουράτωρος
1157 482 1411 534 ἀντειπόντος
1432 488 1491 543 τῷ
1508 484 1622 543 αῧτῷ
1639 489 1723 538 βα-

285 558 391 596 σιλεῖ’
425 552 483 607 μὴ
520 550 732 607 αὐταρκεῖν
758 550 810 593 τὰ
839 555 922 595 τῶν
951 549 1134 607 ληγάτων
1167 552 1268 608 πρὸς
1294 552 1347 594 τὰ
1381 555 1456 606 τῆς
1494 549 1744 607 &afflinem-,5

286 620 498 676 ἐπέτρεψεν
521 617 542 662 ὃ
565 619 686 668 αὐτὸς
704 616 915 673 βασιλεύς,
951 616 1092 672 εἲπών,
1132 621 1190 662 Τί
1213 636 1264 674 με
1285 616 1449 668 κωλύεις
1475 616 1725 662 ὖπεισελθεῖν

287 692 338 745 τῇ
371 687 639 746 κληρονομία,
685 686 843 739 εὐσεβὲς
875 685 1053 728 θέλοντα
1088 691 1275 741 ποιῆσαι,·
1319 686 1493 739 ἄπελθε,
1539 683 1725 742 ἀποπλή-

291 770 422 811 ρωσον
442 751 598 803 πάντας
615 753 711 803 τοὺς
741 753 951 803 δανειστὰς
972 753 1096 795 αὔτοῦ
1130 755 1197 796 καὶ
1231 753 1283 795 τὰ
1307 757 1462 809 ληγᾶτα
1481 753 1534 795 τὰ
1553 752 1620 795 ὕπ’
1646 752 1724 796 αὖ·

147 823 180 856 0
204 822 270 859 173
293 826 365 865 τοῦ
383 820 713 864 διατυπωθέντα·
748 820 823 870 τάς
840 821 884 863 δὲ
905 827 1010 876 τρεῖς
1039 821 1269 877 θυγατέρας
1296 820 1421 863 αὐτοῦ
1454 820 1632 875 ἀχθῆναι
1659 819 1726 863 κεέ

287 887 389 933 λεύω
421 889 533 944 παρὰ
563 893 614 945 τῇ
638 885 861 948 Αὖγούστᾳ
893 885 1087 947 Θεοδώρᾳ
1127 892 1200 930 τοῦ
1230 885 1509 944 φυλάττεσθαι
1537 887 1665 938 αὐτὰς
1683 889 1725 929 ἐν
1737 891 1781 925 10

289 962 347 1015 τῷ
378 959 598 1014 ὃεσποτικῷ
629 956 884 1013 κουβικλείῳ,
921 953 1109 1005 κελεύσας
1139 959 1212 998 τοῦ
1236 957 1410 1010 δοθῆναι
1437 955 1577 1004 αὗταΐς
1605 952 1727 1011 χάριν

238 1030 272 1065 Ε
295 1024 459 1081 προικὸς
500 1023 579 1066 ἀνὰ
603 1024 772 1079 χρυσίου
798 1027 943 1079 λιτρῶν
973 1023 1094 1065 εἴκοσι
1128 1024 1195 1065 καὶ
1223 1026 1359 1066 πᾶσαν
1387 1021 1462 1078 τὴν
1487 1019 1725 1076 indotatam,

288 1091 338 1148 ἣν
359 1091 488 1135 εἴασεν
511 1090 653 1140 αὐταῖς
673 1089 694 1133 ὃ
712 1090 847 1133 αὐτῶν
865 1088 1010 1146 πατήρ.

386 1159 454 1201 Ἔν
487 1158 597 1216 αὗτῷ
631 1158 675 1200 δὲ
701 1162 759 1215 τῷ
790 1162 915 1214 καιρῷ
941 1157 967 1212 ἦ
995 1157 1161 1211 εὐσεβὴς
1189 1154 1382 1212 Θεοδώρα
1420 1156 1524 1210 μετὰ
1552 1157 1620 1200 καὶ
1647 1159 1729 1199 τῶν

291 1226 425 1269 ἄλλων
455 1225 581 1280 αὐτῆς
609 1224 777 1280 ἀγαθῶν
820 1226 978 1279 ἐποίησε
1004 1226 1069 1267 καὶ
1096 1228 1230 1268 τοῦτο.
1300 1225 1339 1267 οἳ
1369 1223 1446 1280 γὰρ
1473 1221 1719 1278 ὄνομαζόμε-
1736 1224 1780 1261 15

291 1311 353 1337 νοι
394 1294 662 1349 πορνοβοσκοὶ
695 1296 881 1348 περιῆγον
908 1293 950 1335 ἐν
986 1290 1140 1349 ἑκάστῳ
1173 1289 1283 1350 τόπῳ
1305 1289 1629 1348 περιβλεπόμενοι
1656 1290 1729 1333 πέ-

293 1377 416 1415 νητας
459 1360 624 1414 ἔχοντας
664 1359 918 1415 θυγατέρας,
962 1361 1028 1401 καὶ
1062 1357 1239 1407 διδόντες
1266 1358 1403 1408 αὐτοῖς
1413 1390 1427 1410 ,
1472 1360 1619 1415 φησίν,
1657 1358 1736 1414 ὅρ-

294 1445 390 1477 κους
428 1429 495 1470 καὶ
532 1427 645 1482 ὀλίγα
674 1427 904 1481 νομίσματα
946 1423 1174 1479 ἐλάμβανον
1207 1423 1355 1477 αὗτοῖς,
1393 1423 1448 1475 ὥς
1476 1427 1539 1467 ἐπὶ
1557 1442 1730 1481 συγκρο-

175 1502 207 1537 V
231 1505 276 1539 60
297 1494 432 1549 τήσει,
468 1496 533 1536 καὶ
566 1496 768 1549 προ“ί·στων
799 1492 924 1541 αὐτὰς
963 1494 1161 1551 δημοσίᾳ,
1208 1496 1554 1546 κατακοσμοῦντες
1581 1493 1624 1534 ἐκ
1658 1496 1730 1546 τῆς

296 1562 431 1606 αὐτῶν
460 1561 647 1615 ἀτυχίας,
690 1558 938 1615 κομιζόμενοι
969 1559 1063 1615 παρ’
1097 1559 1232 1602 αὐτῶν
1266 1559 1314 1602 τὸ
1343 1563 1415 1601 τοῦ
1443 1557 1632 1613 σώματος
1652 1559 1727 1601 αὖ·
1738 1565 1786 1599 20

296 1635 378 1673 τῶν
407 1629 600 1683 δυστυχὲς
625 1627 789 1684 κέρδος,
836 1629 902 1670 καὶ
940 1625 1160 1682 ἠνάγκαζον
1190 1625 1316 1676 αὗτάς
1342 1630 1414 1668 τοῦ
1440 1629 1728 1681 προΐστασθαι.
1771 1619 1773 1621 ¹

297 1699 363 1740 καὶ
403 1696 499 1746 τοὺς
533 1693 743 1744 τοιούτους
776 1694 1076 1751 πορνοβοσκοὺς
1110 1693 1284 1736 ἐκέλευσε
1332 1697 1580 1748 συσχεθῆναι
1629 1693 1732 1748 μετά

296 1762 430 1820 πάσης
453 1760 626 1819 ἀνάγκης
640 1776 649 1786 ·
684 1764 751 1806 καὶ
776 1762 983 1818 ἀχθέντων
1006 1761 1139 1804 αὐτῶν
1160 1761 1262 1816 μετὰ
1281 1765 1363 1804 τῶν
1388 1762 1610 1818 κορασίων,
1647 1760 1732 1802 ἐκέ-

388 1879 423 1915 5.
453 1875 667 1924 αὐταρκεῖν]
695 1880 796 1916 Immo
819 1877 1018 1924 ἀπαρκεῖν.
1069 1879 1128 1914 Sic
1151 1882 1186 1914 et
1208 1892 1242 1925 p.
1264 1881 1320 1916 78.
1343 1880 1385 1916 C.
1522 1879 1577 1915 11.
1603 1875 1734 1920 αὐταῖς

391 1925 477 1967 Ch.‚
500 1923 614 1968 αὐτὰς
636 1926 704 1960 Ox.
794 1927 850 1963 17.
874 1925 1021 1972 ἔχοντας
1045 1925 1121 1969 Ch.‚
1144 1924 1295 1972 ἐχούσας
1317 1926 1386 1960 Ox.

300 2033 513 2077 nummorum.
558 2029 722 2064 Reversus
743 2028 877 2074 itaque,
911 2029 1127 2064 Justinianum
1149 2028 1193 2063 de
1215 2028 1413 2063 facultatum
1436 2028 1509 2072 ejus
1530 2025 1732 2062 aestimatio-

301 2078 357 2121 ne,
380 2076 468 2103 sicut
489 2072 588 2107 etiam
610 2075 653 2108 de
673 2075 725 2116 iis,
750 2086 837 2119 quae
861 2075 1078 2109 Testamento
1101 2075 1278 2119 legaverat
1300 2073 1460 2114 Eulaliae»,
1483 2072 1657 2107 certiorem
1678 2071 1732 2104 fe-

303 2118 361 2147 cit.
404 2114 540 2150 Jubenti
561 2123 671 2153 autem
693 2131 805 2153 rursus
826 2120 1043 2164 Imperatori,
1074 2120 1326 2154 Haereditatem
1349 2122 1388 2152 ut
1410 2117 1539 2159 adiret,
1559 2115 1732 2161 respondit

302 2158 521 2195 Macedonius
540 2163 688 2198 Curator
709 2165 877 2199 tenuiores
900 2177 971 2199 esse
993 2164 1159 2198 demortui
1182 2176 1281 2210 opes,
1312 2174 1411 2208 quam
1435 2173 1522 2207 quae
1543 2160 1732 2204 Legamffi

303 2204 484 2255 sufficiant.
527 2207 623 2248 „Cui
646 2209 851 2252 Imperator3
891 2210 1068 2251 Quorsum,
1091 2209 1213 2253 inquit,
1235 2213 1272 2243 tu
1295 2220 1348 2242 me
1369 2206 1518 2252 impedis,
1539 2217 1605 2250 quo
1627 2205 1731 2239 minus

302 2259 391 2292 plum
416 2249 480 2284 hoc
499 2251 662 2286 Haeredis
684 2253 830 2286 officium
847 2254 1044 2298 perficiam?
1078 2256 1151 2298 Age
1168 2265 1263 2295 vero,
1286 2251 1518 2286 Creditoribus
1535 2251 1606 2294 ejus
1626 2249 1733 2284 omni-

303 2293 365 2346 bus
388 2294 591 2337 satisfacias;
613 2298 811 2341 Legataque
833 2299 933 2332 etiam
957 2299 1063 2333 omnia
1086 2299 1265 2344 persolvas.
1312 2298 1398 2331 Tres
1421 2300 1530 2329 autem
1547 2295 1636 2328 filiae
1658 2295 1732 2338 ejus

300 2337 404 2380 jubeo
429 2339 473 2373 ad
492 2341 705 2377 Theodoram
725 2343 907 2385 Augustam
930 2349 967 2377 ut
990 2344 1218 2385 deducantur,
1251 2341 1422 2386 Augustali
1443 2340 1594 2374 cubiculo
1618 2345 1732 2374 custo-

305 2382 460 2426 diendae,
482 2386 599 2430 quibus
621 2386 718 2421 etiam
740 2386 884 2430 singulis,
907 2387 1003 2421 Dotis
1017 2389 1160 2430 nomine,
1183 2389 1284 2422 libras
1307 2386 1380 2420 auri
1402 2395 1459 2418 xx-
1482 2385 1557 2418 dari
1574 2384 1672 2426 volo3
1695 2387 1733 2418 et

303 2434 495 2472 praeterea,
518 2432 735 2476 quodcunque
757 2436 808 2465 est
829 2432 1036 2474 facultatum,
1061 2445 1142 2478 quas
1165 2439 1263 2477 pater
1284 2431 1425 2465 moriens
1448 2429 1512 2464 illis
1534 2429 1699 2474 legavit.“

396 2474 524 2509 Eodem
553 2479 704 2521 tempore
732 2475 977 2520 religiosissima
1006 2478 1209 2518 Theodora,
1252 2475 1323 2509 aliis
1353 2474 1490 2518 egregie
1520 2487 1542 2508 a
1563 2487 1599 2509 se
1619 2473 1732 2515 factis,

307 2518 409 2552 etiam
432 2521 498 2554 hoc
519 2521 655 2564 adjecit.
712 2522 780 2555 Per
802 2521 838 2555 id
860 2525 989 2565 tempus
1012 2523 1163 2556 Lenones
1186 2521 1244 2566 qui
1266 2527 1429 2554 vocantur
1452 2519 1570 2564 passim
1593 2531 1657 2565 pers
1674 2530 1732 2553 ur-

305 2564 364 2596 bes
387 2566 534 2607 agebant
557 2565 836 2607 Circumforanei,
858 2566 1090 2610 perquirentes
1107 2567 1250 2610 undique
1271 2576 1457 2610 pauperum
1478 2564 1584 2605 filias3
1607 2575 1688 2609 quas
1711 2574 1733 2597 a

307 2609 499 2652 parentibus
522 2610 737 2654 stipulatione
760 2622 833 2644 cum
856 2610 902 2644 eis
924 2611 1036 2651 facta,
1068 2611 1273 2654 numulisque
1297 2609 1411 2654 paucis
1434 2609 1541 2650 datis,
1564 2615 1732 2654 acceptas,

309 2664 421 2687 secum
443 2654 674 2696 abducebant3
695 2660 915 2700 ornatasque,
939 2656 1069 2700 publice
1092 2655 1348 2700 prostituebant‚
1373 2654 1472 2688 etiam
1493 2654 1637 2695 invitas3
1659 2658 1731 2687 tur·-

308 2698 473 2742 pissimum
497 2700 561 2734 hoc
580 2700 717 2741 lucrum,
740 2712 782 2734 ex
803 2701 932 2734 illarum
953 2701 1164 2740 infortuniis,
1187 2699 1249 2733 sibi
1272 2703 1512 2743 comparantes.
1557 2700 1732 2742 Hujusmo·

309 2743 346 2776 di
369 2755 451 2777 vero
473 2744 623 2779 Lenones
646 2745 845 2790 Imperatr-ix
863 2745 962 2789 jussit
983 2745 1110 2779 omnino
1136 2756 1246 2778 omnes
1269 2743 1523 2789 comprehendi3
1561 2753 1734 2788 compren-

308 2799 444 2833 sosque,
466 2800 539 2824 cum
561 2789 679 2836 puellis
701 2801 766 2825 una
789 2802 899 2825 coram
921 2790 1061 2833 adduci3
1092 2790 1341 2834 adductosque,
1360 2790 1548 2834 juramento
1571 2787 1735 2828 adhibito,
