1838 3230
314 257 498 298 Ηκουσιν
526 257 583 306 εἷς
611 258 711 311 γῆν,
749 256 921 306 κυανέας
949 254 1233 313 συμπληγᾶδας

315 308 457 370 Πλάτῃ
496 309 689 368 φυγόντες
716 313 897 366 δίπτυχοι
924 315 1092 356 νεανίαι.

96 370 190 415 aut,
219 365 254 404 si
281 365 384 407 illud
411 369 601 411 Κυανὲαν
627 369 871 422 antiquitatis
904 384 1022 410 causa
1049 384 1208 410 servare
1229 371 1350 420 velis,
1382 373 1561 424 quando-

97 419 260 472 quidem
291 437 370 476 qua
399 425 501 466 vixit
519 426 678 466 Mulelas
709 432 942 479 tempestate
960 427 1042 480 jam
1059 428 1101 467 in
1120 427 1229 468 libris
1249 427 1540 469 inveteraverat
1547 445 1559 481 3

94 475 262 518 intumo
282 480 468 524 modum:
560 531 562 533 Ι

314 539 499 580 Ηκουσιν
527 538 584 587 εἷς
613 540 712 592 γῆν,
748 539 922 581 κυανέαν
951 537 1244 596 συμπληγάδων

321 592 476 646 Πέτραν
505 591 699 649 φυγόντες
729 596 909 649 δίπτυχοι
937 598 1106 638 νεανίαι.

93 645 210 684 velut
226 654 365 700 postea
383 650 584 703 loquitur,
616 647 741 708 Κᾷγώ
767 665 809 693 σε
831 650 946 694 σώσω
974 653 1145 702 κυανέας
1164 652 1236 702 ἔξω
1255 649 1414 705 πέτρας.
1472 652 1561 691 Ele-

93 708 234 798 {amelr-
252 711 383 746 autem
409 706 586 749 κυανέαν
605 707 751 763 πέτραν
778 706 1095 764 συμπληγάδων,
1122 716 1167 750 ut
1183 709 1283 748 nihil
1303 721 1438 761 supra.
1496 709 1562 747 Sic

130 771 204 811 irgi
221 772 307 802 ms:

11 0 49 227 ι
539 152 544 159 ·
593 154 598 160 .
637 158 639 165 ι
681 139 976 186 EPISTOLA.
1082 156 1090 170 ε
1465 150 1559 196 711

416 818 559 871 Quales
592 819 773 860 Threicia
797 837 882 861 cum
900 823 1076 875 flumina
1095 819 1395 860 Thermodontis

93 877 134 911 et
152 871 379 915 Lucretius:
413 874 684 916 Pulverulenta
708 875 828 926 Ceres,
859 888 894 916 ei
913 877 1044 917 Etesia
1070 877 1203 929 flabra
1222 874 1484 931 Aquilonum.

93 933 134 967 et
155 927 320 976 iterum;
414 932 466 970 Ut
483 931 729 985 Babylonica
758 931 1001 972 Chaldaeum
1030 932 1211 972 doctrina
1234 933 1420 988 refutans.

66 1005 70 1012 ·
94 990 134 1023 et
152 986 332 1027 tertium:
403 986 616 1040 Impellant
641 998 682 1026 ut
701 1004 782 1027 eam
814 990 1020 1042 [Magnesia
1041 990 1213 1040 flamina
1237 990 1345 1027 saxi.

92 1041 159 1080 Sic
176 1042 333 1095 legendi
353 1050 445 1082 sunt
462 1044 542 1082 duo
562 1044 637 1083 loci
651 1045 877 1093 novissimi;
906 1046 946 1083 in
964 1045 1075 1084 libris
1095 1045 1261 1095 vulgatis
1283 1045 1411 1082 minus
1431 1056 1562 1081 emen-

92 1097 178 1136 dati
216 1098 415 1141 feruntur.
483 1101 526 1139 P·
555 1103 646 1143 176-
686 1104 762 1142 τοῦ
794 1102 1015 1142 Πελοπείου
1044 1101 1184 1154 γένους
1209 1097 1437 1153 σήμαντρον
1467 1100 1561 1149 ἔχει,

91 1153 231 1195 ἐλαίαν
253 1155 296 1196 ἐν
315 1159 373 1212 τῷ
391 1154 499 1212 ὤμῳ.
556 1156 638 1195 Jam
660 1157 738 1196 hoc
758 1171 833 1210 pro
855 1158 1063 1210 explorato
1089 1157 1230 1205 habeo,
1261 1157 1395 1197 ἐλαίαν
1417 1156 1464 1194 ab
1485 1155 1561 1194 hac

91 1211 247 1263 pecude
267 1214 435 1265 positam
465 1226 548 1251 esse
568 1226 644 1265 pro
664 1213 870 1264 ἐλέφαντα.
928 1214 1002 1252 Cui
1021 1214 1125 1253 enim
1142 1213 1262 1252 fando
1283 1213 1463 1251 auditum
1488 1219 1560 1262 est,

93 1267 314 1320 oleaginum
338 1268 547 1321 humerum
566 1270 684 1309 fuisse
703 1271 868 1322 Pelopi?

311 1327 384 1364 Cui
405 1340 484 1365 non
505 1325 636 1364 dictus
657 1327 779 1379 Hylas
798 1339 898 1378 puel·
924 1333 963 1365 et
984 1325 1145 1364 Latonia
1167 1325 1284 1363 Delos
1579 1324 1610 1359 V
1633 1325 1679 1361 23

309 1381 633 1435 Hippodameque
647 1381 1052 1435 humeroquePelops
1067 1381 1237 1433 insignis
1249 1381 1401 1421 eburno
1411 1382 1432 1420 ’Ζ

309 1439 416 1480 Emi
444 1454 509 1480 νιν
534 1442 721 1493 καθαροῦ
747 1438 910 1491 λέβητος
940 1439 1043 1490 ἔξελε

308 1493 470 1536 Κλωθώ
497 1494 680 1544 ἐλέφαντι
707 1498 900 1550 φαίδιμον

307 1554 427 1605 ῼμον
455 1552 710 1604 κεκαδμένον.

89 1604 177 1646 Alia
193 1607 319 1648 multa
343 1615 436 1647 sunt
457 1609 564 1661 apud
587 1610 766 1647 Malelam
788 1621 837 1647 ex
856 1607 989 1646 eadem
1011 1606 1143 1645 sabula
1160 1606 1314 1655 tralata,
1345 1620 1446 1660 quae
1467 1607 1558 1646 mis-
1585 1607 1618 1641 Ο
1639 1605 1684 1643 43

90 1676 133 1700 sa
153 1663 270 1702 facio.
316 1665 399 1703 Cur
418 1667 519 1702 enim
537 1679 598 1703 me
617 1665 859 1716 mancipium
879 1664 1019 1702 faciam
1040 1665 1398 1716 παραφρονοῦντος
1418 1660 1559 1704 δεσπό-

89 1717 196 1760 τουέ)
250 1720 412 1773 Majoris
436 1721 556 1759 suerit
584 1728 622 1759 et
647 1721 866 1773 voluptatis
894 1727 934 1758 et
963 1720 1120 1757 fructus
1154 1732 1411 1768 cognoscere,
1459 1734 1559 1772 quae

92 1790 264 1815 summus
290 1787 406 1829 poeta
434 1776 584 1816 Ennius
608 1777 656 1815 de
679 1778 811 1829 priore
834 1775 1034 1829 Iphigenia
1065 1775 1273 1814 convertit.
1330 1776 1455 1813 Julius
1481 1778 1558 1814 Ru-

91 1831 259 1871 finianus
278 1833 328 1872 de
347 1833 481 1884 figuris
511 1834 790 1872 sententiarum
815 1839 853 1871 et
878 1832 1130 1871 elocutionis:
1171 1831 1432 1885 Aganactesis
1451 1831 1555 1870 indi.

88 1890 252 1940 gnatia,
291 1904 391 1944 quae
409 1891 460 1944 fit
487 1891 663 1928 maxime
691 1891 1022 1942 pronunciatione.
1079 1886 1227 1926 Ennius
1256 1889 1297 1927 in
1328 1887 1557 1941 Iphigenia:

91 1942 300 1984 Menelaus
330 1961 390 1984 me
407 1945 587 1999 objurgat
600 1976 610 1995 ,
640 1944 684 1985 id
704 1948 799 1984 meis
822 1945 931 1984 rebus
951 1946 1114 1997 regimen
1134 1954 1262 1984 restat.
1320 1944 1555 1983 Dormitavit

90 1998 160 2039 hic
181 2002 244 2040 vir
263 2015 438 2041 summus
466 2003 555 2041 Ger.
575 2003 747 2042 Vossius.
803 2003 914 2053 Nam,
942 2002 975 2040 si
994 2014 1112 2039 unam
1132 2000 1321 2053 syllabam
1340 2001 1552 2051 addideris,

90 2055 316 2098 trochaicus
337 2060 412 2098 erit
432 2059 694 2100 catalecticus.

204 2114 412 2155 Menelaus
439 2131 498 2154 me
528 2114 734 2169 objurgat.-
762 2113 807 2153 ἰᾶ
831 2115 924 2154 meis
943 2113 1046 2153 νοῦν]
1075 2115 1240 2167 regimen
1271 2115 1421 2152 restitut

93 2170 203 2224 quod
219 2185 342 2222 genus
360 2185 501 2211 versus
522 2172 833 2210 commodissime
857 2171 1020 2210 inservit
1037 2174 1088 2227 τῇ
1106 2167 1392 2224 ἀγανακτήσει·
1427 2169 1553 2208 utdiu

92 2234 152 2266 est
164 2228 272 2280 quod
283 2229 368 2280 ipse
384 2229 425 2267 in
439 2229 612 2279 Tragicis
629 2228 791 2268 Graecis
807 2228 1033 2274 observavi3
1049 2228 1280 2280 priusquam
1298 2227 1340 2265 id
1360 2226 1409 2265 de
1430 2225 1552 2263 Scho-

90 2284 208 2323 liaste
226 2285 482 2335 Hermogenis
513 2286 751 2324 didicissem.
810 2285 918 2323 Idem
937 2283 1167 2323 Rufinianus
1188 2290 1345 2336 postea:
1392 2280 1550 2337 Synari-

92 2342 147 2379 εἰς
174 2341 252 2379 sive
279 2341 479 2381 antithesis
513 2343 756 2396 comparatio
789 2357 911 2380 rerum
949 2350 1064 2395 atque
1096 2354 1348 2394 personarum
1385 2339 1484 2376 inter
1513 2354 1552 2377 se
1600 2376 1602 2378 .

93 2398 402 2436 contrariarum:
442 2408 495 2446 ut,
526 2414 594 2450 ego
614 2396 778 2452 plector,
809 2395 914 2452 quotl
937 2407 978 2436 iu
994 2410 1158 2450 peccas:
1187 2407 1228 2434 iu
1248 2393 1451 2447 delinquis,
1481 2408 1550 2446 ego

92 2466 237 2504 arguor
253 2468 325 2505 pro
345 2453 592 2509 malefactis:
625 2453 777 2493 Helena
797 2452 938 2504 redeat,
969 2454 1075 2505 uirgo
1096 2462 1226 2505 pereat
1248 2453 1450 2489 innocens:
1480 2460 1549 2487 rua

92 2508 360 2548 reconcilietur
379 2525 502 2555 uxor,
532 2526 615 2549 mea
638 2520 790 2550 necetur
810 2509 914 2565 filia.
976 2509 1088 2547 Hunc
1107 2509 1224 2546 etiam
1244 2507 1375 2545 locum
1399 2506 1448 2543 ad
1470 2506 1550 2544 En-

90 2563 147 2602 nii
169 2563 409 2615 Iphigeniam
435 2568 558 2606 refert
574 2567 761 2605 Italorum
789 2566 1037 2606 doctissimus
1058 2565 1316 2615 Hieronymus
1339 2563 1548 2600 Columna:

91 2621 216 2660 invito
246 2629 376 2661 tamen
398 2629 436 2670 et
451 2631 695 2676 repugnante
714 2624 869 2674 vossio,
898 2622 1040 2675 partim
1062 2621 1154 2672 quia
1176 2626 1291 2659 autor
1311 2633 1388 2657 non
1409 2618 1547 2659 lauda-

93 2683 182 2728 tur,
209 2680 352 2729 partim
382 2680 473 2731 quia
502 2695 581 2719 non
609 2682 740 2719 vincta
770 2682 840 2719 scd
870 2677 1064 2731 pedestris
1094 2677 1219 2716 oratio
1239 2683 1318 2725 est3
1363 2675 1410 2713 ad
1437 2676 1547 2726 quod

92 2734 249 2782 mirum,
279 2736 344 2784 ait,
375 2750 454 2774 non
482 2737 692 2776 attendisse
711 2737 952 2775 Columnam.
1009 2735 1150 2773 Peccet
1168 2733 1369 2781 Columna,
1400 2738 1436 2770 et
1455 2745 1545 2782 pcc-

93 2797 158 2830 cat
177 2790 358 2844 quidem,
386 2793 428 2831 in
446 2794 643 2833 versibus:
677 2807 748 2845 ego
769 2808 864 2833 vero
878 2822 888 2841 ,
918 2804 1007 2829 cum
1029 2790 1145 2828 certis
1165 2788 1284 2840 signis
1307 2787 1415 2826 hunc
1430 2787 1542 2825 Ennii
