1838 3230
261 194 359 243 142
655 187 940 235 lOANNIS
970 189 1310 235 MALALAE

252 304 449 367 Ὀρέστης
473 310 547 366 τὴν
575 306 766 365 λυσσώδη
796 309 948 364 μανίαν
976 309 1178 364 ἀπέθετο,
1215 309 1304 366 ἥτις
1331 308 1460 367 στήλη
1484 315 1618 367 χαλκῆ
1639 312 1713 363 ἕως

252 383 333 435 τῆς
362 383 434 423 νῦν
456 379 621 422 ἰ’σταται
630 410 645 431 ,
681 378 1026 432 μετακαλέσαντες
1047 379 1085 422 οἳ
1104 379 1276 423 Ἰωνΐται
1298 381 1366 422 καὶ
1385 383 1459 423 τοῦ
1475 381 1714 424 Μελαντίου

259 447 383 504 ὅρους
408 446 455 490 τὸ
483 446 613 501 ὄνομα
641 443 830 500 Ἀμανόν.
900 444 922 489 ὃ
941 447 985 490 δὲ
997 447 1192 504 Ὀρέστης
1210 446 1496 504 προσκυνήσας
1515 448 1715 499 roas-’110-

256 517 373 566 νίτας
406 519 610 570 κατῆλθεν
638 515 694 564 εἲς
725 514 800 569 τὴν
829 512 1013 572 πάραλον
1042 521 1117 572 τῆς
1134 516 1348 572 λεγομένης
1367 514 1508 575 πρῴην
1522 520 1713 560 Παλαιο-

257 582 434 636 πόλεως,
471 584 559 627 νυνὶ
584 583 628 625 δὲ
655 584 910 634 Σελευκείας·
951 585 1018 627 καὶ
1038 582 1216 640 εὑρηκὼς
1236 589 1337 640 νῆας
1357 586 1456 637 ἐκεῖ,
1493 585 1746 630 ἇπέπλευσε5

255 652 358 707 μετὰ
396 655 470 707 τῆς
500 650 731 707 Ἰφιγενείας
764 653 832 695 καὶ
860 656 934 695 τοῦ
960 651 1160 695 Πυλάδου
1198 654 1261 695 ἐπὶ
1289 653 1361 708 τὴν
1386 651 1575 697 Ἑλλάδα.
1645 655 1713 698 καὶ

113 736 147 770 0
171 737 237 772 181
263 719 400 773 ζεύξας
426 719 529 776 πρὸς
555 717 686 774 γάμον
713 719 788 775 τὴν
818 718 965 764 ἑαυτοῦ
995 721 1174 778 ἀδελφὴν
1190 721 1413 778 Ἠλέκτραν
1439 726 1497 780 τῷ
1518 719 1710 781 Πυλάδῃ,

203 805 236 840 Ε
260 788 425 843 κατέσχε
446 792 518 843 τῆς
531 789 786 844 Μυκηναίων
804 786 943 846 χώρας
963 789 1039 846 ἕως
1057 787 1256 834 θανάτου.
1305 790 1343 834 οἱ
1360 791 1405 833 δὲ
1415 787 1541 847 Σύροι
1562 807 1713 848 προσε-

256 855 450 913 σχηκότες
470 856 516 900 τὸ
538 861 676 912 σχῆμα
699 861 773 912 τῆς
789 855 940 913 στήλης
957 862 1031 901 τοῦ
1046 858 1255 916 Ὀρέστου,
1291 860 1359 902 καὶ
1377 855 1584 913 μαθόντες
1598 859 1714 917 παρὰ

254 930 339 970 τῶν
367 925 553 970 Ἰωνιτῶν
585 925 657 968 τὸν
687 924 863 983 τρόπον,
900 926 1156 984 ὀργισθέντες
1186 925 1428 970 ἐπεκάλεσαν
1457 925 1583 970 αὐτὸν
1608 929 1712 983 δρα-
1723 933 1769 968 10

256 994 395 1050 πέτην,
437 991 540 1036 διότι
558 991 746 1037 τοιούτου
770 995 933 1051 ἀγαθοῦ
956 993 1191 1051 συμβάντος
1211 995 1320 1053 αὐτῷ
1341 996 1384 1038 ἓν
1402 998 1454 1052 τῇ
1473 994 1610 1038 αὐτῶν
1626 993 1713 1050 χῶ-

257 1080 334 1122 ρᾳ,
373 1063 439 1105 καὶ
467 1060 712 1119 ἐκφυγόντος
732 1063 806 1118 τὴν
826 1061 1019 1119 τοιαύτην
1037 1061 1226 1119 ἀπειλήν,
1263 1064 1456 1120 στραφεὶς
1476 1064 1543 1105 καὶ
1562 1079 1713 1118 προσε-

255 1130 417 1186 σχηκώς
460 1132 527 1173 καὶ
562 1128 800 1186 ἄνυμνήσας
838 1132 891 1175 τὰ
925 1137 1023 1175 θεῖα
1055 1133 1123 1175 καὶ
1154 1131 1398 1187 εὐχαριστῶν
1431 1130 1505 1186 οὔχ
1534 1129 1713 1183 ὖπέδειξε

255 1206 343 1248 τοῖς
358 1199 552 1249 Ἰωνίταις
570 1198 616 1242 τὸ
640 1199 746 1257 ἱερὸν
767 1204 839 1254 τῆς
853 1198 1036 1254 Ἑστίας,
1074 1199 1178 1242 ἀλλὰ
1209 1197 1482 1256 δραπετεύσας
1507 1198 1580 1243 τὸν
1603 1199 1727 1257 &oye-⁵

134 1278 167 1313 V
188 1279 235 1315 60
257 1265 386 1323 σμόν,
432 1266 518 1309 ἀντ’
550 1267 804 1323 εὐχαριστίας
837 1266 1191 1325 ἀποστρεφόμενος
1222 1272 1280 1327 τῷ
1309 1265 1496 1327 δακτύλῳ
1527 1271 1602 1324 τῆς
1625 1285 1711 1323 χει-
1722 1275 1768 1312 15

255 1336 327 1394 ρός
354 1335 481 1378 αὐτοῦ
511 1333 689 1386 ὑπέδειξε
720 1337 767 1379 τὸ
803 1336 910 1393 ἱερὸν
943 1339 1009 1379 καὶ
1040 1336 1086 1378 τὸ
1121 1335 1238 1392 ὄρος,
1277 1334 1380 1379 ὅπου
1404 1340 1478 1391 τῆς
1506 1335 1710 1392 ἀνημέρου

252 1405 401 1460 μανίης
435 1403 677 1460 ἀπαλλαγεὶς
711 1401 864 1460 ἐσώθη.
942 1402 1031 1460 ἥτις
1061 1402 1189 1459 στήλη
1223 1409 1297 1447 τοῦ
1323 1404 1518 1460 Ὀρέστου
1552 1402 1573 1446 ὅ
1607 1405 1711 1461 δρα-

251 1472 376 1528 πέτης
409 1475 588 1514 καλεῖται
615 1473 728 1529 παρὰ
755 1479 840 1522 τοῖς
857 1472 1124 1527 Ἀντιοχεῦσιν
1159 1472 1234 1522 ἕως
1260 1476 1334 1516 τοῦ
1361 1469 1584 1529 παρόντος·
1630 1471 1710 1529 πρὸ

252 1540 332 1597 γὰρ
372 1543 519 1596 μικροῦ
558 1545 632 1595 τῆς
667 1539 821 1590 πόλεώς
859 1541 967 1583 ἐστιν
1001 1538 1022 1583 ὅ
1059 1539 1182 1590 αὐτὸς
1208 1540 1377 1599 ἀνδριὰς
1401 1545 1475 1584 τοῦ
1499 1539 1707 1598 Ὀρέστου.

202 1623 233 1658 Β
255 1612 389 1652 ταῦτα
409 1608 453 1650 δὲ
470 1606 491 1650 ὂ
513 1609 644 1665 σοφὸς
666 1610 871 1663 Δομνΐνος
889 1606 1187 1665 συνεγράψατο,
1718 1615 1767 1651 20

354 1675 420 1719 Ἐν
440 1682 526 1725 τοῖς
542 1675 702 1733 χρόνοις
729 1677 772 1719 δὲ
799 1684 884 1727 τοῖς
904 1677 1008 1731 μετὰ
1034 1677 1107 1731 τὴν
1129 1676 1280 1719 ἅλωσιν
1305 1675 1460 1729 Τροίας
1493 1673 1588 1733 παρ’
1616 1674 1712 1719 Ἓλ-

257 1749 375 1800 λησιν
395 1743 649 1799 ἐθαυμάζετο
669 1749 831 1803 πρῶτος
854 1745 979 1799 Θέμις
1001 1743 1191 1800 ὀνόματι·
1220 1745 1359 1802 ἓξηῦρε
1375 1743 1452 1800 γὰρ
1472 1738 1592 1794 οὗτος
1609 1761 1711 1800 τρα-

257 1813 371 1868 γικὰς
397 1814 599 1872 μελῳδίας
633 1815 701 1856 καὶ
732 1814 892 1865 ἐξέθετο
921 1818 1083 1871 πρῶτος
1110 1810 1315 1871 δράματα.
1385 1813 1451 1855 καὶ
1467 1812 1571 1867 μετὰ
1587 1816 1709 1856 τοῦτο

348 1910 384 1945 7.
409 1907 586 1956 Πυλάδῃ]
612 1908 758 1956 φυλάδῃ
781 1910 850 1944 Ox.
948 1912 1007 1947 23.
1028 1910 1161 1955 τοῦτο]
1184 1909 1282 1945 Fort-
1305 1908 1451 1946 τοῦτον.
1493 1908 1548 1943 De
1569 1908 1636 1943 hoc
1657 1907 1710 1943 lo-

350 1966 391 1989 co
415 1955 486 1991 vid.
510 1956 683 1990 Bentleius
705 1967 742 2001 p.
765 1954 821 1990 44.
845 1968 872 1991 s.
894 1953 950 1992 49.
970 1959 1026 1993 69.

259 2032 384 2067 ibidem
415 2032 550 2068 visitur.
597 2034 667 2068 Sed
690 2037 726 2069 et
746 2034 882 2070 Jonitae
903 2035 1055 2070 Montem
1088 2045 1226 2080 quoque
1247 2033 1444 2068 Melantium
1466 2034 1635 2067 Amanum
1658 2031 1711 2066 di-

258 2090 362 2113 xerez
387 2079 516 2124 posteri
538 2079 667 2114 scilicet
689 2080 740 2114 uti
762 2081 908 2123 scirent,
937 2081 1071 2116 ubinam
1095 2081 1226 2115 Orestis
1247 2080 1412 2114 rabiosam
1435 2090 1526 2112 suam
1548 2077 1711 2113 insaniam

258 2125 472 2171 deposuerat.
518 2125 658 2159 Orestes
680 2130 803 2167 autem,
823 2126 946 2161 Jonitis
969 2126 1141 2168 salutatis,
1159 2126 1196 2160 in
1217 2125 1382 2160 maritima
1403 2123 1583 2159 Seleuciae
1605 2124 1712 2168 (quae

258 2169 475 2215 Palaeopolis
493 2170 571 2204 olim
594 2171 712 2215 dicta)
736 2171 928 2205 descendit:
953 2174 1014 2207 ubi
1036 2173 1176 2207 navibus
1198 2171 1362 2212 inventis,
1386 2182 1454 2204 una
1477 2181 1550 2204 cum
1572 2169 1711 2214 Iphige-

258 2216 317 2250 nia
346 2215 543 2260 Pyladeque
573 2215 608 2249 in
639 2216 821 2251 Graeciam
852 2229 1006 2252 reversus
1040 2222 1102 2252 est.
1147 2217 1200 2250 Ibi
1231 2228 1312 2251 vero
1344 2216 1474 2250 tradita.
1502 2215 1538 2249 in
1572 2226 1711 2249 uxorem

258 2261 383 2306 Pyladi
406 2273 522 2296 sorore
543 2262 705 2303 Electra,
738 2262 890 2307 Mycenis
914 2262 986 2308 ipse
1018 2265 1063 2298 ad
1086 2268 1226 2297 mortem
1248 2273 1353 2307 usque
1382 2261 1583 2307 imperabat.
1629 2259 1711 2306 Syri

258 2313 370 2342 autem
393 2307 528 2341 Orestis
549 2310 692 2342 statuam
716 2308 951 2350 advertentes,
975 2320 1175 2354 causamque
1198 2309 1240 2343 ab
1262 2307 1385 2342 Jonitis
1408 2307 1546 2347 edocti3
1568 2305 1710 2349 Indigna

256 2354 302 2388 ab
327 2365 367 2387 eo
391 2353 562 2395 ferentes,
585 2354 785 2399 Fugitivum
807 2354 1029 2396 vocitabant3
1066 2366 1107 2389 eo
1131 2354 1240 2399 quod,
1279 2353 1338 2399 qui
1358 2357 1490 2388 tantum
1512 2351 1710 2387 beneficium

256 2398 293 2432 in
316 2402 411 2432 terra
434 2398 566 2433 illorum
589 2404 756 2433 assecutus
778 2399 910 2440 fuerat,
951 2400 1114 2444 ejusmodi
1136 2399 1229 2434 malis
1251 2403 1408 2444 ereptus,
1439 2408 1507 2431 non
1529 2396 1603 2430 Deo
1627 2407 1710 2441 gra·-

258 2444 325 2478 tias
349 2455 475 2489 agens,
513 2449 689 2489 acceptum
710 2444 794 2479 illud
816 2444 955 2479 Numini
977 2445 1164 2486 retulisset3
1201 2456 1265 2479 nec
1286 2444 1401 2479 redire
1423 2443 1604 2486 dignatus,
1641 2443 1710 2475 Ve-

259 2494 332 2524 stae
355 2491 516 2536 templum
535 2490 656 2525 Jonitis
679 2490 845 2525 attentior
867 2494 1173 2525 commonstrassete
1204 2490 1263 2524 sed
1285 2501 1384 2535 quam
1406 2488 1557 2522 recolere
1579 2497 1711 2532 semper

259 2535 400 2577 debuit,
436 2536 488 2570 rei
511 2536 700 2571 memoriam
722 2535 870 2581 turpiter
893 2540 1086 2577 aversatus,
1122 2535 1272 2569 Montem
1294 2534 1542 2579 templumque,
1574 2532 1634 2567 ubi
1656 2532 1711 2566 ef·-

259 2581 405 2615 feratam
435 2592 528 2615 suam
558 2582 722 2617 insaniam
753 2582 974 2627 deposuerat,
1011 2581 1120 2625 digito
1151 2583 1280 2614 tantum
1315 2591 1336 2614 a
1358 2585 1455 2624 tergo
1485 2580 1709 2613 monstrasset.

260 2626 384 2660 Statua
407 2638 488 2661 vero
512 2627 643 2663 Orestis
664 2627 749 2669 ista,
781 2638 845 2662 non
868 2626 987 2672 procul
1010 2627 1053 2660 ab
1076 2626 1160 2659 urbe
1182 2625 1312 2671 posita,
1335 2626 1522 2670 mamm,
1546 2623 1618 2658 sive
1640 2623 1712 2657 Fu-

259 2670 408 2714 gitivus,
438 2673 481 2706 ab
504 2673 718 2708 Antiochenis
741 2673 785 2708 ad
807 2674 897 2708 hunc
919 2683 1024 2717 usque
1045 2671 1132 2706 diem
1156 2671 1370 2717 appellatura
1399 2670 1451 2705 uti
1473 2671 1558 2704 haec
1579 2667 1710 2714 sapiens

260 2715 442 2751 Domninus
465 2719 655 2764 conscripta
676 2719 826 2764 reliquit.

353 2762 487 2797 Secutis
509 2775 591 2798 vero
614 2768 692 2811 post
714 2766 855 2809 Trojam
878 2766 1011 2808 captam
1040 2761 1262 2807 temporibus,
1300 2760 1391 2806 apud
1415 2761 1571 2795 Graecos
1593 2757 1710 2811 floruit

264 2805 402 2841 Themis
436 2809 592 2853 quidam3
635 2810 695 2855 qui
718 2810 762 2845 de
785 2808 968 2845 Cantilenis
999 2807 1156 2852 Tragicis
1188 2811 1224 2841 et
1253 2807 1471 2841 Dramatibus
1500 2803 1710 2856 inveniendis

263 2851 390 2898 primus
420 2865 573 2899 magnam
595 2855 659 2891 sibi
689 2855 828 2893 nominis
849 2855 991 2902 gloriam
1021 2853 1241 2900 comparavit.
1286 2853 1382 2888 Illum
1414 2852 1618 2897 sequebatur
1640 2848 1710 2883 Μι-
