1838 3230
281 180 382 228 302
682 177 968 224 IOANNIS
997 182 1337 228 MALALAE

280 298 478 352 Περσῶν,
516 297 581 339 καὶ
613 295 669 347 ὥς
701 297 935 355 κατέρχεται
956 300 998 344 ἓν
1021 305 1198 362 Ταρσῷ,
1235 300 1390 362 ἐσφάγη
1407 303 1488 349 ὑπὸ
1505 309 1587 350 τῶν
1605 307 1734 364 mm,

281 363 338 407 ὢν
367 365 559 408 ἐνιαυτῶν
577 363 643 416 ξε’.

383 433 508 476 Ister&
530 434 574 475 δὲ·
594 433 666 488 τὴν
687 435 897 487 βασιλείαν
922 438 1163 492 Φλωριανοῦ
1187 438 1442 492 ἐβασίλευσεν
1455 440 1600 493 ’Ἠλιος
1614 439 1737 500 Πρό-

276 505 352 555 βος
377 500 445 555 ἴτη
475 499 510 556 γ’
532 503 598 543 καὶ
619 506 752 556 μῆνας
769 501 817 558 γ’.
885 499 935 558 ἦν
956 505 999 546 δὲ
1020 506 1274 562 διμοιριαΐος,
1312 507 1569 566 προγάστωρ,
1603 507 1736 555 ἁπλό-

276 572 388 625 θριξ,
409 567 673 626 ἀσσόκουρος,
698 569 966 628 δασυπώγων,
989 571 1251 630 μελάγχρους,
1276 575 1500 634 πυρῥακής,
1522 575 1766 636 εὐόφθαλμᾱ

274 654 374 691 μος,
410 637 540 693 σοφὸς
561 636 667 681 πάνυ
682 652 691 662 ·
729 641 853 696 ἐφίλει
872 642 916 683 δὲ
946 640 991 683 τὸ
1009 640 1219 698 Πράσινον
1237 644 1373 701 μέρος.
1444 647 1485 688 ἒν
1507 647 1552 688 δὲ
1579 650 1631 704 τῇ
1657 646 1734 690 αὖ·

273 709 347 748 τοῦ
377 707 564 766 βασιλεία
597 705 866 763 ἐπεκόσμησεν
887 710 927 750 ἐν
949 709 1167 770 Ἀντιοχείᾳ
1194 716 1245 769 τῇ
1275 711 1428 770 μεγάλῃ
1449 713 1496 757 τὸ
1523 712 1734 771 λεγόμενον

273 776 506 826 Μουσεῖον,
545 777 612 816 καὶ
644 775 691 818 τὰ
723 777 764 818 ἐν
794 776 904 835 αὐτῷ
927 780 1147 834 Νυμφαῖον
1168 779 1215 822 τὸ
1238 781 1531 836 σιγματοειὸές,
1567 780 1735 840 γράψας

273 841 446 900 ἐνάὗτῷ
468 842 535 885 διὰ
551 845 779 901 μουσαριόυ
802 845 872 887 τὸν
885 844 1090 890 Ὠκεανόν.
1126 845 1148 890 ὅ
1168 849 1211 890 δὲ
1229 848 1352 899 αὐτὸς
1370 850 1561 904 βασιλεὺς
1577 853 1644 894 καὶ
1657 851 1734 901 τὰς

216 963 219 967 ἢ
276 908 451 965 σιτήσεις
485 916 560 966 τῆς
584 912 711 967 αὐτῆς
738 910 891 963 πόλεως
913 913 1155 970 Ἀντιοχείας
1179 917 1222 958 ἐκ
1250 921 1322 960 τοῦ
1355 919 1553 973 δημοσίου
1581 917 1730 972 ἔταξεν,
1743 930 1788 964 10

223 985 255 1021 D
275 980 344 1021 ἵνα
363 979 518 1034 δωρεὰν
537 979 756 1024 παιὸεὖωσι
779 981 846 1023 διὰ
866 983 983 1032 θείας
1002 983 1129 1026 αὐτοῦ
1149 983 1405 1041 προστάξεως
1425 987 1638 1037 θεσπίσας.

375 1045 423 1089 Ὁ
452 1049 496 1090 δὲ
526 1048 648 1099 αὐτὸς
665 1049 855 1103 βασιλεὺς
873 1049 1045 1107 Πρόβος
1063 1053 1282 1108 ἐπολέμησε
1305 1061 1390 1103 τοῖς
1410 1057 1450 1096 Γ
1448 1052 1589 1104 ότθοις
1610 1056 1655 1097 ἐν
1673 1059 1731 1113 τῷ

270 1116 455 1174 ,Σιρμίῳ”
492 1118 557 1158 καὶ
586 1118 628 1159 ἕν
661 1122 719 1176 τῷ
748 1122 935 1172 πολεμεῖν
963 1119 1087 1162 αὐτὸν
1121 1121 1270 1177 ἐγένετο
1298 1122 1414 1176 λιμὸς
1438 1121 1628 1177 κοσμικὸς
1657 1123 1732 1178 με’-

276 1199 374 1238 γας,
423 1186 489 1225 καὶ
523 1185 579 1240 μὴ
611 1183 857 1241 εὑρεθέντων
886 1186 1164 1243 ἀναλωμάτων
1197 1190 1434 1233 ἐστασίασεν
1471 1188 1492 1234 ὅ
1531 1189 1730 1247 στρατός’

1102 1261 1122 1270 a.»

276 1252 343 1293 καὶ
363 1251 604 1302 ἐπελθόντες
630 1253 809 1310 ἔσφαξαν
837 1254 961 1298 αὐτὸν
996 1257 1038 1299 ἓν
1064 1275 1121 1315 τῳ
1144 1259 1299 1315 Σιρμίῳ
1336 1257 1434 1301 ὄντα
1466 1259 1659 1302 ἐνιαυτῶν
1676 1257 1725 1302 ν’.
1742 1270 1784 1306 15

127 1331 160 1365 0
183 1329 251 1368 401
377 1320 502 1362 Μετὰ
541 1322 585 1363 δὲ
627 1321 699 1375 τὴν
731 1323 940 1375 βασιλείαν
967 1322 1141 1381 Πρόβου
1178 1326 1432 1379 ἐβασίλευσεν
1468 1325 1488 1370 ὅ
1516 1324 1731 1386 θειότατρς

274 1389 420 1444 Κᾶρος
439 1387 508 1443 ἔτη
528 1386 584 1443 β’.
652 1385 703 1443 ἦν
731 1391 774 1431 δὲ
793 1389 1050 1448 κονδοειὸήςγ
1067 1392 1282 1447 εὕστηθος,
1317 1391 1471 1446 λευκός,
1507 1392 1726 1450 ἆπλόθριξ,

274 1453 524 1510 μιξοπόλιος,
560 1454 836 1513 ὗπόγλαυκος,
870 1457 1088 1514 πλάτοψις,
1126 1460 1293 1517 εὕρινος,
1328 1459 1590 1516 παχῦχειλος,
1630 1460 1730 1504 ’ὕπε-

274 1521 469 1579 ρήφανος.
542 1525 605 1566 ε’πὶ
634 1525 678 1567 δὲ
711 1529 784 1580 τῆς
813 1525 938 1569 αὐτοῦ
968 1529 1178 1582 βασιλείας
1201 1527 1370 1580 ὑπέταξε
1394 1527 1550 1586 χώραν,
1585 1528 1728 1585 ἥντινα

273 1589 433 1634 ἐκάλεσε
467 1594 653 1649 Καρίαν,
698 1590 872 1648 ποιήσας
909 1595 1036 1651 αὐτὴν
1073 1597 1278 1651 ἐπαρχίαν.
1363 1595 1652 1653 ἐπεστράτευσε
1683 1598 1783 1642 ὃὲΞΟ

219 1670 252 1704 Ε
277 1659 380 1702 κατὰ
410 1663 609 1717 Περσῶν,
656 1663 723 1703 καὶ
760 1661 955 1705 εἰσελθών
992 1664 1195 1720 παρέλαβε
1227 1665 1279 1707 τὰ
1307 1665 1491 1722 Περσικὰ
1516 1665 1621 1722 μέρη
1656 1666 1730 1716 ἕως

272 1730 570 1786 Κτησιφῶντος
589 1726 758 1782 πόλεως,
782 1731 850 1772 καὶ
871 1729 1134 1789 ὑπέστρεψεν.
1199 1733 1361 1788 ἐτείχισε
1384 1734 1427 1776 δὲ
1446 1734 1487 1775 ἕν
1504 1738 1562 1792 τῷ
1583 1735 1727 1792 λἰμίτῳ

362 1838 394 1872 8.
418 1840 608 1874 Μουσεῖον
622 1838 701 1880 Ch„
722 1839 895 1875 Μουσίου
907 1841 978 1877 Ox.
1069 1841 1152 1876 ibid.
1177 1839 1428 1888 σιγματοειδής
1444 1841 1510 1877 Ox.
1600 1843 1635 1878 9.
1658 1838 1727 1878 αὖ·

360 1881 402 1919 τὸ
430 1883 496 1918 ΟΧ.
589 1886 644 1921 22.
670 1885 800 1932 λιμιτῷ
822 1887 890 1920 Ox·

272 1972 406 2007 intulit:
447 1984 511 2019 per
535 1975 681 2010 Tarsum
714 1988 796 2011 vero
819 1976 888 2011 iter
908 1975 1059 2020 faciens,
1098 1988 1120 2012 a
1141 1977 1208 2012 suis
1237 1977 1465 2020 interficitur,
1503 1988 1606 2012 annos
1627 1981 1726 2013 natus

268 2029 354 2053 vmur.

366 2064 448 2097 Post
487 2064 681 2102 Florianum
715 2067 896 2114 imperavit
928 2068 1039 2102 Aelius
1078 2069 1209 2104 Probus
1242 2080 1344 2103 annos
1375 2079 1418 2103 m
1448 2070 1484 2103 et
1512 2079 1639 2104 menses
1669 2079 1724 2104 111.

273 2109 365 2143 Erat
387 2109 443 2143 hic
466 2113 597 2144 statura
615 2113 740 2155 justam
763 2118 963 2159 superante,
998 2114 1227 2155 ventricosus,
1262 2114 1353 2148 crine
1387 2114 1486 2159 plano
1508 2114 1723 2160 detonsoque,

274 2155 384 2188 barba
401 2154 541 2196 hirsuta,
564 2163 640 2191 cute
663 2158 774 2202 nigra,
799 2161 904 2201 rufus,
929 2159 1036 2193 oculis
1059 2160 1216 2205 pulchris,
1237 2170 1361 2193 summe
1384 2160 1542 2204 prudens.
1587 2160 1727 2195 Fectio-

273 2199 309 2234 ni
332 2204 445 2243 autem
469 2201 628 2236 Prasinae
650 2204 820 2239 studebat.
865 2205 933 2239 Hic
947 2205 1133 2247 Musaeum,
1157 2204 1248 2250 quod
1266 2210 1402 2246 vocant,
1426 2205 1627 2240 Antiochiae
1646 2206 1726 2240 Ma·-

274 2257 384 2289 gnae,
409 2250 444 2280 et
466 2246 722 2292 Nymphaeum,
746 2250 894 2293 Sigmatis
916 2251 1027 2285 forma
1051 2255 1258 2292 extructum,
1282 2249 1481 2292 adornavit3
1521 2251 1651 2285 caelato
1674 2250 1724 2284 ibi

275 2292 437 2333 Oceano,
465 2303 571 2335 opere
593 2293 738 2328 Musivo.
784 2296 925 2340 Insuper
948 2296 1049 2330 etiam
1072 2296 1196 2330 Edicto
1218 2295 1443 2339 Imperatorio
1463 2296 1581 2339 jussit,
1606 2296 1657 2330 uti
1679 2307 1722 2330 ex

268 2336 408 2370 'aerario
433 2337 576 2371 Publice
600 2339 836 2381 Antiochensi,
860 2338 1027 2386 stipendia
1050 2353 1178 2383 annua,
1201 2352 1264 2387 pro
1284 2341 1466 2385 juveutute
1489 2340 1593 2383 urbis,
1614 2341 1722 2376 literis

271 2382 379 2426 gratis
400 2381 619 2425 instituenda,
643 2385 894 2420 exhiberentur.

362 2427 456 2461 Idem
485 2428 672 2473 Imperator
700 2430 831 2464 Probus
866 2431 989 2466 bellum
1021 2432 1178 2466 adversus
1209 2432 1342 2467 Gothos
1371 2429 1408 2464 in
1429 2430 1553 2466 Sirmio
1578 2432 1721 2473 habuit3

271 2484 338 2517 quo
363 2475 515 2518 tempore
535 2475 637 2509 fames
658 2475 773 2520 ingens
806 2487 868 2520 per
891 2481 997 2511 totum
1021 2479 1136 2512 orbem
1162 2482 1315 2521 grassata
1338 2480 1399 2510 est.
1445 2477 1587 2512 Annona
1609 2482 1722 2512 autem

273 2517 472 2560 deficiente,
496 2520 662 2555 seditione
683 2521 719 2555 in
742 2520 891 2555 exercitu
914 2522 1082 2565 excitata,
1118 2535 1139 2557 a
1162 2521 1318 2556 militibus
1340 2521 1540 2557 interfectus
1563 2527 1635 2565 est,
1660 2528 1722 2557 an'-

273 2574 335 2597 nos
359 2574 392 2596 ι.
423 2569 532 2598 natus.

363 2610 446 2642 Post
471 2609 616 2645 Probum
638 2610 816 2658 imperavit
839 2610 1057 2645 divinissimus
1075 2612 1180 2646 Carus
1203 2622 1305 2646 annos
1329 2622 1368 2645 11.
1416 2612 1502 2647 Erat
1523 2616 1632 2648 autem
1651 2617 1722 2648 sta-

269 2655 351 2687 tura
372 2654 480 2696 brevi,
504 2660 644 2700 pectore
665 2658 772 2699 firmo,
796 2656 967 2698 candidus,
991 2658 1084 2691 crine
1108 2657 1219 2702 plano,
1242 2658 1419 2700 subeamus,
1456 2658 1560 2693 oculis
1582 2660 1721 2693 subcae-

272 2698 347 2740 siis‚
371 2700 467 2734 vultu
491 2701 572 2742 lato,
596 2713 676 2738 naso
696 2703 830 2744 decoro,
853 2702 1008 2744 labiosus,
1032 2703 1205 2747 superbus.
1252 2702 1441 2747 Imperator
1463 2703 1526 2737 iste
1549 2704 1720 2748 regionem

272 2745 439 2788 quandam
474 2747 687 2791 subjugavit,
719 2761 818 2794 quam
847 2747 883 2781 in
905 2748 1106 2781 Provinciae
1137 2748 1277 2781 formam
1299 2749 1472 2783 redactam
1497 2750 1637 2784 Cariam
1657 2760 1721 2783 vo-

271 2789 374 2822 cavit.
439 2790 568 2826 Contra
604 2793 724 2828 Persas
757 2795 858 2829 etiam
881 2804 974 2828 arma
993 2793 1119 2834 movit3
1157 2804 1338 2838 eorumque
1361 2794 1516 2838 regiones
1540 2795 1583 2828 ad
1607 2793 1719 2829 Ctesi·-

271 2834 431 2879 phontem
454 2847 559 2884 usque
588 2839 703 2874 urbem
726 2838 917 2887 occupavit.
965 2838 1049 2877 Inde
1082 2850 1163 2875 vero
1195 2850 1393 2876 reversurus
1417 2839 1570 2876 Castrum
1601 2839 1649 2874 ibi
1683 2839 1719 2873 in
