1838 3230
314 195 417 244 436?
704 192 986 238 IOANNIS
1016 195 1352 239 MALALAE

312 310 563 367 κινστέρνας,
598 308 844 364 βουλόμενος
873 312 1088 367 εἰσαγαγεῖν
1112 313 1154 355 ἓν
1177 312 1280 369 αὐτῇ
1305 313 1351 356 τὸ
1372 313 1484 372 ὕδωρ
1507 313 1562 357 ’τὸ
1582 313 1745 373 Ἀδραά-

310 382 407 421 νιον.
478 377 667 421 ἆνενέωσε
687 378 731 419 δὲ
750 379 816 419 καὶ
837 377 908 421 τὸν
926 378 1080 435 ἀγωγὸν
1102 384 1176 435 τῆς
1194 379 1357 430 πόλεως.
1535 386 1538 389 ’

404 467 471 509 Ἔν
505 467 615 524 αὐτῷ
640 467 684 509 δὲ
711 471 767 525 τῷ
789 465 922 526 χρόνῳ
957 467 1231 525 διεβλήθησαν
1272 487 1374 520 τινες
1409 474 1491 514 τῶν
1522 468 1745 514 ἐπισκόπων

311 533 389 577 ἀπὸ
412 532 619 590 διαφόρων
650 535 872 590 ἐπαρχιῶν,
917 533 972 586 ὥς
1003 541 1134 585 κακῶς
1157 542 1339 590 βιοῦντες
1366 540 1453 595 περὶ
1485 538 1538 581 τὰ
1566 555 1746 592 σωματι-

186 607 216 639 V
238 608 284 644 58
313 602 364 643 κὰ
405 604 470 644 καὶ
510 601 891 657 ἀρσενοκοιτοῦντες.
959 604 1001 645 ἐν
1020 602 1080 653 οἷς
1106 601 1155 659 ἧν
1182 605 1355 654 Ἡσαΐας
1383 604 1404 648 ὁ
1435 610 1507 660 τῆς
1538 604 1678 649 Ῥόδου
1722 604 1777 650 «55

311 669 391 712 ἀπὸ
414 667 696 725 νυκτεπάρχων
728 670 1211 724 Κωνσταντινουπόλεως,
1257 671 1404 726 ὁμοίως
1440 674 1484 715 δὲ
1517 675 1583 715 καὶ
1611 671 1632 716 ὃ
1665 672 1746 716 ἀπὸ

309 736 412 786 Διὸς
429 735 581 786 πόλεως
614 741 687 791 τῆς
718 735 907 795 Θρᾴκης,
944 736 1109 793 ὀνόματι
1132 739 1404 795 Ἀλέξανδρος.
1475 742 1615 790 οἵτινες
1642 740 1746 782 κατὰ

308 805 427 846 θείαν
459 802 675 860 πρόσταξιν
702 805 933 859 ἠνέχθησαν
966 806 1007 847 ἐν
1036 806 1477 859 Κωνσταντινουπόλει,
1515 810 1580 849 καὶ
1611 808 1746 858 ἕξετα-

309 872 475 921 σθέντες
507 871 801 928 καθῃρέθησαν
839 870 918 914 ὑπὸ
957 874 1165 929 Βίκτωρος
1204 873 1377 930 ἐπάρχου
1416 873 1589 927 πόλεως,
1634 873 1746 925 ὅστις

309 938 585 994 ἐτιμωρήσατο
605 937 754 989 αὐτούς
763 972 776 992 ,
848 940 912 981 καὶ
939 939 1010 982 τὸν
1037 942 1299 995 μὲνἨσαΐαν
1340 947 1489 999 πικρῶς
1518 944 1744 996 βασανίσας
1757 946 1801 981 10

310 1005 471 1061 ἐξώρισε
482 1039 495 1059 ,
542 1006 613 1049 τὸν
659 1007 703 1049 δὲ
747 1007 1007 1062 Ἀλέξανδρον
1051 1007 1362 1063 καυλοτομήσας
1406 1007 1651 1063 ἐπόμπευσεν
1691 1011 1747 1059 εἷς

162 1083 194 1116 O
219 1086 286 1120 168
309 1075 602 1130 κραβαταρίαν·
674 1076 739 1117 καὶ
758 1074 911 1123 εὐθέως
932 1076 1174 1131 προσέταξεν
1219 1075 1240 1118 ὃ
1270 1076 1393 1126 αὐτὸς
1430 1076 1633 1131 βασιλεῦς-
1651 1077 1747 1127 τοὺς

308 1142 350 1183 ἐν
372 1142 674 1196 παιδεραστίαις
707 1140 1011 1199 εὑρισκομένους
1053 1147 1406 1198 καυλοτομεΐσθαι.
1477 1146 1543 1187 καὶ
1561 1144 1746 1199 συνεσχέ-

307 1213 446 1262 θησαν
475 1211 516 1250 ἐν
549 1208 658 1265 αὐτῷ
688 1213 744 1266 τῷ
778 1214 903 1265 καιρῷ
933 1213 1074 1253 πολλοὶ
1102 1211 1370 1267 ἀνδροκοῖται,
1404 1212 1470 1253 καὶ
1493 1215 1746 1266 καυλοτομη-

306 1276 447 1324 θέντες
467 1275 684 1317 ἀπέθανον.
731 1278 796 1317 καὶ
815 1277 962 1331 ἐγένετο
981 1278 1113 1321 ἔκτοτε
1135 1277 1266 1336 φόβος
1286 1278 1390 1321 κατὰ
1419 1282 1499 1322 τῶν
1517 1277 1744 1322 νοσούντων
1756 1281 1799 1317 15

511 1343 600 1360 )Ί(Ι

306 1342 381 1397 τὴν
400 1347 481 1385 τῶν
500 1359 676 1399 αρρενων
697 1344 928 1397 ἐπιθυμίαν.
985 1352 991 1356 ’

255 1445 285 1479 Β
403 1433 469 1475 Ἔν
491 1432 600 1490 αὐτῷ
622 1433 665 1474 δὲ
684 1437 741 1490 τῷ
756 1430 890 1490 χρόνῳ
911 1431 1062 1474 ἔπαθεν
1088 1431 1168 1476 ὖπὸ
1198 1435 1422 1489 θεομηνίας
1453 1435 1494 1476 ἓν
1523 1438 1575 1491 τῇ
1601 1436 1745 1494 Μυσίᾳ

307 1498 644 1555 Πομπηιοῦπολις
659 1513 669 1524 ·
713 1505 784 1549 τοῖς
811 1500 886 1555 γὰρ
927 1499 1115 1555 κινήσεως
1161 1503 1370 1557 γενομένης
1415 1502 1604 1558 ἐξαίφνης
1637 1503 1744 1556 ἐσχί-

307 1572 393 1622 σθη
411 1566 435 1621 ἡ
455 1571 503 1623 γῆ
525 1569 589 1609 καὶ
609 1565 773 1622 ἔχαώθη
795 1568 840 1610 τὸ
858 1566 980 1621 ἥμισυ
1013 1572 1086 1621 τῆς
1103 1567 1255 1618 πόλεως
1286 1569 1388 1623 μετὰ
1407 1573 1489 1612 τῶν
1510 1567 1740 1622 οῗκούντων,

308 1637 374 1677 καὶ
393 1630 498 1689 ἦσαν
512 1633 589 1675 ὑπὸ
610 1634 683 1688 τὴν
703 1639 774 1690 γῆν
789 1667 801 1687 ,
839 1636 904 1677 καὶ
925 1635 971 1677 τὸ
991 1630 1087 1689 ἦχος
1109 1636 1241 1679 αὐτῶν
1273 1637 1432 1692 ἐφέρετο
1461 1642 1546 1685 τοῖς
1570 1653 1743 1692 περισω-
1752 1641 1799 1675 20

307 1706 428 1745 θεῖσι.
465 1704 532 1744 καὶ
551 1702 678 1744 πολλὰ
697 1699 1009 1759 ἐφιλοτιμήσατο
1024 1701 1045 1745 ὃ
1060 1702 1182 1754 αὐτὸς
1198 1703 1388 1758 βασιλεὺς
1408 1706 1461 1753 εἷς
1478 1702 1552 1758 τὴν
1575 1702 1744 1758 ἒκχόΐσιν

396 1843 431 1879 5.
447 1839 579 1878 Ῥόδου
598 1841 660 1879 καὶ
678 1838 697 1878 ὁ
715 1843 784 1877 ΟΧ.
875 1845 906 1878 6.
933 1840 952 1878 ὃ
978 1838 1064 1888 ἀπὸ]
1091 1844 1191 1878 Immo
1214 1840 1246 1879 ὁ.
1409 1845 1462 1880 17.
1486 1840 1743 1888 Πομπειούπο-

396 1891 451 1928 au,-
473 1889 540 1922 Ox.
584 1891 640 1924 21.
667 1886 833 1932 ἐκχόϊσιν]
859 1886 1020 1933 ἓκχόησιν
1044 1891 1110 1923 Ox,
1134 1889 1188 1923 hic
1212 1892 1248 1924 et
1271 1889 1377 1925 61.B.
1400 1890 1444 1924 V.
1455 1889 1521 1924 vol.
1543 1890 1569 1923 Ι.
1590 1890 1740 1935 p.95.B.

396 1933 563 1969 Monitum
584 1934 627 1969 de
649 1934 731 1968 vitio
755 1933 855 1969 etiam
878 1935 920 1969 ab
943 1934 1123 1970 editoribus
1146 1935 1312 1981 Stephani
1334 1947 1364 1969 c.
1390 1936 1510 1972 10558.
1532 1934 1576 1968 D.

307 2054 433 2089 saulum
456 2054 631 2091 Cisternae
651 2056 833 2098 Basilicae‚
865 2056 1005 2091 Adriani
1027 2068 1131 2103 aquas
1153 2057 1188 2091 in
1210 2069 1282 2093 eam
1304 2057 1481 2094 immittere
1502 2058 1624 2094 volens.
1671 2058 1741 2093 Ur-

307 2100 359 2134 bis
381 2100 480 2134 etiam
502 2103 755 2146 Aquaeductum
777 2103 965 2137 renovavit.

396 2166 518 2200 Iisdem
539 2169 741 2212 temporibus
762 2169 968 2204 diversarum
990 2170 1240 2216 provinciarum
1270 2170 1433 2217 Episcopi
1453 2171 1598 2206 libidinis
1620 2171 1740 2205 nefan-

307 2211 373 2245 dae
413 2223 554 2256 cumque
585 2213 742 2247 Masculis
779 2214 987 2259 impurissimi
1029 2216 1224 2250 concubitus
1256 2216 1309 2250 rei
1342 2218 1607 2262 peragebantur:
1647 2216 1739 2250 inter

305 2268 390 2301 quos
411 2256 513 2291 Isaias
534 2257 668 2298 Rhodi,
693 2258 1073 2306 constantinopolitanus
1097 2261 1171 2295 olim
1195 2262 1472 2306 Nycteparchus,
1495 2266 1529 2295 et
1551 2261 1740 2295 Alexander

306 2301 478 2346 Diospolis
509 2302 545 2335 in
567 2302 716 2336 Thracia
738 2304 901 2348 Episcopi
928 2307 1076 2340 fuerunt.
1121 2306 1168 2340 Hi
1189 2306 1305 2350 itaque
1327 2306 1437 2341 divino
1460 2306 1674 2350 Imperatoris
1696 2318 1739 2340 ex

306 2346 433 2380 Edicto
457 2347 777 2391 Constantinopolim
810 2349 966 2392 adducti,
1001 2355 1078 2396 post
1100 2362 1236 2385 examen
1257 2350 1393 2392 initum,
1428 2362 1449 2384 a
1472 2351 1612 2386 Victore
1633 2351 1738 2386 Urbis

305 2391 486 2425 Praefecto
508 2393 617 2437 gradu
638 2403 696 2426 suo
720 2392 901 2435 deturbati,
924 2407 1048 2438 poenas
1071 2396 1247 2430 dederunt.
1295 2396 1343 2429 Et
1364 2394 1466 2429 Isaias
1489 2395 1634 2441 quidem,
1657 2407 1738 2440 gra-

306 2447 364 2470 ves
387 2435 554 2471 cruciatus
574 2449 766 2482 perpessus,
802 2438 837 2471 in
861 2439 992 2473 exilium
1015 2441 1126 2474 missus
1149 2444 1208 2475 est.
1256 2440 1445 2474 Alexander
1464 2452 1567 2483 vero,
1601 2446 1738 2476 veretro

306 2485 500 2525 amputato,
531 2481 674 2517 lecticae
693 2482 883 2527 impositus,
906 2484 1029 2528 populo
1051 2486 1087 2518 in
1108 2485 1334 2530 spectaculum
1358 2486 1455 2519 datus
1478 2490 1537 2520 est.
1585 2487 1678 2528 Quin
1701 2490 1738 2521 et

305 2526 431 2570 Legem
454 2537 586 2571 quoque
606 2527 685 2562 dein
706 2528 894 2572 Imperator
915 2529 1013 2570 tulit,
1049 2530 1210 2564 Libidinis
1238 2530 1408 2564 Masculae
1428 2542 1502 2565 reos
1525 2542 1669 2576 quoscun
1694 2543 1738 2566 ue

306 2570 459 2604 virilibus
491 2572 648 2606 mutilari.
701 2572 867 2618 Multique
889 2573 1005 2607 eodem
1037 2578 1187 2619 tempore
1209 2575 1350 2609 Masculi
1384 2575 1580 2610 concubitus
1602 2577 1653 2611 rei
1671 2543 1736 2611 Ἄο-

306 2616 420 2659 prensi
441 2620 536 2658 sunt,
572 2617 629 2661 qui
659 2617 806 2652 virilibus
829 2618 942 2653 execti
975 2619 1162 2663 perierunt.
1206 2619 1318 2654 Metus
1349 2620 1427 2655 hinc
1447 2621 1532 2656 malo
1556 2622 1621 2656 hoc
1641 2622 1735 2657 labo-

305 2660 456 2694 rantibus
477 2661 625 2696 incussus
649 2668 711 2697 est.
1700 2682 1701 2686 ¹

397 2727 500 2762 Circa
529 2729 613 2763 haec
633 2733 785 2774 tempora
817 2729 961 2764 divinam
982 2729 1067 2765 iram
1090 2742 1249 2776 perpessa
1279 2734 1330 2766 est
1352 2732 1619 2778 Pompeiopolis,
1656 2733 1734 2766 urbs

307 2770 448 2816 Mysiae.
495 2774 552 2808 Ex
574 2775 773 2810 tremoribus
794 2775 879 2810 enim
900 2780 996 2810 terra
1016 2776 1123 2811 subito
1146 2776 1348 2818 dehiscente,
1371 2777 1506 2813 dimidia
1528 2778 1646 2812 civitas
1666 2788 1734 2811 una

307 2826 379 2850 cum
409 2817 524 2853 incolis
547 2819 707 2867 absorpta
730 2824 799 2857 est:
846 2822 1040 2857 obn-ntorum
1069 2822 1203 2857 interim
1225 2822 1421 2859 clamoribus
1455 2823 1498 2859 ad
1519 2821 1734 2870 superstitum
