1838 3230
287 179 352 227 12
794 173 1226 219 ANONYMI

284 297 344 354 τῷ
355 291 482 352 ’Ἐβερ
498 291 597 344 θεὸς
619 292 694 350 οὐχ
713 292 910 352 ’ὑστέρησε
931 293 1007 350 τὴν
1025 293 1198 352 ἀρχαίαν
1217 289 1372 352 φωνήν.
1440 291 1540 338 ὅθεν
1554 286 1742 340 'orubio-

284 364 491 418 μείναντες
509 363 551 406 ἒν
571 367 622 421 τῇ
640 362 818 423 προτέρᾳ
836 360 1001 421 γλώσσῃ
1011 361 1178 421 Ἓβραῖζ·
1199 363 1327 418 αὐτὴν
1348 361 1624 424 ἐπωνόμασαν,
1635 363 1741 407 κατὰ

284 431 360 487 τὴν
387 435 462 474 τοῦ
489 429 768 488 κρατήσαντος
799 430 927 487 αὐτὴν
962 432 1192 486 ἐπωνυμίαν
1210 431 1331 488 Ἔβερ
1357 433 1413 481 εἷς
1445 431 1493 474 τὸ
1521 431 1635 487 γένος
1658 435 1742 475 τῶν

273 498 495 557 ’Ἑβραίωη
523 501 666 549 οἵτινες
684 504 1004 554 πατρωνυμικῶς
1022 502 1087 543 καὶ
1107 499 1357 558 φερωνύμως
1371 497 1553 556 Ἑβραῖοι
1567 503 1741 544 καλοῦν-

286 585 368 612 ται.
422 567 484 610 διὸ
504 569 570 610 καὶ
587 572 639 626 τῇ
659 571 741 611 τῶν
756 565 956 625 Ἑβραίων
975 567 1137 626 γλώσσῃ
1155 570 1330 626 ἐχρῶντο
1350 568 1390 611 οἱ
1407 567 1489 611 ἀπὸ
1506 571 1581 610 τοῦ
1593 565 1739 623 Ἀδάμ,
1752 574 1774 610 5

286 638 354 680 καὶ
386 636 484 685 τοὺς
517 635 624 693 ἀμφὶ
650 636 721 679 τὸν
745 636 936 694 Ἀβραὰμ
964 639 1032 680 καὶ
1060 637 1132 681 τὸν
1157 641 1252 680 Νῶε
1269 636 1569 693 καταγομένους
1585 636 1743 680 καὶτὸν

287 702 474 761 δεύτερον
488 702 643 759 Ἀδάμ,
678 704 751 747 τὸν
773 705 958 761 Χριστὸν
978 705 1102 762 λέγω,
1138 710 1190 763 τῇ
1209 709 1292 749 τῶν
1308 703 1510 762 Ἑβραίων
1531 709 1650 762 φωνῇ
1667 707 1743 760 δῆ-

283 777 356 815 λον
387 772 493 815 κατὰ
521 772 593 815 τὸν
623 777 786 829 πρῶτον
814 771 979 817 πάντων
1001 773 1131 828 Ἀδὰμ
1154 771 1365 831 χρώμενον
1373 806 1387 827 ,
1438 770 1495 824 ὥς
1521 772 1570 816 τὸ
1598 772 1745 830 &pa-9&

284 842 351 884 καὶ
370 841 527 883 ramas).
546 845 667 896 κοῢμι
688 844 754 884 καὶ
775 842 874 896 λιμοὶ
893 844 1132 897 σαβαχθανὶ
1152 844 1219 885 καὶ
1238 841 1288 885 τὰ
1312 840 1446 896 ὅμοια.
1512 842 1579 884 καὶ
1601 841 1741 895 μέντοι

286 911 352 952 καὶ
371 909 473 966 πρὸς
492 907 652 959 τούτοις
670 912 737 952 καὶ
756 910 808 953 τὰ
828 914 911 953 τῶν
931 915 1115 954 παλαιῶν
1140 908 1322 965 ὀνόματα
1343 909 1506 967 ἐναργὲς
1525 907 1740 967 τεκμήριον
1753 913 1799 948 10

231 992 262 1026 Β
285 982 359 1020 τοῦ
387 975 542 1033 ταύτην
572 977 671 1021 εἶναι
702 978 842 1036 φωνὴν
874 979 947 1034 τὴν
971 979 1050 1036 πρὸ
1071 983 1144 1034 τῆς
1161 976 1415 1035 συγχύσεως,
1450 977 1517 1020 καὶ
1537 975 1669 1035 ταύτῃ
1693 977 1742 1021 τὸ

288 1044 531 1101 ζητούμενον
564 1045 846 1103 ἑρμηνεύεται,
885 1048 946 1105 ἐφ’
977 1042 1033 1090 ὧν
1061 1047 1147 1090 κατ’
1173 1047 1366 1101 οὐδεμίαν
1385 1045 1468 1088 ἴστε
1488 1049 1678 1101 γλῶσσαν
1695 1045 1744 1089 τὸ

288 1113 586 1170 σημαινόμενον
617 1114 891 1158 ἐπιλύσασθαι
901 1148 914 1168 ,
954 1114 1040 1159 οἷον
1072 1120 1146 1159 τοῦ
1174 1115 1305 1170 ᾍδᾶμ
1338 1116 1405 1157 καὶ
1424 1118 1507 1157 τῶν
1526 1117 1678 1157 λοιπῶν
1701 1113 1746 1156 αἱ

288 1185 557 1240 προσηγορίαι
595 1184 644 1225 δι’
680 1183 820 1242 ἑτέρας
850 1184 1039 1238 οὖδεμίας
1072 1182 1380 1241 ἕρμηνεῦονται,
1427 1181 1460 1226 εἷ
1489 1181 1548 1237 μὴ
1574 1182 1643 1226 διὰ
1665 1183 1746 1237 ιτῆς

282 1249 498 1307 Ἑβραϊκῆς
518 1254 584 1294 καὶ
602 1250 743 1308 μόνης.
805 1250 960 1307 ταύτην
976 1253 1053 1310 γὰρ
1071 1252 1146 1308 τὴν
1161 1256 1351 1308 γλῶσσαν
1368 1252 1436 1294 καὶ
1451 1250 1657 1307 Συριακὴν
1675 1250 1742 1293 λέε-
1754 1251 1797 1288 15

282 1336 446 1375 γουσιν,
485 1318 541 1370 ὥς
567 1319 588 1363 ὁ
614 1320 862 1375 πολυμαθὴς
889 1320 998 1364 οὕτω
1025 1328 1230 1378 μαρτυρεῖ
1246 1320 1473 1377 Ὠριγὲνης,
1512 1316 1742 1375 ἑρμηνεύων

286 1388 331 1429 ἐκ
358 1392 433 1442 τῆς
466 1392 673 1446 Συριακῆς
703 1391 850 1443 βίβλου
882 1391 947 1431 καὶ
977 1387 1068 1443 ἑξῆς
1088 1389 1294 1445 Συριακὴν
1314 1388 1435 1431 εἰπών
1455 1386 1530 1442 τὴν
1542 1385 1742 1445 Ἑβραίων

157 1462 190 1496 Ο
217 1463 261 1499 13
287 1453 517 1509 διάλεκτον,
557 1457 692 1512 ἐπειδὴ
721 1457 799 1513 γὰρ
835 1459 990 1513 Συρίαν
1018 1457 1093 1513 τὴν
1115 1457 1319 1499 Ἰουδαίαν
1339 1458 1406 1499 καὶ
1423 1453 1586 1511 Σύρους
1602 1456 1642 1498 οἱ
1659 1472 1741 1497 πα-

281 1517 388 1566 λαιοὶ
420 1524 517 1574 τοὺς
545 1526 850 1575 Παλαιστίνους
877 1523 1096 1579 ὠνόμαζον.
1169 1523 1190 1567 ὃ
1216 1525 1291 1579 μὲν
1315 1520 1388 1567 οὖν
1408 1521 1560 1580 πύργος
1584 1523 1740 1582 ᾠκοδο-

280 1589 400 1648 μήθη
424 1593 488 1634 ἐπὶ
503 1591 620 1651 Ἑβὲρ
642 1594 684 1636 ἒν
704 1592 807 1636 ἔτεσι
826 1592 1153 1651 τεσσαράκοντα,
1190 1595 1258 1636 καὶ
1277 1592 1361 1636 ἔστι
1378 1592 1672 1648 κεχαλασμένος
1688 1590 1740 1634 τὰ
1749 1594 1796 1630 20

374 1714 406 1750 1.
438 1710 529 1758 οὐχ]
563 1711 632 1749 οὐκ
658 1714 728 1748 Ox.
829 1715 862 1749 2.
891 1711 1064 1761 Ἑβραῒς]
1096 1715 1323 1760 Exspectares
1339 1711 1534 1759 Ἓβραΐδα.
1577 1711 1679 1746 conf.
1702 1723 1739 1757 p.

373 1761 428 1794 12.
454 1760 499 1794 Ε.
523 1760 590 1795 vol.
610 1760 654 1795 11.
675 1771 711 1805 p.
730 1757 784 1795 14.
799 1761 841 1797 Β.
864 1762 919 1795 65.
936 1762 976 1795 B.
1001 1763 1057 1797 78.
1077 1761 1121 1797 D.
1202 1760 1236 1796 4.
1259 1760 1546 1805 πατρωνυμικαῖς
1567 1758 1646 1799 ch„
1668 1770 1740 1792 πα-

370 1807 598 1850 τρονυμικῶς
630 1807 698 1841 Ox.
791 1809 824 1843 8.
855 1805 1005 1842 πάντων
1037 1808 1125 1849 Ox.‚
1163 1803 1310 1846 πάντως
1342 1805 1417 1841 cod.
1509 1807 1545 1842 9.
1573 1807 1738 1848 ταληθα-

372 1850 494 1896 κου’μη
519 1871 564 1877 —·
586 1852 720 1897 λιμάσα
742 1850 913 1901 βαχθανή
936 1854 1004 1889 Ox.
1047 1853 1127 1888 Vid.
1144 1853 1255 1887 Marc.
1272 1853 1350 1886 VII.
1366 1850 1424 1886 34.
1446 1851 1489 1887 V.
1503 1850 1561 1886 41.
1584 1850 1662 1884 XV.
1678 1848 1736 1887 34.

373 1899 427 1931 10.
453 1898 649 1942 τεκμήριον
673 1899 753 1942 ch„
781 1899 956 1944 τεκμήρια
978 1900 1045 1935 ΟΧ.
1142 1900 1194 1934 18.
1219 1896 1310 1942 γὰρ]
1334 1897 1429 1942 nso?
1522 1898 1576 1932 19.
1599 1893 1738 1942 ᾠκοδο-

373 1940 479 1988 μήθη
515 1944 599 1986 ch„
635 1945 869 1991 οἰκοδομήθη
902 1947 969 1980 Ox.
1069 1947 1127 1981 20.
1167 1943 1449 1989 κεχαλασμένας]
1478 1940 1740 1988 κεχαλαγμένος

373 1988 472 2031 cod.,
493 1990 754 2036 κεχαλκαμένος
776 1993 843 2027 Ox.
867 1992 1024 2037 neglecto
1047 1992 1151 2026 etiam
1171 1990 1232 2026 τοὶ.

285 2102 354 2137 lum
374 2101 546 2138 Heberum
568 2103 662 2140 Deus
685 2105 824 2150 antiqua
844 2105 961 2150 lingua
983 2118 1049 2140 non
1072 2104 1232 2152 privavit.
1278 2103 1393 2148 Atque
1413 2102 1492 2137 ideo
1516 2102 1575 2148 qui
1591 2101 1739 2147 linguam

283 2148 373 2183 hanc
395 2149 630 2193 retinuerunt,
662 2151 854 2185 Hebraeam
876 2163 950 2185 eam
973 2155 1158 2192 vocarunt,
1187 2152 1285 2195 juxta
1305 2160 1425 2183 nomen
1447 2148 1597 2191 Heben-i,
1622 2147 1680 2193 qui
1702 2147 1738 2182 in

284 2206 391 2239 genus
413 2194 642 2230 Hebraeorum
665 2208 738 2230 eam
762 2197 986 2242 propagavit,
1021 2197 1080 2241 qui
1104 2197 1208 2231 etiam
1231 2194 1458 2241 appellatione
1479 2193 1589 2240 patris
1611 2191 1738 2228 nomini

285 2240 528 2282 conveniente,
561 2242 712 2276 Hebraei
747 2242 831 2277 dicti
865 2247 952 2277 sunt.
998 2243 1118 2277 Adami
1147 2240 1417 2286 itaqueposteri
1438 2242 1601 2275 Hebraea
1619 2239 1739 2283 lingua

282 2285 334 2319 usi
366 2291 456 2320 sunt.
502 2287 726 2322 Abrahamum
758 2288 858 2322 etiam
884 2293 920 2322 et
952 2289 1052 2322 Noae
1082 2288 1189 2330 filios,
1222 2287 1281 2321 sed
1305 2291 1341 2321 et
1363 2286 1524 2321 Adamum
1547 2284 1649 2320 etiam
1681 2297 1737 2319 se·-

284 2331 448 2373 cundum‚
481 2332 652 2367 Christum
684 2333 784 2375 dico,
821 2333 939 2368 eadem
962 2334 1123 2368 Hebraea
1145 2334 1284 2378 lingua,
1319 2343 1387 2377 qua
1418 2332 1565 2366 Adamus
1595 2330 1736 2375 primus,
1759 2335 1764 2345 “

280 2387 375 2411 usum
398 2377 500 2413 fuisse
523 2378 732 2413 manifestum
755 2382 826 2420 est3
850 2383 889 2412 ut
909 2391 951 2412 ex
974 2380 1065 2413 hisce
1086 2379 1200 2413 verbis
1217 2382 1382 2424 apparet:
1407 2379 1567 2422 Ephata,
1595 2376 1736 2410 Talium

282 2423 400 2465 Gumz',
426 2425 539 2458 Lama
561 2426 806 2466 sabachthani,
831 2428 868 2458 et
889 2424 1060 2459 similibus.
1119 2425 1210 2466 Quin
1233 2429 1268 2459 et
1292 2425 1336 2459 ab
1359 2423 1572 2468 antiquorum
1593 2420 1737 2455 nomini-

278 2468 341 2502 bus
365 2474 595 2513 argumentum
619 2471 745 2505 clarum
769 2470 840 2516 peti
864 2475 996 2515 potest,
1024 2471 1110 2504 hanc
1134 2482 1205 2504 esse
1225 2470 1387 2514 linguam,
1411 2479 1480 2513 qua
1501 2466 1550 2501 usi
1572 2471 1650 2501 sunt
1671 2467 1736 2500 ho-

279 2513 382 2548 mines
415 2520 496 2550 ante
527 2516 774 2551 Confusionem.
830 2515 1003 2561 Siquando
1032 2516 1119 2550 enim
1152 2516 1195 2548 de
1226 2516 1344 2549 horum
1376 2512 1546 2559 quibusvis
1580 2510 1735 2564 quaestio

279 2559 375 2593 facta
407 2566 480 2602 est,
516 2573 559 2595 ex
590 2562 654 2597 hac
683 2562 756 2597 sola
788 2561 903 2606 lingua
934 2561 1133 2595 solutionem
1166 2562 1294 2595 habere
1325 2564 1456 2605 potesta
1494 2557 1583 2592 sicut
1614 2557 1736 2592 Adam

279 2604 489 2651 aliorumque
521 2607 655 2642 nomina
683 2619 725 2642 ex
747 2607 840 2641 nulla
863 2607 930 2641 alia
952 2607 1070 2651 lingua
1093 2618 1192 2650 quam
1214 2607 1373 2640 Hebraea
1396 2603 1562 2649 explicari
1585 2606 1734 2648 possunt.

278 2649 445 2694 Linguam
476 2652 564 2687 hanc
591 2653 768 2698 Syriacam
802 2653 902 2687 etiam
926 2652 1131 2698 appellatam
1155 2663 1225 2686 esse
1248 2655 1394 2687 testatur
1417 2648 1625 2683 doctissimus
1650 2647 1736 2682 Ori-

282 2706 406 2739 genes,
442 2697 477 2731 in
501 2698 756 2733 Commentariis
778 2699 844 2734 suis
866 2709 969 2744 super
991 2697 1104 2732 Biblia
1125 2697 1294 2742 Syriaea3
1326 2696 1386 2732 ubi
1418 2694 1596 2739 Syriacam
1624 2693 1735 2727 diale—

280 2745 371 2775 ctum
395 2743 626 2779 Hebraeorum
649 2756 720 2779 esse
743 2744 873 2779 asserit.
919 2743 1054 2788 Syriam
1077 2743 1184 2784 enim,
1208 2743 1384 2784 Judaeam,
1409 2746 1445 2776 et
1467 2741 1585 2785 Syros,
1608 2739 1734 2774 Palae·-

282 2786 386 2821 stinos
417 2788 548 2832 antiqui
577 2793 757 2824 vocarunt.
804 2789 928 2825 Turris
948 2790 1069 2834 itaque
1090 2789 1220 2823 Heberi
1241 2794 1395 2834 tempore
1421 2786 1650 2832 quadraginta
1672 2795 1733 2818 an-

282 2844 400 2868 norum
422 2833 531 2880 spatio
556 2839 712 2872 extructa
735 2839 805 2879 est;
829 2836 922 2882 cujus
945 2834 1046 2870 etiam
1069 2835 1177 2870 adhuc
1198 2837 1375 2882 supersunt
1391 2831 1536 2877 vestigia
1553 2830 1733 2877 quaedam,
