1838 3230
287 185 386 234 458
561 221 564 225 .
681 185 976 230 IOANNIS
1003 189 1338 234 MALALAE

284 298 448 361 ἆργῦρῳ
465 302 733 362 ἠμφιεσμένα.
804 306 869 347 καὶ
884 306 1028 350 ἵστατο
1057 306 1193 351 ἐπάνω
1223 306 1245 351 ὃ
1272 311 1465 363 βασιλεῦς
1490 318 1572 356 τῶν
1598 304 1739 358 Ἰνδῶν-

282 369 500 424 βαστάζων
528 370 769 429 σκουτάριον
794 373 939 430 μικρὸν
974 377 1276 432 κεχρυσωμένον
1329 380 1396 421 καὶ
1437 377 1511 423 δύο
1549 382 1734 438 λαγκίδια

283 440 351 482 καὶ
380 439 485 482 αὐτὰ
508 440 790 495 κεχρυσωμένα
821 442 997 497 κατέχων
1021 444 1063 487 ἐν
1093 451 1183 494 ταῖς
1201 447 1340 501 χερσὶν
1364 446 1504 492 αὐτοῦ.
1573 450 1642 492 καὶ
1660 448 1733 492 ου’-

282 524 363 557 τως
376 509 523 550 ἵστατο
543 512 656 550 πᾶσα
677 507 703 564 ἡ
727 507 949 567 σύγκλητος
968 510 1094 556 αὐτοῦ
1113 513 1208 568 μεθ’
1235 513 1371 558 ὅπλων
1389 517 1455 558 καὶ
1474 515 1590 560 αὐλοὶ
1609 515 1732 577 ᾅδον-

280 592 347 626 τες
365 575 467 631 με’λη
486 574 677 630 μουσικά.
1743 591 1766 625 5

386 645 471 686 Καὶ
503 646 740 700 εἴσενεχθεὶς
772 643 794 687 ὅ
825 647 1075 703 πρεσβευτὴς
1106 646 1338 702 Ῥωμαίων,
1376 651 1515 701 κλίνας
1554 651 1602 694 τὸ
1633 649 1732 708 γόνυ

281 709 575 767 προσεκύνησε·
612 715 679 756 καὶ
701 713 898 757 ἐκέλευσεν
918 714 938 758 ὁ
963 716 1153 769 βασιλεὺς
1176 717 1315 760 Ἰνδῶν
1338 718 1565 774 ἀναστῆναί
1584 737 1635 774 με
1666 722 1733 762 καὶ

230 787 263 822 Ε
287 779 519 835 ἀναχθῆναι
550 781 651 837 πρὸς
679 779 816 826 αὐτόν.
885 785 951 826 καὶ
981 782 1193 839 δεξάμενος
1215 785 1289 841 τὴν
1316 791 1390 828 τοῦ
1410 787 1610 839 βασιλέως
1633 785 1734 830 Ῥω-

280 849 413 902 μαίων
432 847 589 904 σάκραν
633 853 874 907 κατεφίλησε
894 851 968 906 τὴν
987 855 1206 909 σφραγῖδα.
1278 853 1494 908 δεξάμενος
1524 856 1568 898 δὲ
1595 857 1661 898 καὶ
1681 855 1734 898 τὰ

282 917 398 973 δῶρα
417 916 470 959 τὰ
491 918 731 974 πεμφθέντα
753 916 832 961 ὖπὸ
851 924 925 962 τοῦ
941 921 1141 974 βασιλέως
1183 920 1388 977 ἐξεπλάγη.
1441 921 1570 972 λύσας
1601 924 1645 966 δὲ
1665 925 1730 966 καὶ
1745 930 1788 964 10

279 983 481 1040 ἀναγνοὺς
512 985 569 1027 δι’
615 984 817 1042 ἑρμηνέως
846 987 897 1029 τὰ
932 987 1179 1044 γράμματα,
1224 983 1312 1046 εὗρε
1351 990 1585 1046 περιέχοντα
1629 989 1733 1034 ὥστε

282 1050 537 1096 ὁπλίσασθαι
567 1053 692 1096 αὐτὸν
719 1055 823 1097 κατὰ
854 1054 1057 1109 Κιοάδου,
1094 1057 1294 1111 βασιλέως
1319 1061 1519 1114 Περσῶν,
1566 1060 1633 1102 καὶ
1659 1059 1733 1115 τὴν

133 1132 166 1165 0
192 1130 258 1166 195
281 1119 582 1175 πλησιάζουσαν
605 1123 716 1181 αὐτῷ
733 1121 875 1180 χώραν
897 1124 1091 1167 ἀπολέσαι
1127 1127 1193 1167 καὶ
1220 1130 1292 1168 τοῦ
1312 1130 1455 1169 λοιποῦ
1473 1127 1614 1182 μηκέτι
1634 1143 1732 1169 συν-

281 1186 468 1244 άλλαγμα
498 1194 665 1243 ποιῆσαι
691 1191 774 1245 μετ’
808 1192 959 1245 αὐτοῦ,
1003 1193 1106 1235 ἀλλὰ
1139 1193 1187 1235 δι’
1220 1188 1270 1249 ἧς
1292 1192 1460 1246 ὑπέταξε
1484 1193 1624 1250 χα’ρας
1650 1199 1733 1238 τῶν

163 1267 193 1301 V
215 1268 260 1303 68
278 1256 498 1314 Ἀμεριτῶν
515 1257 654 1300 Ἰνδῶν
673 1259 740 1301 διὰ
761 1264 834 1302 τοῦ
852 1263 1002 1303 Νείλου
1034 1262 1097 1303 ἐπὶ
1125 1261 1199 1316 τὴν
1218 1262 1431 1317 Αἴγυπτον
1474 1264 1516 1305 ἓν
1545 1263 1730 1313 Ἀλεξαν-
1745 1269 1786 1304 15

279 1326 392 1384 δρείᾳ
413 1325 487 1380 τὴν
513 1328 791 1382 πραγματείαν
821 1333 1040 1372 ποιεῖσθαι.
1112 1331 1178 1371 καὶ
1207 1329 1362 1379 εὐθέως
1389 1328 1410 1372 ὃ
1440 1331 1634 1384 βασιλεὺς
1656 1331 1733 1373 Ἰν·-

281 1394 365 1435 δῶν
393 1391 611 1446 Ἐλεσβόας
664 1395 721 1436 ἐπ’
764 1394 885 1450 ὄψεσι
921 1401 995 1439 τοῦ
1037 1402 1285 1453 πρεσβευτοῦ
1320 1396 1528 1452 Ῥωμαίων
1581 1400 1735 1454 ἐκίνησε

279 1459 456 1515 πόλεμον
475 1461 577 1504 κατὰ
605 1466 802 1517 Περσῶν,
839 1464 1087 1519 προπέμψας
1113 1466 1179 1506 καὶ
1207 1464 1304 1514 τοὺς
1330 1463 1394 1506 ὕπ’
1430 1466 1553 1508 αὐτὸν
1581 1466 1732 1516 Ἰνδοὺς

279 1527 559 1585 Σαρακηνούς,
598 1531 750 1585 ἐπῆλθε
772 1535 822 1587 τῇ
841 1535 1022 1589 Περσικῇ
1040 1530 1156 1592 χώρα
1173 1530 1273 1588 ὑπὲρ
1288 1531 1520 1587 Ῥωμαίων,
1543 1531 1732 1588 δηλώσας

280 1601 338 1655 τῷ
359 1601 525 1650 βασιλεῖ
539 1601 715 1654 Περσῶν
739 1603 812 1641 τοῦ
831 1600 1030 1650 δέξασθαι
1044 1600 1115 1643 τὸν
1131 1601 1303 1653 βασιλέα
1318 1601 1454 1644 Ἰνδῶν
1475 1606 1786 1655 πολεμοῦνταΞΟ

280 1665 392 1723 αὐτῷ
437 1667 504 1707 καὶ
536 1667 790 1723 ἕκπορθῆσαι
819 1673 956 1710 πᾶσαν
976 1668 1048 1723 τὴν
1069 1666 1135 1710 ὑπ’
1158 1668 1284 1711 αὐτοῦ
1303 1670 1620 1725 βασιλευομένην
1643 1674 1729 1726 γῆν.

277 1734 345 1775 καὶ
364 1731 528 1777 πάντων
557 1733 688 1785 οὕτως
719 1734 964 1792 προβάντων
996 1735 1016 1778 ὅ
1043 1736 1236 1791 βασιλεύς
1260 1736 1395 1780 Ἰνδῶν
1422 1735 1629 1794 κρατήσας
1658 1738 1731 1792 τὴν

366 1844 400 1877 7.
424 1843 491 1886 με]
515 1844 581 1878 vs?
707 1845 761 1880 12.
793 1844 977 1889 Κωοὶδου]
1012 1842 1193 1886 Κουάδους
1215 1845 1283 1879 Ox.
1433 1847 1485 1882 17.
1516 1842 1730 1890 Ἐλεσβόας]

365 1886 557 1935 Ἐλεσβαᾶς
572 1889 748 1924 Nonnosus
761 1890 877 1924 Photii
892 1890 967 1927 cod.
986 1891 1033 1932 3.,
1056 1891 1287 1935 Theophanes
1299 1903 1336 1938 p.
1361 1890 1438 1927 144.
1463 1891 1506 1927 D.
1576 1893 1631 1927 18.
1654 1891 1730 1934 καὶ]

365 1933 468 1968 Immo
492 1933 545 1970 δὲ.
634 1937 717 1971 ibid.
740 1934 857 1972 αὐτὸν
880 1936 964 1981 Ch.‚
995 1934 1120 1972 αὐτῶν
1144 1937 1212 1971 Ox,

279 2023 443 2058 dabatur:
477 2025 566 2059 Huic
588 2025 733 2061 insidens
756 2026 914 2061 Indorum
937 2027 1024 2070 ReX,
1046 2031 1174 2062 scutum
1197 2039 1337 2073 parvum
1361 2026 1567 2068 deauratum,
1589 2026 1729 2061 lanceo-

279 2070 394 2114 lasque
417 2069 500 2105 duas
523 2076 558 2104 et
579 2071 667 2115 ipsas
690 2073 887 2114 deauratas,
911 2073 1060 2108 manibus
1083 2074 1249 2118 gestabat.
1296 2073 1450 2119 Stipatus
1473 2078 1583 2106 autem
1607 2077 1685 2107 erat
1708 2083 1730 2107 a

278 2115 486 2194 Primoriguff
509 2116 576 2150 suis
594 2122 630 2151 et.
651 2117 732 2162 ipsis
754 2118 906 2153 similiter
929 2119 1077 2161 armatis,
1101 2120 1281 2164 choroque
1303 2118 1348 2153 ad
1369 2117 1471 2153 tibias
1487 2116 1634 2152 carmina
1656 2128 1729 2152 mu-

276 2160 350 2194 sica
371 2172 424 2195 mo
450 2172 471 2194 u
487 2166 575 2195 ante.

367 2206 582 2241 Introductus
605 2210 716 2242 autem
739 2209 888 2253 Legatus
909 2209 1091 2251 Romanus,
1106 2208 1154 2245 rin
1176 2220 1286 2254 genua
1306 2207 1497 2254 procidens,
1518 2208 1645 2252 Regem
1668 2220 1730 2243 ve·-

276 2255 414 2285 neratus
438 2256 507 2286 est:
544 2251 603 2287 sed
625 2253 684 2286 Me
709 2253 818 2297 [dixit
841 2255 1010 2300 Legatus]
1035 2256 1111 2288 Rex
1134 2266 1271 2299 surgere
1289 2254 1389 2299 jussit
1410 2258 1447 2288 et
1469 2253 1607 2299 propius
1630 2266 1730 2288 acce-

275 2296 369 2331 dere.
415 2298 574 2343 Acceptis
597 2304 709 2332 autem
727 2299 870 2333 Romani
888 2301 1104 2346 Imperatoris
1125 2300 1244 2342 literis,
1266 2300 1408 2345 sigillum
1429 2299 1639 2334 deosculatus
1657 2304 1728 2334 est:

274 2341 380 2376 Donis
413 2343 516 2377 etiam
539 2344 582 2378 ab
612 2343 821 2388 Imperatore
844 2345 946 2380 missis
977 2346 1146 2391 acceptis3
1187 2346 1315 2380 scilicet
1349 2344 1532 2389 obstupuit.
1592 2344 1730 2390 Apertis

274 2387 398 2421 deinde
427 2388 533 2423 literis
566 2389 813 2434 Imperatoriis,
856 2402 985 2436 perque
1015 2391 1239 2436 Interpretem
1262 2390 1379 2432 lectis,
1415 2390 1451 2423 id
1485 2390 1728 2435 Imperatorem

274 2433 462 2467 Romanum
494 2446 515 2468 a
537 2446 572 2468 se
604 2446 741 2480 poscere
770 2435 958 2478 intellexit,
995 2439 1046 2471 uti
1069 2437 1220 2471 eoadem
1242 2436 1330 2471 bello
1355 2435 1621 2480 aggrederetur;
1660 2435 1729 2469 dis-

273 2478 487 2524 perditisque
510 2479 687 2515 Persarum
710 2480 829 2515 vicinis
860 2481 1063 2525 regionibus,
1091 2482 1288 2516 commercia
1310 2493 1386 2515 cum
1407 2481 1472 2515 illis
1495 2492 1562 2514 non
1586 2481 1728 2525 amplius

273 2524 437 2557 haberet:
456 2525 534 2568 *sed
558 2537 619 2570 per
640 2527 890 2561 Homeritarum
913 2538 1010 2570 quam
1032 2528 1096 2561 sibi
1118 2528 1358 2571 subjugaverat
1377 2525 1573 2570 regionem,
1597 2537 1727 2571 perque

272 2569 389 2603 Nilum
414 2571 602 2615 Aegyptum
626 2578 756 2617 petens,
779 2572 1006 2606 Alexandriae
1029 2572 1140 2616 potius
1164 2577 1386 2607 mercaturam
1411 2575 1598 2606 exerceret.
1645 2571 1727 2606 Sine

273 2626 368 2649 mora
389 2615 495 2659 igitur
517 2616 674 2651 Indorum
695 2618 772 2651 Rex
793 2618 978 2659 Elesboas‚
1003 2617 1126 2662 Legati
1148 2618 1250 2662 ipsius
1270 2619 1305 2651 in
1330 2621 1530 2662 conspectu,
1565 2617 1725 2650 adversus

273 2660 395 2695 Persas
426 2672 519 2695 arma
549 2668 686 2704 movet3
727 2662 980 2708 praemissisque
1015 2674 1097 2707 quos
1119 2665 1180 2697 sub
1213 2675 1248 2697 se
1271 2663 1389 2697 habuit
1423 2661 1601 2696 Saracenis
1627 2661 1726 2703 Indis,

274 2706 448 2740 Persidem
471 2706 602 2749 statim,
626 2708 850 2743 Romanorum
872 2720 990 2749 causa,
1012 2708 1158 2749 invasit3
1195 2709 1289 2743 simul
1311 2709 1441 2753 Regem
1464 2708 1642 2741 Persarum
1665 2717 1726 2752 per

275 2750 390 2785 literas
411 2763 563 2794 monens,
603 2754 732 2788 hostem
754 2754 804 2788 uti
827 2753 889 2788 sibi
912 2757 1110 2798 expectaret
1129 2753 1287 2788 Indorum
1310 2754 1462 2798 Regem,
1501 2753 1725 2786 Romanorum

277 2801 392 2840 partes
415 2804 591 2841 agentem,
623 2799 822 2844 Persici‘que
845 2799 1068 2844 quodcunque
1088 2805 1174 2833 esset
1197 2799 1329 2845 imperii
1352 2799 1593 2833 devastantem.
1639 2798 1727 2830 Suc·-

278 2841 473 2877 cedentibus
495 2844 614 2889 itaque
637 2845 680 2879 ad
703 2846 789 2880 hunc
811 2845 940 2880 modum
959 2844 1121 2888 omnibus,
1144 2845 1300 2881 Indorum
1326 2845 1400 2880 Rex
1418 2845 1580 2888 Legatum
1601 2843 1726 2877 Roma-
