1838 3230
463 182 1080 230 CHRONOGRAPHIA.
1137 183 1186 227 L.
1215 182 1270 230 X.
1497 191 1599 237 243

222 302 272 348 ‘O
286 304 332 348 δὲ
343 303 534 362 Τιβέριος
551 303 744 359 βασιλεῦς
763 306 931 365 τελευτᾷ
951 304 1042 365 ἰδίῳ
1060 300 1235 366 θανάτῳ
1253 304 1295 349 ἓν
1315 307 1374 366 τῷ
1396 306 1597 366 παλατίῳ,

124 371 185 417 ὢν
201 372 396 417 ἐνιαυτῶν
415 371 492 429 οη’.

225 441 352 486 Μετὰ
395 443 441 486 δὲ
484 441 558 497 τὴν
596 441 808 495 βασιλείαν
849 441 1041 496 Τιβερίου
1080 440 1298 497 Καίσαρος
1339 441 1599 497 ἐβασίλευσεν

113 508 259 561 Ἤλιος
290 508 418 561 Γάϊος
455 508 477 553 ὅ
518 511 586 553 καὶ
623 512 906 566 Καλιγουλᾶς,
955 509 1001 560 ὃς
1040 509 1130 566 ἴσχε
1169 507 1303 565 φόβον
1337 511 1468 554 πολὺν
1495 511 1598 569 πρὸς

89 577 289 624 5ἅπαντα
320 578 374 622 τὰ
402 582 486 622 τῶν
513 577 740 635 βαρβάρων
770 578 872 634 ἔθνη
907 579 987 631 πρὸ
1015 584 1090 622 τοῦ
1120 582 1386 631 βασιλεῦσαι·
1430 583 1498 623 καὶ
1529 580 1596 623 διὰ

121 653 245 691 τοῦτο
265 645 292 703 ἦ
312 645 536 704 σύγκλητος
566 648 739 701 βασιλέα
775 645 1045 703 ἀνηγόρευσεν
1074 645 1215 691 αὐτόν.
1285 648 1523 702 ἐβασίλευσε
1551 650 1596 693 δὲ
1619 661 1652 696 0
1675 661 1745 699 313

121 715 186 759 ἐπὶ
202 719 276 772 τῆς
293 714 491 767 ὖπατείας
508 714 672 759 Γάλλου
704 717 772 759 καὶ
793 719 1023 759 Νοννιανοῦ
1037 750 1049 768 ,
1089 719 1155 760 καὶ
1187 714 1407 773 ἐκράτησεν
1425 715 1450 774 ἦ
1472 722 1598 771 βασι-

121 785 209 828 λεία
228 784 358 828 αὐτοῦ
390 783 459 840 ἔτη
495 783 532 828 ‹5'
567 787 634 828 καὶ
665 789 799 840 μῆνας
826 783 942 828 ἑπτά.
1015 781 1066 840 ἦν
1095 786 1140 828 δὲ
1173 783 1372 842 εὐμήκης,
1409 785 1593 841 εὔθετος,

120 851 517 911 λεπτοχαράκτηρος,
555 852 738 911 εὕχρους,
778 854 1033 911 ἀρχιγένειος,
1072 851 1291 910 ἅπλόθριξ,
1326 853 1595 912 μικρόφθαλ-

65 932 200 976 1ομος
206 955 220 974 ,
256 923 514 979 περίγοργος,
548 922 728 979 ὀργίλος,
765 920 1066 978 μεγαλόψυχος.
1137 924 1180 966 ἐν
1200 923 1245 965 δὲ
1265 927 1323 981 τῷ
1345 922 1495 983 πρώτῳ
1513 923 1590 967 ἔτει
1613 941 1646 976 E

118 994 194 1046 τῆς
214 993 427 1045 βασιλείας
454 991 582 1035 αὐτοῦ
612 990 770 1034 ἔπαθεν
801 990 879 1034 ‘find
907 992 1134 1047 θεομηνίας
1148 989 1371 1046 Ἀντιόχεια
1390 990 1417 1048 ἦ
1437 991 1593 1049 μεγάλη

117 1061 216 1114 μηνὶ
257 1058 423 1119 δύστρῳ
457 1064 516 1119 τῷ
558 1061 626 1103 καὶ
660 1061 823 1119 μαρτίῳ
862 1057 923 1116 κγ’
954 1063 1044 1117 περὶ
1076 1060 1125 1103 τὸ
1166 1055 1291 1116 αὗγος
1323 1061 1371 1104 τὸ
1404 1059 1594 1118 δεύτερον

119 1127 249 1184 αὐτῆς
265 1126 405 1179 πάθος
424 1133 547 1173 τοῦτο
567 1128 614 1172 τό
636 1129 742 1183 μετὰ
763 1129 860 1179 τοὺς
879 1126 1154 1182 Μακεδόνας,
1185 1128 1302 1179 ξ’τους
1316 1132 1593 1187 χρηματίζον-

118 1213 192 1246 τος
219 1195 282 1240 πε’
316 1198 423 1240 κατὰ
448 1198 544 1248 τοὺς
557 1198 783 1252 Ἀντιοχεῖς.
841 1197 973 1241 ἔπαθε
996 1199 1041 1241 δὲ
1059 1199 1126 1240 καὶ
1142 1198 1269 1255 μέρος
1285 1197 1487 1256 Δάφνης·
1523 1201 1592 1242 καὶ

63 1274 108 1310 15
121 1266 255 1308 πολλοὶ
272 1264 464 1322 χρήματα
481 1266 680 1325 παρέσχεν
700 1264 720 1309 ὃ
737 1266 929 1319 βασιλεὺς
946 1265 1072 1317 Γάϊος
1091 1270 1143 1324 τῇ
1161 1266 1267 1324 αὐτῇ
1287 1266 1400 1311 πόλει
1418 1270 1486 1312 καὶ
1503 1275 1591 1318 τοῖς

119 1332 263 1389 ζήσασι
295 1336 494 1386 πολίταις.
566 1337 634 1378 καὶ
666 1334 818 1378 ἔκτισεν
849 1337 933 1378 ε’κεΐ
956 1334 1155 1391 δημόσιον
1180 1334 1378 1393 λουτρόν,
1415 1338 1589 1393 πλησίον

116 1406 193 1446 τοῦ
216 1402 340 1459 ὅρους
362 1407 404 1446 Γ
400 1407 492 1447 αἶὀυ
514 1405 751 1461 Καίσαρος,
789 1405 959 1459 πέμψας
978 1404 1059 1447 ἀπὸ
1078 1402 1236 1460 Ῥώμης
1254 1407 1297 1448 ἐν
1314 1405 1419 1462 αὐτῇ
1431 1405 1589 1449 Ἀντιο-
1612 1423 1646 1459 v
1670 1425 1738 1460 103

114 1471 228 1531 χείᾳ,
258 1473 329 1515 ἵνα
353 1474 471 1531 κτίσῃ
490 1473 535 1516 τὸ
557 1471 756 1529 δημόσιον
780 1471 978 1530 λουτρόν,
1016 1473 1222 1518 Σαλιανὸν
1245 1473 1442 1531 ἔπαρχον·
1479 1473 1594 1524 ὅστις

116 1542 185 1583 καὶ
206 1540 362 1597 ἀγωγὸν
384 1542 546 1598 ἐποίησε
568 1542 694 1598 με’γαν
721 1542 802 1585 ἀπὸ
823 1540 1003 1599 Δάφνης
1024 1540 1190 1598 γλύψας
1213 1543 1260 1585 τὸ
1281 1542 1379 1599 ὅρος
1400 1544 1467 1585 καὶ
1488 1543 1593 1598 ἄγα-

60 1616 108 1651 20
117 1609 199 1665 γῶν
215 1609 268 1653 τὰ
285 1608 420 1654 ὕδατα
439 1612 482 1654 ἐν
501 1616 560 1672 τῷ
577 1611 785 1655 κτισθέντι
804 1611 900 1669 παρ’
923 1611 1052 1654 αὐτοῦ
1071 1612 1255 1670 δημοσίῳ
1273 1615 1447 1670 λουτρῷ.
1485 1610 1591 1654 ἴκτι-

117 1692 163 1720 σε
187 1678 232 1720 δὲ
253 1680 321 1721 καὶ
342 1677 443 1735 ἱερά.
647 1735 651 1739 .

213 1745 438 1790 Ἀπέστειλε
468 1748 513 1790 δὲ
541 1745 562 1790 ὅ
594 1746 719 1797 αὐτὸς
744 1745 871 1797 Γάϊος
900 1750 1066 1804 Καῖσαρ
1096 1749 1164 1791 καὶ
1194 1745 1268 1791 δύο
1298 1747 1589 1804 συγκλητικοίς
1611 1762 1643 1797 0
1667 1760 1737 1799 314

117 1813 270 1866 ἅλλους
300 1812 422 1859 πάλιν
451 1815 531 1859 ἀπὸ
558 1813 717 1872 Ῥώμης
749 1815 1096 1869 πλουσιωτάτους,
1128 1811 1305 1860 ὧντινων
1327 1817 1380 1860 τοὶ
1403 1815 1587 1872 ὀνόματα

206 1935 240 1971 4.
264 1936 516 1982 Καλλιγουλᾶς
539 1936 609 1971 Ox.
704 1937 738 1972 8.
759 1933 920 1982 εὕμήχης
944 1936 1013 1971 Ox.

158 2087 196 2121 tu
209 2039 373 2076 Tiberius
396 2044 508 2076 autem
530 2044 676 2076 naturae
710 2039 852 2085 cedens,
891 2039 980 2075 diem
1002 2051 1098 2076 suum
1121 2039 1209 2076 obiit
1230 2040 1267 2075 in
1288 2040 1442 2084 Palatio,
1481 2052 1586 2077 annos

114 2095 159 2120 na
196 2098 213 2121 s
235 2097 381 2122 nxxvm.

208 2132 386 2168 Tiberium
417 2132 453 2168 in
482 2132 626 2188 imperio
660 2131 797 2178 excepit
829 2131 943 2167 Aelius
967 2132 1070 2168 Caius
1106 2131 1276 2178 Caligula.
1332 2132 1401 2167 Hic
1431 2132 1584 2179 privatus

115 2177 246 2222 adhuc,
271 2179 434 2214 Bar-baris
450 2180 608 2224 gentibus
631 2179 759 2214 terrori
782 2177 850 2213 fuit
871 2178 1034 2214 maximo:
1057 2178 1175 2224 itaque
1199 2183 1235 2213 et
1251 2179 1397 2214 Senatus
1421 2191 1498 2214 eum
1520 2179 1583 2213 im-

114 2228 307 2270 peratorem
329 2224 541 2271 designavit,
576 2225 680 2260 Gallo
704 2229 740 2259 et
762 2225 943 2259 Nonniano
968 2224 1061 2259 Coss.
1085 2224 1267 2270 imperavit
1297 2237 1380 2259 vero
1405 2236 1508 2259 annos
1531 2236 1582 2267 lv,

115 2274 152 2305 et
174 2283 302 2307 menses
325 2282 388 2306 vn.
434 2272 526 2306 Erat
548 2277 659 2306 autem
684 2282 866 2317 procerus,
890 2270 1044 2306 membris
1067 2271 1154 2306 bene
1178 2270 1388 2315 compositis,
1413 2270 1504 2305 facie
1527 2275 1583 2304 te·-

114 2315 194 2359 nui,
232 2317 345 2353 colore
368 2317 530 2364 pulchro,
565 2317 758 2362 lanuginem
781 2316 922 2362 primam
944 2317 1124 2360 emittens,
1155 2316 1320 2362 capillitio
1345 2316 1437 2351 molli
1460 2320 1496 2350 et
1519 2315 1582 2350 de-

113 2361 233 2406 misso,
258 2363 361 2398 oculis
385 2363 521 2409 parvis,
545 2362 682 2408 ingenio
709 2362 801 2405 acri,
829 2362 1012 2398 iracundus
1036 2368 1072 2398 et
1094 2362 1334 2408 magnanimus,
1379 2363 1490 2406 Hujus
1514 2362 1582 2395 Im-

179 2408 266 2444 antis
299 2421 386 2444 anno
410 2410 518 2465 primo
549 2408 730 2445 Antiochia
755 2408 902 2454 Magna,
946 2420 1013 2444 una
1043 2421 1116 2443 cum
1150 2414 1249 2454 parte
1281 2409 1396 2453 aliqua
1427 2407 1580 2441 suburbii

150 2454 315 2500 ephratei,
349 2455 498 2490 divmam
520 2455 606 2490 iram
641 2455 788 2490 secundo
821 2459 899 2501 post
931 2459 1086 2501 tempora
1110 2455 1358 2495 Macedonum,
1393 2464 1491 2498 passa
1515 2457 1579 2494 est,

116 2500 236 2535 mensis
259 2500 400 2546 Dystri,
436 2502 507 2536 sive
531 2502 653 2536 Martii
676 2511 784 2543 xxm,
815 2501 981 2536 matutino
1004 2505 1181 2547 tempore,
1212 2502 1324 2534 Acrae
1347 2498 1580 2533 Antiochenae

116 2555 206 2579 anno
227 2556 356 2582 xxxxv.
418 2548 541 2593 Itaque
572 2548 727 2593 ingentes
759 2547 977 2593 pecuniarum
1009 2547 1208 2592 largitiones
1230 2546 1266 2579 in
1291 2546 1408 2579 urbem
1434 2544 1578 2578 incolas-

118 2601 186 2635 que
207 2593 403 2637 superstites
424 2593 528 2628 Caius
550 2594 741 2638 Imperator
764 2594 933 2640 erogavit.
979 2593 1142 2628 Balneum
1165 2603 1301 2637 quoque
1324 2589 1495 2636 publicum
1518 2601 1578 2626 ex-

119 2635 248 2678 truxst,
282 2648 392 2685 prope
414 2645 559 2674 montem
582 2640 623 2676 C.
650 2639 827 2681 Caesaris3
861 2652 882 2674 a
903 2640 1012 2675 Roma
1036 2638 1246 2674 Antiochiam
1269 2636 1387 2678 misso,
1412 2636 1471 2681 qui
1493 2648 1579 2683 opus

118 2682 185 2717 hoc
207 2682 367 2719 effectum
390 2685 508 2728 daret,
533 2685 673 2721 Saliano
697 2687 900 2720 Praefecto:
930 2686 1008 2732 qui,
1032 2690 1146 2719 monte
1169 2681 1326 2724 abscisso,
1350 2693 1504 2727 magnum
1530 2681 1578 2716 ibi

119 2728 377 2773 Aquaeductum
400 2731 575 2774 condidit,
612 2744 675 2778 per
697 2743 796 2777 quem
819 2743 922 2778 aquas
954 2743 995 2766 ex
1019 2730 1164 2784 Daphne
1186 2728 1222 2762 in
1243 2728 1403 2763 Balneum
1427 2729 1494 2763 hoc
1515 2738 1578 2763 no-

116 2785 195 2810 vum
216 2774 420 2810 introduxit.
466 2778 612 2824 Templa
636 2778 737 2812 etiam
761 2778 929 2824 quaedam
952 2779 1117 2812 extruxit.

208 2819 305 2855 Misit
325 2825 507 2867 praeterea
529 2824 634 2859 Caius
658 2824 787 2859 Caesar
819 2824 904 2858 duos
937 2823 1038 2857 etiam
1070 2820 1154 2855 alios
1189 2819 1376 2855 Senatores
1409 2819 1576 2854 Romanos

117 2866 345 2912 praedivites,
368 2868 536 2904 Pontoum
558 2873 595 2904 et
611 2869 773 2913 Varium,
797 2869 856 2916 qui
878 2867 1081 2904 Antiochiae
1104 2865 1358 2913 prospicerent,
1382 2870 1420 2901 et
1439 2876 1506 2901 non
1522 2877 1577 2899 so-
