1838 3230
56 0 144 19 fni-”w

0 0 60 130 F
157 23 162 32 ς

0 130 6 154 ᾗ
18 139 19 142 ,

0 163 4 174 Ι

587 174 1062 223 ANNOTATIONES.
1448 166 1551 235 529‘

99 289 344 331 Constantia.
356 291 650 345 Porphyrogen.
664 289 714 331 de
724 289 1034 334 Administrand.
1046 292 1187 346 Imper.
1197 307 1281 347 cap.
1292 298 1330 338 7.
1350 294 1472 349 ἡνίκα
1481 313 1548 339 πε-

95 343 199 404 poian
211 346 413 399 βασιλικός
423 349 480 398 εἰς
491 351 680 402 Χερσοῖνα
691 347 806 390 ἕνεκα
815 351 888 402 τῆς
899 347 1085 403 τοιαύτης
1094 352 1310 402 διακονίας,
1323 347 1473 402 ὀφείλει
1487 349 1549 394 εὕ-

94 400 180 452 θῦς
189 400 438 446 daonium
455 405 513 453 εἰς
525 405 805 455 Παττινακίαν,
827 405 896 446 καὶ
914 405 1108 459 ἐπιζητεῖν
1122 405 1269 460 ἷίψιδας
1285 405 1377 461 παρ’,
1398 405 1548 461 αὐτῶν,

93 458 164 500 καὶ
194 457 413 509 διασώστας
439 468 515 502 etc.
570 461 769 500 Diasostes
791 461 908 500 etiam
936 478 957 501 a
974 464 1122 502 Latinis
1140 464 1445 515 recentioribus,
1472 480 1546 518 pro

90 515 247 554 itineris
270 515 371 556 <luce
387 518 614 570 frequenter
631 517 821 557 occurrit.
864 517 1099 570 Luitprand.
1119 521 1248 572 Legat.
1268 521 1319 560 ad
1335 521 1546 576 Nicephor.

91 570 146 610 δᾶ.
173 571 310 614 finemt
345 572 526 613 Michael
537 583 699 613 vocatus
719 583 774 613 est
792 583 828 612 et
848 574 1049 614 Diasostes
1068 592 1185 624 meus,
1216 587 1286 617 eto.

206 631 303 682 Pag.
334 633 426 672 122.
458 633 523 673 11.
567 629 625 678 εἰς
641 626 766 671 τόπον
790 627 1002 684 λεγόμενον
1026 632 1190 687 Σίγριν]
1220 632 1412 673 Rheteum
1431 640 1546 676 vocat

90 681 200 723 hune
222 685 357 723 locum
377 685 512 736 Dictys
529 685 634 725 Cret.
665 684 823 725 Interim
843 686 1131 740 Neoptolemus,
1164 687 1327 730 advecta
1346 689 1446 743 ligni
1460 706 1547 731 ma-

90 741 203 791 teria,
229 741 396 794 Ajacem
419 751 590 782 cremat:
617 741 876 798 reliquiasque
890 759 989 784 urna
1007 743 1200 793 conditas,
1228 747 1271 786 in
1291 745 1465 787 Rhetaeo
1486 763 1546 787 se-

87 794 290 850 peliendas
309 807 510 851 procurat.

202 855 298 906 Pag.
328 857 420 896 122.
454 857 518 896 16.
547 850 622 906 τὴν
640 853 861 907 γεναμένην
877 852 1013 908 τιμήν]
1046 857 1130 896 Scr.
1147 856 1378 911 γενομένην.

198 909 303 962 Pag.
330 911 424 953 124.
454 914 492 953 6.
531 908 673 951 ἑαυτόν
702 912 757 959 εἰς
782 909 827 953 τό
850 911 998 963 ἔδαφος
1015 913 1162 966 ῥίψας]
1192 915 1361 967 mallem,
1393 914 1543 969 ἔρᾆψε.

202 968 298 1018 Pag.
332 965 426 1008 124.
459 969 523 1007 12.
551 966 689 1007 ἔπεσεν
711 968 767 1016 εἰς
790 966 884 1016 τούς
904 965 1033 1016 πόδας
1055 966 1181 1010 αὐτοῦ
1199 969 1377 1023 πλωτός]
1407 970 1462 1011 ad
1476 987 1545 1025 pe-

87 1018 156 1060 des
173 1022 254 1074 ejus
271 1020 411 1061 cecidit
427 1037 594 1074 pronus,
623 1023 665 1062 id
688 1030 766 1073 est,
796 1025 980 1064 membris
999 1026 1218 1066 natantium
1240 1041 1351 1067 more
1369 1028 1544 1081 explica-

85 1077 159 1125 tis3
212 1077 444 1116 duriuscula
478 1078 572 1118 licet
610 1081 798 1119 vocabuli
833 1082 1109 1121 translatione:
1144 1083 1220 1121 nisi
1258 1083 1345 1136 quis
1387 1087 1545 1138 πρῶτος

84 1135 358 1185 reponendum
387 1141 562 1173 censeat:
606 1137 716 1187 quod
744 1143 783 1176 et
811 1138 1003 1188 Gregorio
1028 1145 1164 1177 nostro
1192 1139 1320 1179 visum
1339 1146 1411 1180 est.
1469 1141 1543 1180 Ce-

86 1190 235 1228 drenus
254 1189 388 1240 habet,
414 1187 566 1240 πάντας
587 1191 733 1233 ἱκέτευε
751 1190 1175 1247 προκυλινδούμεννος,
1194 1195 1245 1235 ad
1263 1197 1384 1249 pedes
1405 1210 1543 1237 eorum

116 1247 340 1288 revolutus.

85 1259 113 1298 P
197 1304 304 1356 Pag.
338 1301 431 1346 125.
465 1305 502 1345 1.
529 1299 578 1343 'coi
601 1306 674 1344 τοῦ
691 1304 784 1356 βίου
806 1302 954 1355 τερπνοί
971 1304 1187 1360 ἐννοήσας]
1215 1307 1270 1348 ita
1293 1308 1408 1349 etiam
1424 1308 1540 1360 infra,

85 1357 129 1396 in
147 1358 335 1398 Romulo:
363 1361 435 1410 τῆς
457 1361 530 1399 τοῦ
555 1360 647 1411 βίου
663 1359 815 1412 η’δονῆς
837 1357 1079 1414 ἐπεθύμησε.

194 1416 296 1468 Pag.
329 1418 420 1458 126.
453 1417 517 1458 13.
545 1413 639 1464 τούς
657 1414 700 1456 δὲ
725 1415 887 1464 ὁπλίτας
906 1413 1172 1469 ἀφανίζουσιν
1190 1419 1233 1460 οἰ
1257 1418 1452 1472 Αἴαντες]
1480 1421 1540 1460 le-

52 1515 54 1518 ,
84 1469 255 1521 gendum
285 1485 335 1511 ex
371 1471 697 1523 praecedentibus
723 1473 905 1522 videtur,
943 1472 1036 1523 τούς
1063 1473 1107 1516 δὲ
1134 1476 1290 1523 ἱππεῖς.·
1328 1477 1539 1528 Equitibus

83 1528 186 1566 enim
207 1527 343 1580 Ajaces
366 1528 569 1581 opposuit.
626 1529 761 1580 Dictys
789 1536 942 1578 tamen,
974 1531 1081 1570 unde
1107 1533 1209 1570 sorte
1240 1531 1339 1570 haec
1366 1540 1536 1585 sumpta,

83 1580 288 1622 Peditibus
317 1598 383 1623 eos
404 1585 593 1623 adversos
620 1586 780 1624 statuit:
811 1584 984 1625 Pedibus
1015 1588 1115 1639 (leg.
1140 1586 1372 1641 Peclitibus)
1400 1589 1538 1640 Ajaces

83 1638 184 1685 duo,
213 1639 441 1690 Diomedes,
471 1645 760 1693 Agamemnon,
790 1651 826 1680 et
860 1641 1126 1694 Tlepolemus,
1171 1653 1207 1682 et
1239 1658 1326 1683 cum
1355 1643 1536 1686 Jalmeno

83 1693 335 1749 Ascalaphus
355 1706 656 1749 opponerentur.-
687 1698 737 1736 de
763 1698 838 1736 bel.
859 1698 950 1736 Tro.
972 1701 998 1737 1.
1023 1699 1062 1739 4.

194 1753 305 1804 Ρας..
329 1755 420 1795 127.
452 1756 490 1796 9.
521 1751 547 1793 o‘
566 1750 704 1794 Τιθῶν
725 1769 782 1801 τις
802 1750 990 1806 ὀνόματι]
1021 1755 1136 1794 Hunc
1156 1755 1398 1796 Memnonem
1415 1763 1536 1797 vocat

82 1807 223 1860 Dictys
245 1808 407 1847 Tithoni
427 1814 467 1848 et
493 1811 670 1849 Aurorae
686 1809 828 1849 filium:
855 1810 909 1848 ita
938 1811 1051 1850 etiam
1076 1812 1179 1851 infra
1207 1813 1358 1852 Auctor
1384 1821 1532 1854 noster.

195 1867 290 1917 Pag.
312 1868 402 1907 127.
423 1868 487 1907 18.
502 1865 570 1905 καὶ
580 1862 841 1918 σφενδόβολα]
853 1867 974 1917 magis
988 1868 1136 1908 Graece
1147 1866 1369 1919 σφενδόνας
1379 1870 1533 1909 dixerit.

195 1923 291 1973 Pag-
325 1923 417 1963 129.
447 1925 488 1964 2.
534 1918 741 1977 ἄνατρέπει
773 1921 849 1976 τήν
882 1920 1030 1964 οἷσπίδα
1065 1922 1190 1965 αὐτοῦ
1199 1926 1211 1975 ]
1258 1926 1396 1976 Dictys
1428 1927 1530 1965 Cret.

81 1974 168 2018 l.4.
231 1979 330 2015 Tum
368 1975 456 2016 cluae
479 1987 609 2017 noster
641 1993 792 2018 summa
821 1980 860 2018 vi
895 1978 1104 2020 Umbonem
1131 1982 1233 2020 scuti
1260 1983 1339 2034 ejus
1356 1980 1431 2021 telo
1452 1981 1531 2021 ali-

80 2042 268 2087 quantum
283 2031 529 2088 perforatum
552 2034 697 2074 viribus
715 2037 916 2088 ingruens,
946 2035 1121 2090 impulit,
1150 2038 1336 2091 vertitque
1360 2039 1394 2076 ei
1411 2036 1530 2077 latus.

196 2092 290 2141 Pag.
323 2092 416 2131 129.
445 2093 485 2132 6.
515 2091 794 2143 γυμνωθέντος
810 2094 886 2132 τοῦ
908 2091 1115 2146 τένοντος]
1147 2093 1368 2132 Cedrenus:
1397 2091 1528 2136 1666-

82 2161 132 2200 ρυ
150 2143 286 2198 βαλών
305 2145 361 2194 εἰς
377 2143 449 2187 τόν
473 2146 690 2198 Μέμνονος
710 2145 903 2200 τράχηλον
918 2150 1190 2202 γυμνωθέντα.
1232 2150 1370 2202 Dictys
1390 2151 1524 2200 etiam5

81 2211 118 2241 et
136 2199 322 2241 nudatum
341 2212 451 2242 scuto
478 2201 600 2244 hostis
620 2203 798 2257 jugulum
826 2203 941 2243 hasta
970 2208 1176 2260 tranfigit.
1238 2206 1371 2247 Τένων
1394 2206 1525 2257 etiam,

80 2271 158 2310 pro
180 2257 334 2297 cervice
351 2266 587 2312 usurpatur,
617 2262 725 2313 apud
745 2261 904 2302 Lucian.
924 2263 967 2300 in
989 2263 1174 2315 Cataplo:
1204 2262 1273 2303 καὶ
1295 2260 1367 2303 τόν
1387 2260 1528 2303 τένον-
1578 2289 1585 2293 -

81 2328 131 2354 τα
154 2316 228 2355 τοῦ
249 2311 456 2367 Τυράννου
485 2322 707 2358 καταπατεῖ.
740 2317 911 2370 Hesych.
955 2317 1086 2360 Τένων
1117 2316 1161 2361 τὸ
1190 2318 1233 2360 ἒν
1258 2321 1316 2373 τῷ
1346 2314 1526 2374 τραχήλῳ

81 2372 238 2422 νεῦρον.
303 2371 445 2411 Suidas
476 2373 590 2412 etiam
629 2372 722 2422 τούς
755 2373 945 2423 Τένοντας
974 2382 1111 2426 vocat,
1147 2378 1221 2416 τοῦ
1254 2371 1526 2427 τραχήλου-τοὶ

81 2425 334 2478 διατεταμένα
352 2431 495 2483 νεῦρα·
532 2425 690 2484 Ταύρου
708 2428 847 2482 βαθΰν
863 2429 1034 2472 τένοντα.
1094 2431 1116 2473 ὅ
1132 2430 1176 2473 δὲ
1192 2433 1335 2482 ταῦρος
1351 2430 1525 2484 πλαγεὶς,

80 2481 149 2521 καὶ
169 2482 370 2532 διακοπεὶς
387 2483 482 2533 τούς
498 2485 695 2536 τένοντας,
727 2486 857 2540 ἡσυχῆ
883 2487 951 2528 καὶ
972 2490 1146 2541 κοσμίως
1168 2486 1404 2539 κατηνέχθη.
1460 2487 1526 2525 Si—

80 2537 231 2590 byllina
248 2538 364 2579 Orac.
394 2541 463 2581 lib.
495 2542 533 2584 5.
565 2543 614 2582 ad
637 2543 703 2583 fin.
731 2543 956 2597 Αἰγοκέρως
983 2544 1122 2596 ἔπληξε
1147 2542 1240 2584 νέου
1269 2539 1433 2594 ταύροιο
1465 2541 1524 2583 τέ-

79 2609 214 2635 νοντα.
247 2595 415 2636 Galenus
431 2598 473 2637 in
498 2598 680 2651 Isagoge,
713 2601 877 2639 cervicis
900 2603 1158 2654 posteriorem
1183 2605 1338 2652 partem
1355 2597 1434 2637 hoc
1452 2612 1525 2638 no-

79 2650 184 2689 mine
204 2651 394 2702 appellari
413 2656 570 2695 asseritx
599 2659 674 2697 τοῦ
687 2653 881 2710 τραχήλου
904 2655 952 2697 τα
970 2656 1042 2709 μὲν
1061 2654 1230 2698 ὄπισθεν
1254 2655 1366 2702 ἰδίως
1391 2654 1523 2696 τένον-

77 2722 141 2754 τες
171 2702 440 2759 ὀνομάζονται.
507 2712 770 2764 Hippocrates
802 2720 932 2752 tamen
967 2713 1150 2762 τένοντας
1186 2711 1384 2765 appellare
1421 2712 1523 2750 solet

77 2764 348 2802 musculorum
369 2765 478 2818 fines,
498 2782 597 2819 quos
623 2766 914 2823 ἄπονευροᾶσεις
932 2770 1132 2810 nominant
1157 2767 1390 2808 Anatomici.
1423 2768 1522 2808 Ten-

79 2817 186 2858 dines
222 2820 370 2859 Latinis
392 2822 489 2862 dicti
514 2831 616 2865 sunt.

134 2881 277 2926 Ioannes
315 2882 479 2919 Malalas.
1196 2880 1251 2924 34
