1838 3230
601 141 1070 188 ΑΝΝοΤΑΤιοΝΕε.
1460 147 1560 199 593

108 259 199 312 pius
221 264 377 310 tamen,
414 265 582 312 etpost
609 272 698 298 eum
726 258 966 309 Jornandes,
996 273 1055 299 vr.
1091 273 1214 299 annos
1246 266 1286 299 et
1310 270 1370 298 iv.
1411 274 1559 299 menses

109 329 201 356 eum
215 315 431 368 imperasse
453 322 665 356 testantur:
698 316 763 354 cui
783 329 949 354 numero
979 316 1174 355 Eusebius
1202 331 1372 355 mensem
1400 319 1560 356 unicum

59 422 62 429 Ι
108 371 261 415 adimit.
323 372 462 425 Itaque
492 372 601 426 apud
627 373 816 411 Nostrum
843 372 1094 413 scribendum
1121 373 1302 422 videtur,
1332 371 1397 426 ἔτη
1419 371 1464 424 ς’,
1492 373 1562 415 καὶ

106 430 238 482 μῆναθ
257 445 296 484 Y·

218 497 542 548 Pag.302.15.
579 494 758 546 ἔσφαξαν
785 492 907 536 αὐτον
932 495 976 537 ἐν
1002 498 1061 536 ταῖ
1086 495 1266 551 Σιρμίῳ]
1297 495 1353 535 De
1380 496 1490 545 loco,
1521 503 1563 536 et

106 551 250 591 mortis
271 563 433 602 genere,
463 551 608 590 Nostro
630 565 721 590 cum
740 552 826 590 aliis
845 538 1040 591 convenit
1050 553 1341 605 Scriptoribus;
1369 552 1418 591 de
1441 566 1561 592 causa

106 622 187 647 non
207 609 318 648 item.
354 607 414 647 El.
435 607 629 671 Vopiscus
649 615 730 647 tres
752 608 873 647 Probi
893 608 1022 647 caedis
1041 609 1196 660 profert
1212 622 1366 648 causas:
1399 613 1436 650 1.
1454 609 1563 660 quod

96 664 251 707 ,milites
274 676 478 714 nunquam
500 664 654 704 ociosos
681 665 880 716 permisit:
910 670 949 708 2.
978 665 1087 716 quod
1117 665 1292 714 dixerat,
1322 665 1434 704 brevi
1462 666 1562 714 sote,

93 727 152 760 rut
180 720 299 760 nullis
319 720 507 759 militibus
531 734 631 772 opus
650 721 719 760 sit:
756 724 795 763 3.
830 721 940 772 quod
956 722 998 758 in
1019 723 1146 772 patria
1171 735 1241 760 sua
1263 722 1487 774 amplianda
1512 722 1563 760 ad

105 776 292 826 sordida,
323 790 369 815 nc
383 777 541 815 servilia
564 777 778 816 ministeria
797 777 942 816 milites
966 778 1168 828 coegisset.

215 846 318 897 Peg.
348 848 441 887 302.
472 847 537 887 16.
569 844 819 897 ἐβασίλευσεν
842 843 863 886 ὁ
881 841 1090 894 θειότατος
1111 842 1251 898 Κάρος
1271 844 1337 897 ἔτη
1358 844 1433 897 β.]
1464 846 1562 883 Caro

104 901 314 953 imperanti
341 914 463 940 annos
489 914 534 939 11.
559 901 702 939 tribuit
727 901 880 940 Auctor
908 907 1062 950 noster;
1092 901 1335 953 singulisque
1361 901 1450 939 filiis
1478 903 1563 955 ejus

105 957 352 1007 successive,
379 956 564 996 totidem:
595 958 691 995 Cum
720 964 851 996 tamen
871 958 992 996 Carus
1016 963 1153 1009 pater,
1191 965 1230 996 et
1257 958 1328 995 filii
1354 957 1453 1008 duo,
1484 972 1562 997 una

102 1013 355 1066 imperarint,
384 1027 458 1051 nec
476 1013 632 1065 imperii
650 1028 794 1052 annum
810 1014 972 1052 tertium
992 1014 1260 1065 expleverint,
1292 1027 1438 1053 omnes.

219 1083 544 1135 Pag.302·19.
591 1079 761 1130 ’ὑπέταξε
795 1077 946 1134 χώραν,
993 1078 1136 1133 ἥντινα
1176 1077 1336 1123 ἐκάλεσε
1377 1081 1559 1134 Καρίαν]

102 1137 271 1176 Ubinam
301 1137 459 1176 tandem
483 1143 679 1176 terrarum
703 1136 801 1176 haec
833 1137 974 1188 regio?
1013 1138 1167 1176 Cariam
1198 1137 1355 1190 quidem
1384 1138 1560 1189 agnosci

103 1207 216 1242 mus,
245 1193 360 1232 Asiae
391 1193 555 1233 minoris
589 1194 808 1245 regionem3
838 1193 907 1232 sed
935 1194 1052 1246 longe
1082 1200 1172 1233 ante
1200 1194 1343 1233 Carum
1368 1195 1466 1247 Imp.
1482 1194 1562 1234 hoc

103 1252 263 1290 nomine
280 1255 474 1291 vocatam.

215 1317 316 1370 Pag.
348 1321 445 1360 303
474 1319 514 1360 3·
553 1314 578 1359 ὁ
597 1314 780 1359 ἐκάλεσεν
808 1317 865 1367 εἰς
893 1316 1034 1359 ἰὸιον’
1024 1333 1151 1371 ονομα
1161 1347 1172 1368 ,
1203 1313 1372 1372 Κόρας]
1416 1313 1560 1370 Κάραι,

103 1380 151 1415 ut
171 1386 260 1414 cum
278 1380 414 1413 nostro
436 1374 657 1423 Cedrenus,
689 1381 727 1414 et
743 1374 985 1427 Procopius,
1014 1375 1096 1413 sive
1122 1371 1301 1424 Κᾶῤῥαι,
1330 1379 1376 1413 ut
1395 1373 1561 1427 Stepha-

101 1443 201 1481 nus,
233 1429 327 1470 urbs
347 1436 405 1470 est
422 1431 747 1483 Mesopotamiae,
778 1444 877 1483 quae
898 1431 1087 1470 Hebraeis
1105 1439 1168 1482 l'¹¹'¹
1194 1429 1363 1470 Charon.

213 1496 311 1552 Pag.
337 1501 434 1541 303.
463 1498 503 1541 4.
531 1497 600 1539 καὶ
616 1495 794 1552 ἐσφάγη,
823 1497 887 1539 ἐπι
909 1501 981 1550 τῆς
1006 1497 1197 1545 ὖπατείας
1217 1499 1412 1549 Μαξίμου
1444 1498 1510 1538 καὶ
1524 1497 1558 1550 *)

105 1555 394 1608 Ιαννουαρίου]
434 1555 512 1593 Alii
543 1555 707 1604 Carum,
755 1555 798 1592 in
831 1554 990 1593 Perside
1018 1555 1180 1593 fulmine
1214 1555 1336 1592 ictum
1363 1554 1560 1592 interiisse

105 1610 302 1658 scribunt3
339 1609 489 1650 Verum
524 1610 586 1650 his
614 1611 720 1651 Coss.
759 1610 838 1648 hoc
870 1610 957 1648 fieri
989 1624 1068 1648 non
1098 1609 1238 1660 potuit.
1278 1610 1560 1650 Maximianum

104 1666 283 1719 quidem,
312 1672 351 1704 et
372 1666 599 1705 ‚Ianuarium
630 1668 738 1707 Coss,
760 1666 973 1714 habemus,
1004 1666 1112 1717 apud
1139 1665 1374 1715 Eusebium,
1405 1673 1443 1704 et
1463 1665 1557 1707 Chr.

103 1724 218 1765 Alex.
240 1722 478 1769 Auctorem,
510 1736 610 1775 quos
641 1729 771 1761 tamen
798 1721 864 1760 hic
890 1722 940 1760 ad
968 1722 1206 1761 Diocletiani
1235 1735 1380 1762 annum
1403 1736 1458 1764 ιν.
1490 1723 1558 1762 ille

104 1779 155 1818 ad
172 1779 345 1832 ejusdem
360 1793 421 1819 an.
445 1792 507 1818 111.
530 1779 656 1831 ponit.

219 1837 314 1889 Pag.
342 1837 437 1878 303.
478 1834 518 1876 5.
563 1835 789 1888 ἐβασίλευσε
820 1832 1116 1888 Νουμεριανὸς]
1149 1836 1272 1874 Carus
1305 1836 1558 1888 expeditione

102 1891 144 1931 in
167 1892 302 1930 Persas
320 1897 524 1943 suscepta,
551 1891 852 1939 Numerianum,
885 1892 1007 1930 filium
1034 1898 1130 1930 natu
1148 1893 1357 1942 minorem,
1390 1893 1558 1944 optimae

103 1948 192 2000 spei
211 1948 521 1998 adolescentem,
552 1949 649 1986 illuc
678 1961 811 1986 secum
837 1948 973 1988 duxit:
1007 1949 1151 1987 Carino
1179 1949 1358 1997 interim,
1388 1949 1468 1987 filio
1491 1963 1558 1987 na-

103 2011 150 2043 tu
165 2004 316 2057 majori,
335 2018 470 2043 rerum
481 2004 791 2043 occidentalium
816 2018 910 2043 cura
931 2005 1149 2046 commissa.
1183 2006 1281 2044 Caro
1301 2012 1429 2044 autem
1451 2005 1557 2057 patri

87 2061 200 2100 satis
216 2063 376 2111 functo,
417 2062 678 2101 Numerianus
707 2060 815 2099 haud
841 2061 956 2112 longe
984 2062 1202 2114 superfuit,
1230 2062 1330 2116 Apri
1351 2063 1478 2101 soceri
1497 2063 1557 2099 in-

102 2117 215 2156 sidiis
237 2117 483 2157 interfectus.

215 2173 316 2227 Pag.
349 2177 443 2217 303.
477 2178 541 2217 10.
579 2173 647 2214 καὶ
665 2171 690 2214 ὅ
710 2170 821 2226 ἅγιος
839 2173 1048 2226 Βαβυλᾶς]
1089 2173 1364 2213 Persecutione
1391 2174 1464 2212 sub
1486 2174 1556 2212 De-

102 2229 164 2269 cio
185 2229 287 2282 Imp.
311 2230 418 2269 facta
437 2233 666 2283 martyrium
689 2230 855 2268 subiisse
874 2232 915 2269 S.
934 2230 1133 2281 Babylam,
1163 2236 1332 2268 testatur
1353 2230 1555 2279 Eusebius,

103 2292 144 2325 et
170 2293 263 2338 post
281 2299 369 2325 eum
398 2287 594 2326 Zonaras:
624 2300 760 2325 verum
790 2300 889 2338 quae
919 2285 986 2324 hic
1017 2287 1066 2325 de
1093 2289 1134 2326 S.
1162 2286 1333 2337 Babylae
1361 2286 1554 2338 Martyrio

102 2343 257 2394 profert
283 2343 452 2393 Auctor,
482 2344 530 2382 ab
551 2343 710 2382 Eusebii
732 2343 958 2382 narratione
977 2343 1092 2394 longe
1109 2342 1312 2381 recedunt.

213 2397 310 2451 Pag.
340 2402 432 2441 304.
476 2404 512 2442 1.
564 2400 632 2440 καὶ
660 2396 820 2439 ἀνεῖλαν
847 2397 890 2440 τὸ
920 2395 1021 2440 πολι)
1056 2401 1215 2450 πλῆθος
1250 2397 1348 2449 etc.]
1384 2401 1552 2447 Ανεῖλα,

103 2467 187 2493 aor.
209 2457 246 2497 1.
274 2455 407 2495 inusit.
434 2456 482 2495 ab
513 2455 607 2498 ἕλω·
646 2455 868 2509 cujusmodi
897 2456 1124 2507 frequenter
1156 2455 1282 2493 utitur
1306 2455 1460 2494 Auctor
1484 2469 1553 2493 no-

103 2517 196 2550 ster.

219 2569 313 2619 Pag.
346 2566 439 2610 304.
468 2572 505 2611 3.
532 2567 600 2609 καὶ
616 2567 858 2620 ἐκδείραντες
877 2565 920 2609 vd
935 2566 1059 2620 δέρμα
1076 2562 1201 2607 αὐτοῦ
1217 2566 1308 2619 etc.]
1338 2566 1432 2604 Tale
1453 2567 1554 2616 quid

103 2622 154 2661 de
173 2622 381 2662 Valeriano
409 2625 578 2674 factum,
607 2631 823 2664 memorant
845 2626 1059 2676 scriptores
1082 2623 1281 2662 nonnulli:
1314 2622 1551 2661 Numeriano

101 2692 199 2717 vero
222 2677 322 2718 haec
340 2693 420 2719 non
445 2682 652 2732 accidisse,
681 2695 731 2722 ex
756 2681 936 2735 probatis
953 2679 1214 2731 scriptoribus
1234 2679 1328 2719 satis
1352 2686 1517 2719 constat.

145 2801 185 2844 ⁸)
229 2801 289 2836 Sic
315 2801 369 2836 ed.
394 2803 464 2837 Ox.

154 2854 299 2889 Ioannes
327 2855 491 2890 Matalas.
1226 2853 1280 2893 38
