<?xml version="1.0" encoding="UTF-8"?>
<!DOCTYPE html PUBLIC "-//W3C//DTD XHTML 1.0 Transitional//EN"
    "http://www.w3.org/TR/xhtml1/DTD/xhtml1-transitional.dtd">
<html xmlns="http://www.w3.org/1999/xhtml" xml:lang="en" lang="en">
 <head>
  <title>
</title>
<meta http-equiv="Content-Type" content="text/html;charset=utf-8" />
  <meta name='ocr-system' content='tesseract 3.04.00' />
  <meta name='ocr-capabilities' content='ocr_page ocr_carea ocr_par ocr_line ocrx_word'/>
</head>
<body>
  <div class='ocr_page' id='page_1' title='image "./corpusscriptorum28niebuoft_0673.png"; bbox 0 0 1838 3230; ppageno 0'>
   <div class='ocr_carea' id='block_1_1' title="bbox 591 141 1549 197">
    <p class='ocr_par' dir='ltr' id='par_1_1' title="bbox 591 141 1549 197">
     <span class='ocr_line' id='line_1_1' title="bbox 591 141 1549 197; baseline 0.006 -8"><span class='ocrx_word' id='word_1_1' title='bbox 591 141 1062 190; x_wconf 82' lang='lat' dir='ltr'><strong>ANNOTATIONES.</strong></span> <span class='ocrx_word' id='word_1_2' title='bbox 1452 146 1549 197; x_wconf 87' lang='lat'><strong>591</strong></span> 
     </span>
    </p>
   </div>
   <div class='ocr_carea' id='block_1_2' title="bbox 88 255 1557 2792">
    <p class='ocr_par' dir='ltr' id='par_1_2' title="bbox 93 255 1557 764">
     <span class='ocr_line' id='line_1_2' title="bbox 99 255 1556 318; baseline -0.002 -13"><span class='ocrx_word' id='word_1_3' title='bbox 99 261 245 318; x_wconf 70' lang='grc' dir='ltr'><strong><em>ἄνδρες</em></strong></span> <span class='ocrx_word' id='word_1_4' title='bbox 260 261 449 318; x_wconf 57' lang='lat' dir='ltr'><strong>[munel</strong></span> <span class='ocrx_word' id='word_1_5' title='bbox 472 257 738 316; x_wconf 71' lang='grc' dir='ltr'><strong><em>ὀγδοήκοντα·</em></strong></span> <span class='ocrx_word' id='word_1_6' title='bbox 771 257 842 309; x_wconf 69' lang='grc' dir='ltr'><strong>οὓς</strong></span> <span class='ocrx_word' id='word_1_7' title='bbox 873 257 1052 308; x_wconf 74' lang='grc' dir='ltr'><strong><em>ἅπαντας</em></strong></span> <span class='ocrx_word' id='word_1_8' title='bbox 1081 257 1157 302; x_wconf 67' lang='grc' dir='ltr'><strong>σῦν</strong></span> <span class='ocrx_word' id='word_1_9' title='bbox 1189 261 1244 315; x_wconf 76' lang='grc' dir='ltr'><strong>τῷ</strong></span> <span class='ocrx_word' id='word_1_10' title='bbox 1268 259 1394 316; x_wconf 80' lang='grc' dir='ltr'><strong><em>πλοίῳ</em></strong></span> <span class='ocrx_word' id='word_1_11' title='bbox 1429 257 1488 302; x_wconf 83' lang='grc' dir='ltr'><strong>δι’</strong></span> <span class='ocrx_word' id='word_1_12' title='bbox 1505 255 1556 302; x_wconf 77' lang='grc' dir='ltr'><strong>οὗ</strong></span> 
     </span>
     <span class='ocr_line' id='line_1_3' title="bbox 97 314 1556 373; baseline -0.002 -11"><span class='ocrx_word' id='word_1_13' title='bbox 97 319 347 373; x_wconf 72' lang='grc' dir='ltr'><strong>ἐκομίζοντο,</strong></span> <span class='ocrx_word' id='word_1_14' title='bbox 382 321 591 371; x_wconf 76' lang='grc' dir='ltr'><strong><em>καυθῆναι</em></strong></span> <span class='ocrx_word' id='word_1_15' title='bbox 618 315 842 371; x_wconf 77' lang='grc' dir='ltr'><strong>προσέταξε.</strong></span> <span class='ocrx_word' id='word_1_16' title='bbox 890 316 959 358; x_wconf 83' lang='grc' dir='ltr'><strong>καὶ</strong></span> <span class='ocrx_word' id='word_1_17' title='bbox 987 315 1310 368; x_wconf 79' lang='grc' dir='ltr'><strong><em>κατεφλέχθησαν</em></strong></span> <span class='ocrx_word' id='word_1_18' title='bbox 1334 314 1479 366; x_wconf 76' lang='grc' dir='ltr'><strong><em>πάντες</em></strong></span> <span class='ocrx_word' id='word_1_19' title='bbox 1511 318 1556 359; x_wconf 77' lang='grc' dir='ltr'><strong>ἐν</strong></span> 
     </span>
     <span class='ocr_line' id='line_1_4' title="bbox 97 369 1556 432; baseline 0.007 -27"><span class='ocrx_word' id='word_1_20' title='bbox 97 375 203 432; x_wconf 36' lang='grc' dir='ltr'><strong>μέσῃ.</strong></span> <span class='ocrx_word' id='word_1_21' title='bbox 218 378 270 430; x_wconf 58' lang='grc' dir='ltr'><strong>τῇ</strong></span> <span class='ocrx_word' id='word_1_22' title='bbox 288 372 473 432; x_wconf 69' lang='grc' dir='ltr'><strong>θαλάσσῃ</strong></span> <span class='ocrx_word' id='word_1_23' title='bbox 493 371 567 415; x_wconf 72' lang='grc' dir='ltr'><strong>σύν</strong></span> <span class='ocrx_word' id='word_1_24' title='bbox 586 377 637 430; x_wconf 78' lang='grc' dir='ltr'><strong>τῇ</strong></span> <span class='ocrx_word' id='word_1_25' title='bbox 652 374 742 425; x_wconf 84' lang='grc' dir='ltr'><strong><em>νηῒ,</em></strong></span> <span class='ocrx_word' id='word_1_26' title='bbox 773 371 864 426; x_wconf 69' lang='grc' dir='ltr'><strong><em>ἄχρι</em></strong></span> <span class='ocrx_word' id='word_1_27' title='bbox 889 375 1116 426; x_wconf 81' lang='grc' dir='ltr'><strong><em>Δακυβιζης</em></strong></span> <span class='ocrx_word' id='word_1_28' title='bbox 1136 369 1386 428; x_wconf 75' lang='grc' dir='ltr'><strong>ὃιαρκεσάσῃ.</strong></span> <span class='ocrx_word' id='word_1_29' title='bbox 1449 375 1556 414; x_wconf 83' lang='lat' dir='ltr'>Inter</span> 
     </span>
     <span class='ocr_line' id='line_1_5' title="bbox 96 429 1554 484; baseline -0.002 -13"><span class='ocrx_word' id='word_1_30' title='bbox 96 431 304 484; x_wconf 75' lang='lat' dir='ltr'>Bithyniae</span> <span class='ocrx_word' id='word_1_31' title='bbox 333 433 449 471; x_wconf 80' lang='lat' dir='ltr'><strong>etiam</strong></span> <span class='ocrx_word' id='word_1_32' title='bbox 478 431 641 478; x_wconf 86' lang='lat' dir='ltr'><strong>fluvios,</strong></span> <span class='ocrx_word' id='word_1_33' title='bbox 672 429 742 481; x_wconf 89' lang='lat' dir='ltr'><strong>qui</strong></span> <span class='ocrx_word' id='word_1_34' title='bbox 770 443 849 468; x_wconf 88' lang='lat' dir='ltr'><strong>una</strong></span> <span class='ocrx_word' id='word_1_35' title='bbox 881 442 920 468; x_wconf 90' lang='lat' dir='ltr'><strong>se</strong></span> <span class='ocrx_word' id='word_1_36' title='bbox 949 430 990 469; x_wconf 90' lang='lat' dir='ltr'><strong>in</strong></span> <span class='ocrx_word' id='word_1_37' title='bbox 1018 443 1125 468; x_wconf 87' lang='lat' dir='ltr'><strong>mare</strong></span> <span class='ocrx_word' id='word_1_38' title='bbox 1156 429 1382 471; x_wconf 82' lang='lat' dir='ltr'><strong>effundunt.</strong></span> <span class='ocrx_word' id='word_1_39' title='bbox 1423 430 1554 470; x_wconf 87' lang='lat' dir='ltr'><strong>Bizem</strong></span> 
     </span>
     <span class='ocr_line' id='line_1_6' title="bbox 96 485 1556 538; baseline -0.001 -11"><span class='ocrx_word' id='word_1_40' title='bbox 96 489 264 528; x_wconf 81' lang='lat' dir='ltr'><strong>fluvium</strong></span> <span class='ocrx_word' id='word_1_41' title='bbox 290 487 501 536; x_wconf 81' lang='lat' dir='ltr'><strong>habemus,</strong></span> <span class='ocrx_word' id='word_1_42' title='bbox 541 486 650 538; x_wconf 87' lang='lat' dir='ltr'><strong>apud</strong></span> <span class='ocrx_word' id='word_1_43' title='bbox 685 485 879 526; x_wconf 86' lang='lat' dir='ltr'><strong>Ammian.</strong></span> <span class='ocrx_word' id='word_1_44' title='bbox 909 487 1125 525; x_wconf 84' lang='lat' dir='ltr'><strong>Marcellin.</strong></span> <span class='ocrx_word' id='word_1_45' title='bbox 1162 486 1189 525; x_wconf 86' lang='lat' dir='ltr'><strong>l.</strong></span> <span class='ocrx_word' id='word_1_46' title='bbox 1225 489 1293 528; x_wconf 88' lang='lat'><strong>22.</strong></span> <span class='ocrx_word' id='word_1_47' title='bbox 1359 485 1556 525; x_wconf 78' lang='lat' dir='ltr'><strong><em>Dextram</em></strong></span> 
     </span>
     <span class='ocr_line' id='line_1_7' title="bbox 97 539 1557 598; baseline -0.001 -14"><span class='ocrx_word' id='word_1_48' title='bbox 97 545 218 597; x_wconf 64' lang='lat' dir='ltr'><strong>igitur</strong></span> <span class='ocrx_word' id='word_1_49' title='bbox 245 545 498 598; x_wconf 78' lang='lat' dir='ltr'><strong>inflexionem</strong></span> <span class='ocrx_word' id='word_1_50' title='bbox 521 541 719 595; x_wconf 73' lang='lat' dir='ltr'><strong><em>Bosphori</em></strong></span> <span class='ocrx_word' id='word_1_51' title='bbox 747 541 912 581; x_wconf 73' lang='lat' dir='ltr'><strong>Thracii</strong></span> <span class='ocrx_word' id='word_1_52' title='bbox 943 543 1092 596; x_wconf 80' lang='lat' dir='ltr'><strong>excipit</strong></span> <span class='ocrx_word' id='word_1_53' title='bbox 1115 540 1323 592; x_wconf 75' lang='lat' dir='ltr'><em>Bithyniae</em></span> <span class='ocrx_word' id='word_1_54' title='bbox 1349 539 1454 581; x_wconf 78' lang='lat' dir='ltr'><strong>latus</strong></span> <span class='ocrx_word' id='word_1_55' title='bbox 1483 552 1557 583; x_wconf 78' lang='lat' dir='ltr'><strong>etc.</strong></span> 
     </span>
     <span class='ocr_line' id='line_1_8' title="bbox 93 596 1555 653; baseline -0.001 -14"><span class='ocrx_word' id='word_1_56' title='bbox 93 615 164 653; x_wconf 77' lang='lat' dir='ltr'><strong>pet·</strong></span> <span class='ocrx_word' id='word_1_57' title='bbox 181 614 282 653; x_wconf 75' lang='lat' dir='ltr'><strong>quae</strong></span> <span class='ocrx_word' id='word_1_58' title='bbox 299 598 435 642; x_wconf 75' lang='lat' dir='ltr'><strong>littora</strong></span> <span class='ocrx_word' id='word_1_59' title='bbox 452 600 494 638; x_wconf 81' lang='lat' dir='ltr'><strong>in</strong></span> <span class='ocrx_word' id='word_1_60' title='bbox 511 599 617 637; x_wconf 81' lang='lat' dir='ltr'><strong>sinus</strong></span> <span class='ocrx_word' id='word_1_61' title='bbox 637 596 830 649; x_wconf 81' lang='lat' dir='ltr'><strong>oblongos</strong></span> <span class='ocrx_word' id='word_1_62' title='bbox 852 609 1014 637; x_wconf 76' lang='lat' dir='ltr'><strong>curvata</strong></span> <span class='ocrx_word' id='word_1_63' title='bbox 1025 627 1036 647; x_wconf 93' lang='lat'>‚</span> <span class='ocrx_word' id='word_1_64' title='bbox 1069 598 1286 650; x_wconf 76' lang='lat' dir='ltr'><strong><em>Sangarius</em></strong></span> <span class='ocrx_word' id='word_1_65' title='bbox 1297 627 1309 647; x_wconf 89' lang='lat'>‚</span> <span class='ocrx_word' id='word_1_66' title='bbox 1340 607 1375 637; x_wconf 77' lang='lat' dir='ltr'><strong>et</strong></span> <span class='ocrx_word' id='word_1_67' title='bbox 1393 597 1555 651; x_wconf 74' lang='lat' dir='ltr'><strong>Phyllis,</strong></span> 
     </span>
     <span class='ocr_line' id='line_1_9' title="bbox 97 652 1555 708; baseline -0.001 -13"><span class='ocrx_word' id='word_1_68' title='bbox 97 666 133 694; x_wconf 79' lang='lat' dir='ltr'><strong>et</strong></span> <span class='ocrx_word' id='word_1_69' title='bbox 147 654 285 706; x_wconf 78' lang='lat' dir='ltr'><strong>Bizes,</strong></span> <span class='ocrx_word' id='word_1_70' title='bbox 313 665 350 695; x_wconf 75' lang='lat' dir='ltr'><strong>et</strong></span> <span class='ocrx_word' id='word_1_71' title='bbox 365 653 524 694; x_wconf 67' lang='lat' dir='ltr'><strong>Rhebas</strong></span> <span class='ocrx_word' id='word_1_72' title='bbox 538 655 654 706; x_wconf 82' lang='lat' dir='ltr'><strong>fluvii</strong></span> <span class='ocrx_word' id='word_1_73' title='bbox 664 652 898 708; x_wconf 77' lang='lat' dir='ltr'><strong>funduntur</strong></span> <span class='ocrx_word' id='word_1_74' title='bbox 917 654 958 692; x_wconf 83' lang='lat' dir='ltr'><strong>in</strong></span> <span class='ocrx_word' id='word_1_75' title='bbox 989 656 1126 693; x_wconf 83' lang='lat' dir='ltr'><strong>maria.</strong></span> <span class='ocrx_word' id='word_1_76' title='bbox 1184 654 1290 692; x_wconf 86' lang='lat' dir='ltr'><strong>Haec</strong></span> <span class='ocrx_word' id='word_1_77' title='bbox 1315 654 1449 706; x_wconf 78' lang='lat' dir='ltr'><strong>itaque</strong></span> <span class='ocrx_word' id='word_1_78' title='bbox 1476 655 1555 694; x_wconf 85' lang='lat' dir='ltr'><strong>ssu-</strong></span> 
     </span>
     <span class='ocr_line' id='line_1_10' title="bbox 94 708 1195 764; baseline -0.001 -13"><span class='ocrx_word' id='word_1_79' title='bbox 94 711 202 751; x_wconf 71' lang='lat' dir='ltr'><strong>mina</strong></span> <span class='ocrx_word' id='word_1_80' title='bbox 221 712 340 751; x_wconf 75' lang='lat' dir='ltr'><strong>fuisse</strong></span> <span class='ocrx_word' id='word_1_81' title='bbox 359 716 480 764; x_wconf 88' lang='lat' dir='ltr'><strong>puto,</strong></span> <span class='ocrx_word' id='word_1_82' title='bbox 509 710 559 750; x_wconf 91' lang='lat' dir='ltr'><strong>de</strong></span> <span class='ocrx_word' id='word_1_83' title='bbox 579 710 721 761; x_wconf 89' lang='lat' dir='ltr'><strong>quibus</strong></span> <span class='ocrx_word' id='word_1_84' title='bbox 745 708 811 747; x_wconf 90' lang='lat' dir='ltr'><strong>hic</strong></span> <span class='ocrx_word' id='word_1_85' title='bbox 833 710 1011 761; x_wconf 88' lang='lat' dir='ltr'><strong>loquitur</strong></span> <span class='ocrx_word' id='word_1_86' title='bbox 1031 714 1195 751; x_wconf 89' lang='lat' dir='ltr'><strong>Auctor.</strong></span> 
     </span>
    </p>

    <p class='ocr_par' dir='ltr' id='par_1_3' title="bbox 91 764 1553 977">
     <span class='ocr_line' id='line_1_11' title="bbox 205 764 1553 820; baseline 0.001 -14"><span class='ocrx_word' id='word_1_87' title='bbox 205 770 306 820; x_wconf 76' lang='lat' dir='ltr'><strong>Pag.</strong></span> <span class='ocrx_word' id='word_1_88' title='bbox 336 771 432 812; x_wconf 80' lang='lat'><strong>299.</strong></span> <span class='ocrx_word' id='word_1_89' title='bbox 463 769 525 809; x_wconf 89' lang='lat'><strong>11.</strong></span> <span class='ocrx_word' id='word_1_90' title='bbox 564 766 789 817; x_wconf 75' lang='grc' dir='ltr'><strong><em>ἐβασίλευσε</em></strong></span> <span class='ocrx_word' id='word_1_91' title='bbox 819 764 1128 814; x_wconf 77' lang='grc' dir='ltr'><strong><em>Κυντιλλιανὸς]</em></strong></span> <span class='ocrx_word' id='word_1_92' title='bbox 1158 767 1214 805; x_wconf 86' lang='lat' dir='ltr'><strong>lta</strong></span> <span class='ocrx_word' id='word_1_93' title='bbox 1241 767 1358 805; x_wconf 83' lang='lat' dir='ltr'><strong>etiam</strong></span> <span class='ocrx_word' id='word_1_94' title='bbox 1376 768 1553 808; x_wconf 87' lang='lat' dir='ltr'><strong>Zonarae</strong></span> 
     </span>
     <span class='ocr_line' id='line_1_12' title="bbox 94 821 1552 874; baseline 0.001 -12"><span class='ocrx_word' id='word_1_95' title='bbox 94 823 225 863; x_wconf 85' lang='lat' dir='ltr'><strong>dictus</strong></span> <span class='ocrx_word' id='word_1_96' title='bbox 244 830 319 862; x_wconf 81' lang='lat' dir='ltr'><strong>est:</strong></span> <span class='ocrx_word' id='word_1_97' title='bbox 349 823 564 874; x_wconf 75' lang='lat' dir='ltr'><strong>Eutropius</strong></span> <span class='ocrx_word' id='word_1_98' title='bbox 587 829 718 861; x_wconf 85' lang='lat' dir='ltr'><strong>tamen</strong></span> <span class='ocrx_word' id='word_1_99' title='bbox 741 828 780 859; x_wconf 88' lang='lat' dir='ltr'><strong>et</strong></span> <span class='ocrx_word' id='word_1_100' title='bbox 799 821 992 862; x_wconf 84' lang='lat' dir='ltr'>Eusebius</span> <span class='ocrx_word' id='word_1_101' title='bbox 1013 823 1252 871; x_wconf 85' lang='lat' dir='ltr'><strong>Quintilium</strong></span> <span class='ocrx_word' id='word_1_102' title='bbox 1276 836 1365 862; x_wconf 87' lang='lat' dir='ltr'><strong>eum</strong></span> <span class='ocrx_word' id='word_1_103' title='bbox 1384 831 1552 873; x_wconf 81' lang='lat' dir='ltr'><strong>vocant3</strong></span> 
     </span>
     <span class='ocr_line' id='line_1_13' title="bbox 94 878 1553 934; baseline 0.002 -16"><span class='ocrx_word' id='word_1_104' title='bbox 94 879 258 931; x_wconf 78' lang='lat' dir='ltr'><strong>quidam</strong></span> <span class='ocrx_word' id='word_1_105' title='bbox 291 878 548 929; x_wconf 77' lang='lat' dir='ltr'><strong>Quintillum5</strong></span> <span class='ocrx_word' id='word_1_106' title='bbox 590 892 708 930; x_wconf 81' lang='lat' dir='ltr'><strong>quam</strong></span> <span class='ocrx_word' id='word_1_107' title='bbox 740 879 999 930; x_wconf 81' lang='lat' dir='ltr'><strong>scriptionem</strong></span> <span class='ocrx_word' id='word_1_108' title='bbox 1031 879 1264 919; x_wconf 78' lang='lat' dir='ltr'><strong>confirmant</strong></span> <span class='ocrx_word' id='word_1_109' title='bbox 1294 879 1414 932; x_wconf 84' lang='lat' dir='ltr'><strong>hujus</strong></span> <span class='ocrx_word' id='word_1_110' title='bbox 1451 881 1553 934; x_wconf 87' lang='lat' dir='ltr'><strong>Imp.</strong></span> 
     </span>
     <span class='ocr_line' id='line_1_14' title="bbox 91 935 261 977; baseline 0.018 -3"><span class='ocrx_word' id='word_1_111' title='bbox 91 935 261 977; x_wconf 72' lang='lat' dir='ltr'><strong>Nummi.</strong></span> 
     </span>
    </p>

    <p class='ocr_par' dir='ltr' id='par_1_4' title="bbox 93 985 1552 1268">
     <span class='ocr_line' id='line_1_15' title="bbox 207 985 1552 1045; baseline 0.001 -14"><span class='ocrx_word' id='word_1_112' title='bbox 207 994 302 1044; x_wconf 80' lang='lat' dir='ltr'><strong>Pag.</strong></span> <span class='ocrx_word' id='word_1_113' title='bbox 331 993 427 1034; x_wconf 90' lang='grc'><strong>299.</strong></span> <span class='ocrx_word' id='word_1_114' title='bbox 457 989 522 1033; x_wconf 84' lang='grc'><strong>14.</strong></span> <span class='ocrx_word' id='word_1_115' title='bbox 552 985 747 1043; x_wconf 73' lang='grc' dir='ltr'><strong><em>η’ῤῥῶστει</em></strong></span> <span class='ocrx_word' id='word_1_116' title='bbox 762 986 837 1043; x_wconf 77' lang='grc' dir='ltr'><strong>γοῖρ</strong></span> <span class='ocrx_word' id='word_1_117' title='bbox 856 987 920 1032; x_wconf 80' lang='grc' dir='ltr'><strong>ὅτε</strong></span> <span class='ocrx_word' id='word_1_118' title='bbox 941 986 1216 1045; x_wconf 66' lang='grc' dir='ltr'><strong>ἀνηγορεύθη]</strong></span> <span class='ocrx_word' id='word_1_119' title='bbox 1247 991 1403 1030; x_wconf 84' lang='lat' dir='ltr'><strong>Claudii</strong></span> <span class='ocrx_word' id='word_1_120' title='bbox 1424 999 1552 1033; x_wconf 86' lang='lat' dir='ltr'><strong>morte</strong></span> 
     </span>
     <span class='ocr_line' id='line_1_16' title="bbox 93 1046 1551 1100; baseline 0.001 -14"><span class='ocrx_word' id='word_1_121' title='bbox 93 1048 241 1086; x_wconf 85' lang='lat' dir='ltr'><strong>Romae</strong></span> <span class='ocrx_word' id='word_1_122' title='bbox 269 1046 429 1097; x_wconf 70' lang='lat' dir='ltr'><strong>audita,</strong></span> <span class='ocrx_word' id='word_1_123' title='bbox 457 1047 620 1085; x_wconf 86' lang='lat' dir='ltr'><strong>Senatus</strong></span> <span class='ocrx_word' id='word_1_124' title='bbox 653 1046 915 1098; x_wconf 77' lang='lat' dir='ltr'><strong>Quintilium,</strong></span> <span class='ocrx_word' id='word_1_125' title='bbox 943 1047 1026 1100; x_wconf 87' lang='lat' dir='ltr'><strong>ejus</strong></span> <span class='ocrx_word' id='word_1_126' title='bbox 1058 1049 1242 1096; x_wconf 81' lang='lat' dir='ltr'><strong>fratrem,</strong></span> <span class='ocrx_word' id='word_1_127' title='bbox 1270 1048 1551 1100; x_wconf 82' lang='lat' dir='ltr'><strong>Imperatorem</strong></span> 
     </span>
     <span class='ocr_line' id='line_1_17' title="bbox 95 1102 1550 1155; baseline 0.001 -12"><span class='ocrx_word' id='word_1_128' title='bbox 95 1103 231 1155; x_wconf 86' lang='lat' dir='ltr'><strong>elegit:</strong></span> <span class='ocrx_word' id='word_1_129' title='bbox 259 1102 468 1142; x_wconf 81' lang='lat' dir='ltr'><strong>Exercitus</strong></span> <span class='ocrx_word' id='word_1_130' title='bbox 488 1109 618 1142; x_wconf 84' lang='lat' dir='ltr'><strong>tamen</strong></span> <span class='ocrx_word' id='word_1_131' title='bbox 650 1103 902 1142; x_wconf 84' lang='lat' dir='ltr'><strong>Aurelianum</strong></span> <span class='ocrx_word' id='word_1_132' title='bbox 926 1103 1145 1155; x_wconf 84' lang='lat' dir='ltr'><strong>Augustum</strong></span> <span class='ocrx_word' id='word_1_133' title='bbox 1174 1105 1369 1145; x_wconf 85' lang='lat' dir='ltr'><strong>salutavit.</strong></span> <span class='ocrx_word' id='word_1_134' title='bbox 1432 1107 1550 1154; x_wconf 90' lang='lat' dir='ltr'><strong>Quod</strong></span> 
     </span>
     <span class='ocr_line' id='line_1_18' title="bbox 95 1159 1551 1209; baseline 0.003 -11"><span class='ocrx_word' id='word_1_135' title='bbox 95 1159 161 1200; x_wconf 87' lang='lat' dir='ltr'><strong>ubi</strong></span> <span class='ocrx_word' id='word_1_136' title='bbox 190 1159 361 1198; x_wconf 82' lang='lat' dir='ltr'><strong>audisset</strong></span> <span class='ocrx_word' id='word_1_137' title='bbox 389 1159 631 1209; x_wconf 82' lang='lat' dir='ltr'><strong>Quintilius,</strong></span> <span class='ocrx_word' id='word_1_138' title='bbox 667 1172 768 1197; x_wconf 89' lang='lat' dir='ltr'><strong>vena</strong></span> <span class='ocrx_word' id='word_1_139' title='bbox 801 1159 952 1209; x_wconf 83' lang='lat' dir='ltr'><strong>soluta,</strong></span> <span class='ocrx_word' id='word_1_140' title='bbox 989 1167 1154 1200; x_wconf 86' lang='lat' dir='ltr'><strong>mortem</strong></span> <span class='ocrx_word' id='word_1_141' title='bbox 1184 1161 1259 1200; x_wconf 90' lang='lat' dir='ltr'><strong>sibi</strong></span> <span class='ocrx_word' id='word_1_142' title='bbox 1285 1161 1551 1202; x_wconf 84' lang='lat' dir='ltr'><strong>voluntariam</strong></span> 
     </span>
     <span class='ocr_line' id='line_1_19' title="bbox 93 1214 1139 1268; baseline 0.003 -14"><span class='ocrx_word' id='word_1_143' title='bbox 93 1217 310 1267; x_wconf 80' lang='lat' dir='ltr'><strong>conscivit,</strong></span> <span class='ocrx_word' id='word_1_144' title='bbox 339 1214 476 1255; x_wconf 86' lang='lat' dir='ltr'><strong>diebus</strong></span> <span class='ocrx_word' id='word_1_145' title='bbox 498 1221 649 1255; x_wconf 87' lang='lat' dir='ltr'><strong>tantum</strong></span> <span class='ocrx_word' id='word_1_146' title='bbox 667 1228 768 1256; x_wconf 79' lang='lat' dir='ltr'><strong>xvn.</strong></span> <span class='ocrx_word' id='word_1_147' title='bbox 785 1215 953 1268; x_wconf 87' lang='lat' dir='ltr'><strong>imperio</strong></span> <span class='ocrx_word' id='word_1_148' title='bbox 975 1217 1139 1268; x_wconf 72' lang='lat' dir='ltr'><strong>potituS.</strong></span> 
     </span>
    </p>

    <p class='ocr_par' dir='ltr' id='par_1_5' title="bbox 93 1267 1549 1385">
     <span class='ocr_line' id='line_1_20' title="bbox 207 1267 1549 1326; baseline 0.002 -14"><span class='ocrx_word' id='word_1_149' title='bbox 207 1274 301 1326; x_wconf 77' lang='lat' dir='ltr'><strong>Pag.</strong></span> <span class='ocrx_word' id='word_1_150' title='bbox 330 1274 424 1314; x_wconf 80' lang='lat'><strong>299.</strong></span> <span class='ocrx_word' id='word_1_151' title='bbox 457 1274 522 1315; x_wconf 88' lang='grc'><strong>18.</strong></span> <span class='ocrx_word' id='word_1_152' title='bbox 561 1271 627 1324; x_wconf 74' lang='grc' dir='ltr'><strong>ἔτη</strong></span> <span class='ocrx_word' id='word_1_153' title='bbox 654 1267 722 1324; x_wconf 86' lang='grc' dir='ltr'><strong>ς’.]</strong></span> <span class='ocrx_word' id='word_1_154' title='bbox 763 1272 998 1312; x_wconf 81' lang='lat' dir='ltr'><strong>Aurelianus</strong></span> <span class='ocrx_word' id='word_1_155' title='bbox 1029 1273 1242 1326; x_wconf 86' lang='lat' dir='ltr'><strong>imperavit</strong></span> <span class='ocrx_word' id='word_1_156' title='bbox 1264 1286 1327 1312; x_wconf 86' lang='lat' dir='ltr'><strong>an.</strong></span> <span class='ocrx_word' id='word_1_157' title='bbox 1357 1287 1397 1314; x_wconf 87' lang='lat' dir='ltr'><strong>v.</strong></span> <span class='ocrx_word' id='word_1_158' title='bbox 1415 1274 1549 1315; x_wconf 88' lang='lat' dir='ltr'><strong>Mense</strong></span> 
     </span>
     <span class='ocr_line' id='line_1_21' title="bbox 93 1328 594 1385; baseline 0 -17"><span class='ocrx_word' id='word_1_159' title='bbox 93 1341 159 1371; x_wconf 78' lang='lat' dir='ltr'><strong>vx..</strong></span> <span class='ocrx_word' id='word_1_160' title='bbox 177 1334 274 1368; x_wconf 81' lang='lat' dir='ltr'><strong>teste</strong></span> <span class='ocrx_word' id='word_1_161' title='bbox 289 1329 482 1381; x_wconf 85' lang='lat' dir='ltr'><strong>Eutropio</strong></span> <span class='ocrx_word' id='word_1_162' title='bbox 500 1328 532 1385; x_wconf 69' lang='lat' dir='ltr'><strong>l?</strong></span> <span class='ocrx_word' id='word_1_163' title='bbox 553 1331 594 1371; x_wconf 91' lang='lat'><strong>9.</strong></span> 
     </span>
    </p>

    <p class='ocr_par' dir='ltr' id='par_1_6' title="bbox 89 1379 1551 1718">
     <span class='ocr_line' id='line_1_22' title="bbox 204 1379 1550 1440; baseline 0.001 -15"><span class='ocrx_word' id='word_1_164' title='bbox 204 1387 300 1438; x_wconf 82' lang='lat' dir='ltr'><strong>Pag.</strong></span> <span class='ocrx_word' id='word_1_165' title='bbox 329 1387 424 1427; x_wconf 85' lang='lat'><strong>299.</strong></span> <span class='ocrx_word' id='word_1_166' title='bbox 453 1388 520 1428; x_wconf 84' lang='lat'><strong>20.</strong></span> <span class='ocrx_word' id='word_1_167' title='bbox 562 1379 701 1437; x_wconf 81' lang='grc' dir='ltr'><strong><em>ἐφόρει</em></strong></span> <span class='ocrx_word' id='word_1_168' title='bbox 729 1381 772 1424; x_wconf 83' lang='grc' dir='ltr'><strong>δὲ</strong></span> <span class='ocrx_word' id='word_1_169' title='bbox 802 1379 979 1438; x_wconf 70' lang='grc' dir='ltr'><strong><em>διάδημα</em></strong></span> <span class='ocrx_word' id='word_1_170' title='bbox 1009 1384 1098 1438; x_wconf 74' lang='grc' dir='ltr'><strong><em>ἕχον</em></strong></span> <span class='ocrx_word' id='word_1_171' title='bbox 1126 1382 1307 1440; x_wconf 56' lang='grc' dir='ltr'><strong>ἀστέρα]</strong></span> <span class='ocrx_word' id='word_1_172' title='bbox 1345 1386 1550 1427; x_wconf 82' lang='lat' dir='ltr'><strong>Aureliani</strong></span> 
     </span>
     <span class='ocr_line' id='line_1_23' title="bbox 91 1439 1551 1495; baseline 0.002 -15"><span class='ocrx_word' id='word_1_173' title='bbox 91 1440 218 1480; x_wconf 80' lang='lat' dir='ltr'><strong>Mater</strong></span> <span class='ocrx_word' id='word_1_174' title='bbox 249 1447 335 1480; x_wconf 83' lang='lat' dir='ltr'><strong>erat</strong></span> <span class='ocrx_word' id='word_1_175' title='bbox 365 1439 460 1479; x_wconf 83' lang='lat' dir='ltr'><strong>solis</strong></span> <span class='ocrx_word' id='word_1_176' title='bbox 482 1440 688 1489; x_wconf 81' lang='lat' dir='ltr'><strong>sacerdos3</strong></span> <span class='ocrx_word' id='word_1_177' title='bbox 718 1441 973 1492; x_wconf 87' lang='lat' dir='ltr'><strong>quamobrem</strong></span> <span class='ocrx_word' id='word_1_178' title='bbox 1005 1444 1265 1495; x_wconf 86' lang='lat' dir='ltr'><strong>praecipuum</strong></span> <span class='ocrx_word' id='word_1_179' title='bbox 1297 1445 1429 1482; x_wconf 85' lang='lat' dir='ltr'><strong>stellae</strong></span> <span class='ocrx_word' id='word_1_180' title='bbox 1456 1444 1551 1483; x_wconf 87' lang='lat' dir='ltr'><strong>huic</strong></span> 
     </span>
     <span class='ocr_line' id='line_1_24' title="bbox 92 1495 1551 1553; baseline 0.003 -17"><span class='ocrx_word' id='word_1_181' title='bbox 92 1497 244 1536; x_wconf 80' lang='lat' dir='ltr'><strong>cultum</strong></span> <span class='ocrx_word' id='word_1_182' title='bbox 263 1511 416 1549; x_wconf 82' lang='lat' dir='ltr'><strong>semper</strong></span> <span class='ocrx_word' id='word_1_183' title='bbox 445 1495 642 1538; x_wconf 86' lang='lat' dir='ltr'><strong>exhibuit.</strong></span> <span class='ocrx_word' id='word_1_184' title='bbox 706 1497 926 1549; x_wconf 85' lang='lat' dir='ltr'><strong>Imperator</strong></span> <span class='ocrx_word' id='word_1_185' title='bbox 952 1497 1036 1550; x_wconf 87' lang='lat' dir='ltr'><strong>ejus</strong></span> <span class='ocrx_word' id='word_1_186' title='bbox 1065 1500 1180 1538; x_wconf 83' lang='lat' dir='ltr'><strong>etiam</strong></span> <span class='ocrx_word' id='word_1_187' title='bbox 1209 1500 1372 1551; x_wconf 83' lang='lat' dir='ltr'><strong>effigiem</strong></span> <span class='ocrx_word' id='word_1_188' title='bbox 1399 1501 1551 1553; x_wconf 85' lang='lat' dir='ltr'><strong>Clypeo</strong></span> 
     </span>
     <span class='ocr_line' id='line_1_25' title="bbox 90 1553 1548 1607; baseline 0.003 -14"><span class='ocrx_word' id='word_1_189' title='bbox 90 1554 220 1593; x_wconf 84' lang='lat' dir='ltr'><strong>ferens</strong></span> <span class='ocrx_word' id='word_1_190' title='bbox 240 1553 500 1607; x_wconf 87' lang='lat' dir='ltr'><strong>insculptam,</strong></span> <span class='ocrx_word' id='word_1_191' title='bbox 529 1553 591 1592; x_wconf 87' lang='lat' dir='ltr'><strong>uti</strong></span> <span class='ocrx_word' id='word_1_192' title='bbox 607 1553 757 1592; x_wconf 85' lang='lat' dir='ltr'><strong>nummi</strong></span> <span class='ocrx_word' id='word_1_193' title='bbox 774 1554 857 1606; x_wconf 87' lang='lat' dir='ltr'><strong>ejus</strong></span> <span class='ocrx_word' id='word_1_194' title='bbox 875 1560 1090 1593; x_wconf 84' lang='lat' dir='ltr'><strong>testantur:</strong></span> <span class='ocrx_word' id='word_1_195' title='bbox 1122 1557 1265 1607; x_wconf 85' lang='lat' dir='ltr'><strong>quibus</strong></span> <span class='ocrx_word' id='word_1_196' title='bbox 1288 1557 1402 1595; x_wconf 80' lang='lat' dir='ltr'><strong>etiam</strong></span> <span class='ocrx_word' id='word_1_197' title='bbox 1426 1559 1548 1598; x_wconf 87' lang='lat' dir='ltr'><strong>solem</strong></span> 
     </span>
     <span class='ocr_line' id='line_1_26' title="bbox 90 1609 1546 1665; baseline 0.003 -17"><span class='ocrx_word' id='word_1_198' title='bbox 90 1609 191 1648; x_wconf 86' lang='lat' dir='ltr'><strong>nudi</strong></span> <span class='ocrx_word' id='word_1_199' title='bbox 209 1610 335 1648; x_wconf 83' lang='lat' dir='ltr'><strong>forma</strong></span> <span class='ocrx_word' id='word_1_200' title='bbox 353 1622 601 1660; x_wconf 83' lang='lat' dir='ltr'><strong>expressum,</strong></span> <span class='ocrx_word' id='word_1_201' title='bbox 634 1610 843 1661; x_wconf 84' lang='lat' dir='ltr'><strong>capiteque</strong></span> <span class='ocrx_word' id='word_1_202' title='bbox 874 1624 1020 1650; x_wconf 84' lang='lat' dir='ltr'><strong>corona</strong></span> <span class='ocrx_word' id='word_1_203' title='bbox 1045 1612 1196 1651; x_wconf 89' lang='lat' dir='ltr'><strong>radiata</strong></span> <span class='ocrx_word' id='word_1_204' title='bbox 1217 1612 1425 1665; x_wconf 86' lang='lat' dir='ltr'><strong>insignito,</strong></span> <span class='ocrx_word' id='word_1_205' title='bbox 1456 1628 1546 1654; x_wconf 86' lang='lat' dir='ltr'><strong>cum</strong></span> 
     </span>
     <span class='ocr_line' id='line_1_27' title="bbox 89 1665 1227 1718; baseline 0.003 -14"><span class='ocrx_word' id='word_1_206' title='bbox 89 1665 166 1704; x_wconf 86' lang='lat' dir='ltr'><strong>hac</strong></span> <span class='ocrx_word' id='word_1_207' title='bbox 181 1665 459 1718; x_wconf 82' lang='lat' dir='ltr'><strong>inscriptione,</strong></span> <span class='ocrx_word' id='word_1_208' title='bbox 488 1665 602 1703; x_wconf 88' lang='lat' dir='ltr'>SOLI</span> <span class='ocrx_word' id='word_1_209' title='bbox 629 1666 862 1715; x_wconf 89' lang='lat' dir='ltr'>INVICTO,</span> <span class='ocrx_word' id='word_1_210' title='bbox 894 1667 1105 1707; x_wconf 85' lang='lat' dir='ltr'><strong>observare</strong></span> <span class='ocrx_word' id='word_1_211' title='bbox 1123 1669 1227 1708; x_wconf 87' lang='lat' dir='ltr'><strong>licet.</strong></span> 
     </span>
    </p>

    <p class='ocr_par' dir='ltr' id='par_1_7' title="bbox 90 1720 1546 2112">
     <span class='ocr_line' id='line_1_28' title="bbox 193 1720 1546 1781; baseline 0.006 -21"><span class='ocrx_word' id='word_1_212' title='bbox 193 1723 295 1774; x_wconf 71' lang='lat' dir='ltr'><strong>Peg.</strong></span> <span class='ocrx_word' id='word_1_213' title='bbox 322 1723 417 1764; x_wconf 80' lang='lat'><strong>299.</strong></span> <span class='ocrx_word' id='word_1_214' title='bbox 450 1724 516 1764; x_wconf 85' lang='grc'><strong>23.</strong></span> <span class='ocrx_word' id='word_1_215' title='bbox 554 1720 623 1761; x_wconf 84' lang='grc' dir='ltr'><strong>καὶ</strong></span> <span class='ocrx_word' id='word_1_216' title='bbox 651 1724 857 1775; x_wconf 78' lang='grc' dir='ltr'><strong><em>πληρῶσαι</em></strong></span> <span class='ocrx_word' id='word_1_217' title='bbox 891 1721 940 1764; x_wconf 71' lang='grc' dir='ltr'><strong>τοὶ</strong></span> <span class='ocrx_word' id='word_1_218' title='bbox 967 1725 1096 1776; x_wconf 83' lang='grc' dir='ltr'><strong><em>τείχη]</em></strong></span> <span class='ocrx_word' id='word_1_219' title='bbox 1139 1726 1262 1776; x_wconf 83' lang='lat' dir='ltr'><strong>Lego,</strong></span> <span class='ocrx_word' id='word_1_220' title='bbox 1293 1725 1362 1766; x_wconf 85' lang='grc' dir='ltr'><strong>καὶ</strong></span> <span class='ocrx_word' id='word_1_221' title='bbox 1390 1723 1546 1781; x_wconf 74' lang='grc' dir='ltr'><em>πληρώ-</em></span> 
     </span>
     <span class='ocr_line' id='line_1_29' title="bbox 92 1777 1545 1830; baseline 0.003 -11"><span class='ocrx_word' id='word_1_222' title='bbox 92 1787 165 1825; x_wconf 79' lang='grc' dir='ltr'><strong>σας</strong></span> <span class='ocrx_word' id='word_1_223' title='bbox 180 1793 214 1818; x_wconf 84' lang='grc' dir='ltr'><strong>τ.</strong></span> <span class='ocrx_word' id='word_1_224' title='bbox 236 1792 269 1818; x_wconf 83' lang='grc' dir='ltr'><strong>τ.</strong></span> <span class='ocrx_word' id='word_1_225' title='bbox 328 1777 442 1815; x_wconf 88' lang='lat' dir='ltr'><strong>Anno</strong></span> <span class='ocrx_word' id='word_1_226' title='bbox 473 1790 569 1816; x_wconf 85' lang='lat' dir='ltr'><strong>vero</strong></span> <span class='ocrx_word' id='word_1_227' title='bbox 598 1778 752 1830; x_wconf 87' lang='lat' dir='ltr'><strong>imperii</strong></span> <span class='ocrx_word' id='word_1_228' title='bbox 786 1779 847 1817; x_wconf 88' lang='lat' dir='ltr'><strong>sui</strong></span> <span class='ocrx_word' id='word_1_229' title='bbox 876 1793 922 1818; x_wconf 89' lang='lat'><strong>11.</strong></span> <span class='ocrx_word' id='word_1_230' title='bbox 955 1780 1090 1820; x_wconf 86' lang='lat' dir='ltr'><strong>Tacito</strong></span> <span class='ocrx_word' id='word_1_231' title='bbox 1121 1788 1160 1820; x_wconf 89' lang='lat' dir='ltr'><strong>et</strong></span> <span class='ocrx_word' id='word_1_232' title='bbox 1182 1782 1408 1822; x_wconf 84' lang='lat' dir='ltr'><strong>Placidiano</strong></span> <span class='ocrx_word' id='word_1_233' title='bbox 1438 1784 1545 1824; x_wconf 86' lang='lat' dir='ltr'><strong>Coss.</strong></span> 
     </span>
     <span class='ocr_line' id='line_1_30' title="bbox 90 1833 1544 1892; baseline 0.004 -19"><span class='ocrx_word' id='word_1_234' title='bbox 90 1834 346 1874; x_wconf 82' lang='lat' dir='ltr'><strong>Aurelianum</strong></span> <span class='ocrx_word' id='word_1_235' title='bbox 371 1833 473 1872; x_wconf 83' lang='lat' dir='ltr'><strong>hane</strong></span> <span class='ocrx_word' id='word_1_236' title='bbox 501 1833 707 1872; x_wconf 87' lang='lat' dir='ltr'><strong>Murorum</strong></span> <span class='ocrx_word' id='word_1_237' title='bbox 738 1835 999 1875; x_wconf 85' lang='lat' dir='ltr'><strong>Romanorum</strong></span> <span class='ocrx_word' id='word_1_238' title='bbox 1029 1837 1355 1878; x_wconf 85' lang='lat' dir='ltr'><strong>instaurationem</strong></span> <span class='ocrx_word' id='word_1_239' title='bbox 1383 1853 1544 1892; x_wconf 84' lang='lat' dir='ltr'><strong>aggres-</strong></span> 
     </span>
     <span class='ocr_line' id='line_1_31' title="bbox 91 1889 1543 1947; baseline 0.004 -17"><span class='ocrx_word' id='word_1_240' title='bbox 91 1903 178 1930; x_wconf 82' lang='lat' dir='ltr'><strong>sum</strong></span> <span class='ocrx_word' id='word_1_241' title='bbox 207 1903 288 1929; x_wconf 83' lang='lat' dir='ltr'><strong>esse</strong></span> <span class='ocrx_word' id='word_1_242' title='bbox 316 1895 483 1928; x_wconf 82' lang='lat' dir='ltr'><strong>testatur</strong></span> <span class='ocrx_word' id='word_1_243' title='bbox 516 1889 608 1930; x_wconf 87' lang='lat' dir='ltr'><strong>Chr.</strong></span> <span class='ocrx_word' id='word_1_244' title='bbox 640 1891 753 1930; x_wconf 88' lang='lat' dir='ltr'><strong>Alex.</strong></span> <span class='ocrx_word' id='word_1_245' title='bbox 782 1891 953 1931; x_wconf 86' lang='lat' dir='ltr'><strong>Auctor:</strong></span> <span class='ocrx_word' id='word_1_246' title='bbox 999 1907 1080 1933; x_wconf 92' lang='lat' dir='ltr'><strong>non</strong></span> <span class='ocrx_word' id='word_1_247' title='bbox 1109 1901 1262 1944; x_wconf 88' lang='lat' dir='ltr'><strong>autem,</strong></span> <span class='ocrx_word' id='word_1_248' title='bbox 1298 1896 1357 1934; x_wconf 80' lang='lat' dir='ltr'><strong>uti</strong></span> <span class='ocrx_word' id='word_1_249' title='bbox 1387 1897 1543 1947; x_wconf 85' lang='lat' dir='ltr'><strong>Noster,</strong></span> 
     </span>
     <span class='ocr_line' id='line_1_32' title="bbox 90 1946 1542 1999; baseline 0.006 -14"><span class='ocrx_word' id='word_1_250' title='bbox 90 1947 186 1999; x_wconf 80' lang='lat' dir='ltr'><strong>ipsis</strong></span> <span class='ocrx_word' id='word_1_251' title='bbox 214 1947 370 1999; x_wconf 86' lang='lat' dir='ltr'><strong>imperii</strong></span> <span class='ocrx_word' id='word_1_252' title='bbox 400 1946 534 1986; x_wconf 76' lang='lat' dir='ltr'><strong>initiis.</strong></span> <span class='ocrx_word' id='word_1_253' title='bbox 593 1947 784 1986; x_wconf 85' lang='lat' dir='ltr'><strong>Eusebius</strong></span> <span class='ocrx_word' id='word_1_254' title='bbox 813 1954 942 1988; x_wconf 85' lang='lat' dir='ltr'><strong>tamen</strong></span> <span class='ocrx_word' id='word_1_255' title='bbox 971 1948 1049 1989; x_wconf 91' lang='lat' dir='ltr'><strong>hoc</strong></span> <span class='ocrx_word' id='word_1_256' title='bbox 1074 1950 1123 1989; x_wconf 85' lang='lat' dir='ltr'><strong>ab</strong></span> <span class='ocrx_word' id='word_1_257' title='bbox 1148 1951 1361 1991; x_wconf 87' lang='lat' dir='ltr'><strong>Aureliano</strong></span> <span class='ocrx_word' id='word_1_258' title='bbox 1390 1954 1542 1993; x_wconf 83' lang='lat' dir='ltr'><strong>factum</strong></span> 
     </span>
     <span class='ocr_line' id='line_1_33' title="bbox 91 2002 1540 2063; baseline 0.005 -21"><span class='ocrx_word' id='word_1_259' title='bbox 91 2003 249 2050; x_wconf 80' lang='lat' dir='ltr'><strong>asserit,</strong></span> <span class='ocrx_word' id='word_1_260' title='bbox 278 2003 351 2041; x_wconf 87' lang='lat' dir='ltr'><strong>sub</strong></span> <span class='ocrx_word' id='word_1_261' title='bbox 373 2002 487 2042; x_wconf 86' lang='lat' dir='ltr'><strong>dictis</strong></span> <span class='ocrx_word' id='word_1_262' title='bbox 506 2003 663 2055; x_wconf 89' lang='lat' dir='ltr'><strong>quidem</strong></span> <span class='ocrx_word' id='word_1_263' title='bbox 682 2004 789 2043; x_wconf 81' lang='lat' dir='ltr'><strong>Coss.</strong></span> <span class='ocrx_word' id='word_1_264' title='bbox 809 2018 909 2044; x_wconf 87' lang='lat' dir='ltr'><strong>anno</strong></span> <span class='ocrx_word' id='word_1_265' title='bbox 932 2011 1062 2046; x_wconf 83' lang='lat' dir='ltr'><strong>tamen</strong></span> <span class='ocrx_word' id='word_1_266' title='bbox 1074 2015 1279 2060; x_wconf 86' lang='lat' dir='ltr'><strong>sequente,</strong></span> <span class='ocrx_word' id='word_1_267' title='bbox 1309 2023 1450 2063; x_wconf 87' lang='lat' dir='ltr'><strong>nempe</strong></span> <span class='ocrx_word' id='word_1_268' title='bbox 1467 2011 1540 2049; x_wconf 86' lang='lat' dir='ltr'><strong>im-</strong></span> 
     </span>
     <span class='ocr_line' id='line_1_34' title="bbox 90 2059 371 2112; baseline -0.004 -14"><span class='ocrx_word' id='word_1_269' title='bbox 90 2059 190 2112; x_wconf 86' lang='lat' dir='ltr'><strong>perii</strong></span> <span class='ocrx_word' id='word_1_270' title='bbox 209 2059 292 2109; x_wconf 80' lang='lat' dir='ltr'><strong>ejus</strong></span> <span class='ocrx_word' id='word_1_271' title='bbox 309 2073 371 2098; x_wconf 89' lang='lat'><strong>111.</strong></span> 
     </span>
    </p>

    <p class='ocr_par' dir='ltr' id='par_1_8' title="bbox 89 2112 1540 2449">
     <span class='ocr_line' id='line_1_35' title="bbox 204 2112 1537 2172; baseline 0.004 -17"><span class='ocrx_word' id='word_1_272' title='bbox 204 2118 298 2168; x_wconf 79' lang='lat' dir='ltr'><strong>Pag.</strong></span> <span class='ocrx_word' id='word_1_273' title='bbox 327 2118 423 2159; x_wconf 84' lang='lat'><strong>300.</strong></span> <span class='ocrx_word' id='word_1_274' title='bbox 456 2117 519 2157; x_wconf 87' lang='lat'><strong>19.</strong></span> <span class='ocrx_word' id='word_1_275' title='bbox 559 2112 846 2166; x_wconf 70' lang='grc' dir='ltr'><em>ἀπεκεφάλισεν</em></span> <span class='ocrx_word' id='word_1_276' title='bbox 875 2115 1041 2172; x_wconf 59' lang='lat' dir='ltr'><strong>adraim]</strong></span> <span class='ocrx_word' id='word_1_277' title='bbox 1078 2120 1165 2159; x_wconf 91' lang='lat' dir='ltr'><strong>Hoc</strong></span> <span class='ocrx_word' id='word_1_278' title='bbox 1196 2134 1311 2161; x_wconf 89' lang='lat' dir='ltr'><strong>nemo</strong></span> <span class='ocrx_word' id='word_1_279' title='bbox 1339 2122 1439 2160; x_wconf 87' lang='lat' dir='ltr'><strong>alius</strong></span> <span class='ocrx_word' id='word_1_280' title='bbox 1463 2136 1537 2160; x_wconf 87' lang='lat' dir='ltr'><strong>un·-</strong></span> 
     </span>
     <span class='ocr_line' id='line_1_36' title="bbox 92 2171 1540 2225; baseline 0.005 -16"><span class='ocrx_word' id='word_1_281' title='bbox 92 2185 208 2223; x_wconf 87' lang='lat' dir='ltr'><strong>quam</strong></span> <span class='ocrx_word' id='word_1_282' title='bbox 227 2171 342 2210; x_wconf 76' lang='lat' dir='ltr'><strong>dixit.</strong></span> <span class='ocrx_word' id='word_1_283' title='bbox 398 2171 575 2210; x_wconf 85' lang='lat' dir='ltr'><strong>Zosimus</strong></span> <span class='ocrx_word' id='word_1_284' title='bbox 607 2173 766 2224; x_wconf 89' lang='lat' dir='ltr'><strong>quidem</strong></span> <span class='ocrx_word' id='word_1_285' title='bbox 797 2189 881 2214; x_wconf 90' lang='lat' dir='ltr'><strong>eam</strong></span> <span class='ocrx_word' id='word_1_286' title='bbox 905 2176 1267 2216; x_wconf 84' lang='lat' dir='ltr'><strong>itineremortuam</strong></span> <span class='ocrx_word' id='word_1_287' title='bbox 1289 2178 1432 2225; x_wconf 83' lang='lat' dir='ltr'><strong>tradit,</strong></span> <span class='ocrx_word' id='word_1_288' title='bbox 1462 2179 1540 2216; x_wconf 84' lang='lat' dir='ltr'><strong>sal-</strong></span> 
     </span>
     <span class='ocr_line' id='line_1_37' title="bbox 91 2228 1540 2282; baseline 0.006 -17"><span class='ocrx_word' id='word_1_289' title='bbox 91 2228 256 2266; x_wconf 81' lang='lat' dir='ltr'><strong>sissime:</strong></span> <span class='ocrx_word' id='word_1_290' title='bbox 286 2229 335 2266; x_wconf 88' lang='lat' dir='ltr'><strong>Et</strong></span> <span class='ocrx_word' id='word_1_291' title='bbox 355 2229 518 2267; x_wconf 86' lang='lat' dir='ltr'><strong>Romam</strong></span> <span class='ocrx_word' id='word_1_292' title='bbox 535 2229 637 2268; x_wconf 90' lang='lat' dir='ltr'><strong>enim</strong></span> <span class='ocrx_word' id='word_1_293' title='bbox 660 2231 852 2281; x_wconf 86' lang='lat' dir='ltr'><strong>perducta</strong></span> <span class='ocrx_word' id='word_1_294' title='bbox 883 2239 961 2282; x_wconf 86' lang='lat' dir='ltr'><strong>est,</strong></span> <span class='ocrx_word' id='word_1_295' title='bbox 992 2239 1031 2272; x_wconf 87' lang='lat' dir='ltr'><strong>et</strong></span> <span class='ocrx_word' id='word_1_296' title='bbox 1059 2234 1205 2273; x_wconf 87' lang='lat' dir='ltr'><strong>ibidem</strong></span> <span class='ocrx_word' id='word_1_297' title='bbox 1234 2235 1350 2274; x_wconf 87' lang='lat' dir='ltr'><strong>etiam</strong></span> <span class='ocrx_word' id='word_1_298' title='bbox 1383 2247 1471 2274; x_wconf 90' lang='lat' dir='ltr'><strong>cum</strong></span> <span class='ocrx_word' id='word_1_299' title='bbox 1491 2236 1540 2273; x_wconf 89' lang='lat' dir='ltr'><strong>li-</strong></span> 
     </span>
     <span class='ocr_line' id='line_1_38' title="bbox 89 2281 1536 2340; baseline 0.006 -19"><span class='ocrx_word' id='word_1_300' title='bbox 89 2283 213 2332; x_wconf 85' lang='lat' dir='ltr'><strong>beris,</strong></span> <span class='ocrx_word' id='word_1_301' title='bbox 242 2285 506 2323; x_wconf 79' lang='lat' dir='ltr'><strong>Romanarum</strong></span> <span class='ocrx_word' id='word_1_302' title='bbox 527 2281 635 2324; x_wconf 80' lang='lat' dir='ltr'><strong>more</strong></span> <span class='ocrx_word' id='word_1_303' title='bbox 649 2294 939 2337; x_wconf 85' lang='lat' dir='ltr'><strong>matronarum,</strong></span> <span class='ocrx_word' id='word_1_304' title='bbox 970 2290 1092 2329; x_wconf 82' lang='lat' dir='ltr'><strong>vitam</strong></span> <span class='ocrx_word' id='word_1_305' title='bbox 1112 2304 1251 2340; x_wconf 79' lang='lat' dir='ltr'><strong>agens,</strong></span> <span class='ocrx_word' id='word_1_306' title='bbox 1287 2304 1440 2330; x_wconf 87' lang='lat' dir='ltr'><strong>summo</strong></span> <span class='ocrx_word' id='word_1_307' title='bbox 1462 2290 1536 2329; x_wconf 88' lang='lat' dir='ltr'><strong>ho-</strong></span> 
     </span>
     <span class='ocr_line' id='line_1_39' title="bbox 89 2341 1534 2394; baseline 0.006 -17"><span class='ocrx_word' id='word_1_308' title='bbox 89 2352 187 2378; x_wconf 83' lang='lat' dir='ltr'><strong>nore</strong></span> <span class='ocrx_word' id='word_1_309' title='bbox 203 2341 424 2380; x_wconf 85' lang='lat' dir='ltr'><strong>consenuit:</strong></span> <span class='ocrx_word' id='word_1_310' title='bbox 453 2341 563 2394; x_wconf 83' lang='lat' dir='ltr'><strong>cujus</strong></span> <span class='ocrx_word' id='word_1_311' title='bbox 581 2343 640 2381; x_wconf 88' lang='lat' dir='ltr'><strong>rei</strong></span> <span class='ocrx_word' id='word_1_312' title='bbox 669 2350 790 2384; x_wconf 85' lang='lat' dir='ltr'><strong>testes</strong></span> <span class='ocrx_word' id='word_1_313' title='bbox 819 2344 1010 2386; x_wconf 79' lang='lat' dir='ltr'><strong>habemus</strong></span> <span class='ocrx_word' id='word_1_314' title='bbox 1037 2347 1274 2387; x_wconf 84' lang='lat' dir='ltr'><strong>Trebellium</strong></span> <span class='ocrx_word' id='word_1_315' title='bbox 1302 2347 1534 2394; x_wconf 87' lang='lat' dir='ltr'><strong>Pollionem,</strong></span> 
     </span>
     <span class='ocr_line' id='line_1_40' title="bbox 89 2395 558 2449; baseline 0.011 -16"><span class='ocrx_word' id='word_1_316' title='bbox 89 2395 343 2447; x_wconf 71' lang='lat' dir='ltr'><strong>Eutropium,</strong></span> <span class='ocrx_word' id='word_1_317' title='bbox 373 2398 558 2449; x_wconf 85' lang='lat' dir='ltr'><strong>aliosque.</strong></span> 
     </span>
    </p>

    <p class='ocr_par' dir='ltr' id='par_1_9' title="bbox 88 2451 1535 2792">
     <span class='ocr_line' id='line_1_41' title="bbox 203 2451 1535 2511; baseline 0.007 -20"><span class='ocrx_word' id='word_1_318' title='bbox 203 2454 299 2504; x_wconf 79' lang='lat' dir='ltr'><strong>Pug.</strong></span> <span class='ocrx_word' id='word_1_319' title='bbox 331 2456 428 2495; x_wconf 84' lang='lat'><strong>301.</strong></span> <span class='ocrx_word' id='word_1_320' title='bbox 457 2458 498 2496; x_wconf 84' lang='grc'><strong>2.</strong></span> <span class='ocrx_word' id='word_1_321' title='bbox 525 2451 772 2510; x_wconf 77' lang='grc' dir='ltr'><strong><em>Μονιτάριοι</em></strong></span> <span class='ocrx_word' id='word_1_322' title='bbox 794 2458 1051 2511; x_wconf 77' lang='grc' dir='ltr'><strong><em>Αντιοχείας]</em></strong></span> <span class='ocrx_word' id='word_1_323' title='bbox 1081 2454 1280 2510; x_wconf 80' lang='grc' dir='ltr'><strong><em>Μονήτα,</em></strong></span> <span class='ocrx_word' id='word_1_324' title='bbox 1312 2464 1351 2496; x_wconf 88' lang='lat' dir='ltr'><strong>et</strong></span> <span class='ocrx_word' id='word_1_325' title='bbox 1371 2459 1535 2500; x_wconf 79' lang='grc' dir='ltr'><strong><em>Μονίτα</em></strong></span> 
     </span>
     <span class='ocr_line' id='line_1_42' title="bbox 88 2505 1533 2569; baseline 0.006 -21"><span class='ocrx_word' id='word_1_326' title='bbox 88 2505 276 2548; x_wconf 71' lang='lat' dir='ltr'><strong>Moneta.-</strong></span> <span class='ocrx_word' id='word_1_327' title='bbox 307 2508 412 2548; x_wconf 86' lang='lat' dir='ltr'><strong>unde</strong></span> <span class='ocrx_word' id='word_1_328' title='bbox 431 2508 710 2565; x_wconf 75' lang='grc' dir='ltr'><strong><em>Μονητᾶριος,</em></strong></span> <span class='ocrx_word' id='word_1_329' title='bbox 742 2519 781 2552; x_wconf 88' lang='lat' dir='ltr'><strong>et</strong></span> <span class='ocrx_word' id='word_1_330' title='bbox 800 2514 907 2567; x_wconf 87' lang='lat' dir='ltr'><strong>apud</strong></span> <span class='ocrx_word' id='word_1_331' title='bbox 927 2521 1105 2554; x_wconf 83' lang='lat' dir='ltr'><strong>nostrum</strong></span> <span class='ocrx_word' id='word_1_332' title='bbox 1130 2515 1244 2554; x_wconf 84' lang='lat' dir='ltr'><strong>etiam</strong></span> <span class='ocrx_word' id='word_1_333' title='bbox 1267 2511 1533 2569; x_wconf 80' lang='grc' dir='ltr'><strong><em>Μονιτᾶριος,</em></strong></span> 
     </span>
     <span class='ocr_line' id='line_1_43' title="bbox 90 2562 1534 2624; baseline 0.006 -22"><span class='ocrx_word' id='word_1_334' title='bbox 90 2562 346 2604; x_wconf 70' lang='grc' dir='ltr'><strong>Μοηειανίιιε.</strong></span> <span class='ocrx_word' id='word_1_335' title='bbox 410 2567 649 2607; x_wconf 74' lang='lat' dir='ltr'><strong>insurrectio</strong></span> <span class='ocrx_word' id='word_1_336' title='bbox 685 2569 801 2609; x_wconf 87' lang='lat' dir='ltr'><strong>etiam</strong></span> <span class='ocrx_word' id='word_1_337' title='bbox 826 2572 974 2610; x_wconf 84' lang='lat' dir='ltr'><strong>Romae</strong></span> <span class='ocrx_word' id='word_1_338' title='bbox 1014 2586 1035 2610; x_wconf 84' lang='lat' dir='ltr'><strong>a</strong></span> <span class='ocrx_word' id='word_1_339' title='bbox 1063 2570 1287 2610; x_wconf 77' lang='lat' dir='ltr'><strong>Monetariis</strong></span> <span class='ocrx_word' id='word_1_340' title='bbox 1316 2571 1421 2609; x_wconf 82' lang='lat' dir='ltr'><strong>facta</strong></span> <span class='ocrx_word' id='word_1_341' title='bbox 1451 2578 1534 2624; x_wconf 83' lang='lat' dir='ltr'><strong>est;</strong></span> 
     </span>
     <span class='ocr_line' id='line_1_44' title="bbox 90 2619 1533 2680; baseline 0.008 -24"><span class='ocrx_word' id='word_1_342' title='bbox 90 2620 222 2669; x_wconf 83' lang='lat' dir='ltr'><strong>gravis</strong></span> <span class='ocrx_word' id='word_1_343' title='bbox 236 2619 302 2657; x_wconf 90' lang='lat' dir='ltr'><strong>illa</strong></span> <span class='ocrx_word' id='word_1_344' title='bbox 321 2621 500 2674; x_wconf 87' lang='lat' dir='ltr'><strong>quidem,</strong></span> <span class='ocrx_word' id='word_1_345' title='bbox 527 2630 564 2662; x_wconf 92' lang='lat' dir='ltr'><strong>et</strong></span> <span class='ocrx_word' id='word_1_346' title='bbox 585 2625 750 2676; x_wconf 90' lang='lat' dir='ltr'><strong>periculi</strong></span> <span class='ocrx_word' id='word_1_347' title='bbox 770 2627 886 2678; x_wconf 86' lang='lat' dir='ltr'><strong>plena</strong></span> <span class='ocrx_word' id='word_1_348' title='bbox 895 2641 907 2677; x_wconf 77' lang='lat'>3</span> <span class='ocrx_word' id='word_1_349' title='bbox 939 2633 977 2667; x_wconf 87' lang='lat' dir='ltr'><strong>et</strong></span> <span class='ocrx_word' id='word_1_350' title='bbox 999 2641 1116 2679; x_wconf 87' lang='lat' dir='ltr'><strong>quam</strong></span> <span class='ocrx_word' id='word_1_351' title='bbox 1144 2641 1224 2666; x_wconf 90' lang='lat' dir='ltr'><strong>non</strong></span> <span class='ocrx_word' id='word_1_352' title='bbox 1255 2626 1331 2665; x_wconf 87' lang='lat' dir='ltr'><strong>nisi</strong></span> <span class='ocrx_word' id='word_1_353' title='bbox 1358 2633 1450 2680; x_wconf 87' lang='lat' dir='ltr'><strong>post</strong></span> <span class='ocrx_word' id='word_1_354' title='bbox 1470 2641 1533 2667; x_wconf 86' lang='lat' dir='ltr'><strong>se-</strong></span> 
     </span>
     <span class='ocr_line' id='line_1_45' title="bbox 89 2679 1528 2736; baseline 0.008 -24"><span class='ocrx_word' id='word_1_355' title='bbox 89 2681 195 2726; x_wconf 82' lang='lat' dir='ltr'><strong>ptem</strong></span> <span class='ocrx_word' id='word_1_356' title='bbox 216 2688 375 2715; x_wconf 80' lang='lat' dir='ltr'><strong>suorum</strong></span> <span class='ocrx_word' id='word_1_357' title='bbox 391 2679 511 2719; x_wconf 88' lang='lat' dir='ltr'><strong>millia</strong></span> <span class='ocrx_word' id='word_1_358' title='bbox 530 2694 640 2719; x_wconf 86' lang='lat' dir='ltr'><strong>caesa</strong></span> <span class='ocrx_word' id='word_1_359' title='bbox 659 2681 891 2722; x_wconf 85' lang='lat' dir='ltr'><strong>Aurelianus</strong></span> <span class='ocrx_word' id='word_1_360' title='bbox 914 2697 1162 2735; x_wconf 86' lang='lat' dir='ltr'><strong>compescere</strong></span> <span class='ocrx_word' id='word_1_361' title='bbox 1182 2683 1335 2735; x_wconf 88' lang='lat' dir='ltr'><strong>potuit;</strong></span> <span class='ocrx_word' id='word_1_362' title='bbox 1365 2684 1424 2722; x_wconf 80' lang='lat' dir='ltr'><strong>uti</strong></span> <span class='ocrx_word' id='word_1_363' title='bbox 1441 2684 1528 2736; x_wconf 85' lang='lat' dir='ltr'><strong>ipse</strong></span> 
     </span>
     <span class='ocr_line' id='line_1_46' title="bbox 89 2731 1529 2792; baseline 0.008 -23"><span class='ocrx_word' id='word_1_364' title='bbox 89 2731 234 2771; x_wconf 82' lang='lat' dir='ltr'><strong>fatetur</strong></span> <span class='ocrx_word' id='word_1_365' title='bbox 253 2731 295 2770; x_wconf 87' lang='lat' dir='ltr'><strong>in</strong></span> <span class='ocrx_word' id='word_1_366' title='bbox 310 2733 484 2784; x_wconf 84' lang='lat' dir='ltr'><strong>Epistola</strong></span> <span class='ocrx_word' id='word_1_367' title='bbox 501 2751 568 2776; x_wconf 87' lang='lat' dir='ltr'><strong>sua</strong></span> <span class='ocrx_word' id='word_1_368' title='bbox 589 2737 639 2775; x_wconf 89' lang='lat' dir='ltr'><strong>ad</strong></span> <span class='ocrx_word' id='word_1_369' title='bbox 662 2738 818 2790; x_wconf 89' lang='lat' dir='ltr'><strong>Ulpium</strong></span> <span class='ocrx_word' id='word_1_370' title='bbox 841 2746 992 2791; x_wconf 87' lang='lat' dir='ltr'><strong>patrem</strong></span> <span class='ocrx_word' id='word_1_371' title='bbox 1005 2772 1016 2789; x_wconf 87' lang='lat'><em>‚</em></span> <span class='ocrx_word' id='word_1_372' title='bbox 1046 2739 1153 2791; x_wconf 86' lang='lat' dir='ltr'><strong>apud</strong></span> <span class='ocrx_word' id='word_1_373' title='bbox 1175 2740 1282 2778; x_wconf 80' lang='lat' dir='ltr'><strong>Flav.</strong></span> <span class='ocrx_word' id='word_1_374' title='bbox 1301 2739 1529 2792; x_wconf 84' lang='lat' dir='ltr'><strong>Vopiscum.</strong></span> 
     </span>
    </p>
   </div>
   <div class='ocr_carea' id='block_1_3' title="bbox 198 2789 1524 2850">
    <p class='ocr_par' dir='ltr' id='par_1_10' title="bbox 198 2789 1524 2850">
     <span class='ocr_line' id='line_1_47' title="bbox 198 2789 1524 2850; baseline 0.008 -24"><span class='ocrx_word' id='word_1_375' title='bbox 198 2789 299 2841; x_wconf 80' lang='lat' dir='ltr'><strong>Pag.</strong></span> <span class='ocrx_word' id='word_1_376' title='bbox 328 2791 423 2832; x_wconf 85' lang='lat'><strong>301.</strong></span> <span class='ocrx_word' id='word_1_377' title='bbox 453 2791 492 2833; x_wconf 91' lang='grc'><strong>5.</strong></span> <span class='ocrx_word' id='word_1_378' title='bbox 532 2794 686 2835; x_wconf 83' lang='grc' dir='ltr'><strong><em>Δακίαν</em></strong></span> <span class='ocrx_word' id='word_1_379' title='bbox 713 2794 897 2848; x_wconf 76' lang='grc' dir='ltr'><strong><em>ἐποίησεν</em></strong></span> <span class='ocrx_word' id='word_1_380' title='bbox 928 2795 1139 2850; x_wconf 77' lang='grc' dir='ltr'><strong><em>ἐπαρχίαν]</em></strong></span> <span class='ocrx_word' id='word_1_381' title='bbox 1170 2796 1417 2838; x_wconf 77' lang='lat' dir='ltr'><strong>Provinciam</strong></span> <span class='ocrx_word' id='word_1_382' title='bbox 1452 2811 1524 2850; x_wconf 88' lang='lat' dir='ltr'><strong>po-</strong></span> 
     </span>
    </p>
   </div>
  </div>
 </body>
</html>
