1838 3230
402 151 1019 200 CHRONOGRAPHIA.
1074 150 1122 194 L.
1151 150 1306 196 XVIII.
1490 155 1590 202 479

115 275 303 334 γυναικὸς
318 273 401 320 ὕπὸ
420 273 681 330 Βελισαρίου·
717 272 785 316 καὶ
806 270 1104 328 εῗσηνέχθησαν
1123 270 1165 314 ἓν
1190 267 1585 314 Κωνσταντινουπό-
1609 275 1643 310 O
1666 275 1733 312 221

115 351 189 391 λει.
260 347 328 389 καὶ
348 344 624 402 ἱπποδρομίου
642 341 842 399 ἀγομένου
878 341 1178 397 εἰσηνέχθησαν
1209 338 1464 396 αἰχμάλωτοι
1487 341 1593 395 μετὰ

116 417 186 458 καὶ
208 418 292 459 τῶν
312 410 526 472 λαφύρων.
646 406 654 411 ⁵

221 486 295 542 Τῷ
315 481 429 541 αὐτῷ
452 481 498 525 δὲ
511 476 650 539 χρόνῳ
676 476 814 522 ἔπεσεν
837 474 865 533 ἦ
894 474 1023 534 στήλη
1047 477 1272 522 Ἰουλιανοῢ
1298 481 1373 521 τοῧ
1394 475 1592 536 παραβά-

82 559 191 596 5του
211 549 239 608 ἢ
259 555 465 595 σταθεῖσα
479 547 938 605 μέσονυοῦἸουλιανοῦ
977 547 1159 601 λιμένος·
1207 548 1275 590 καὶ
1309 545 1465 604 ἔπηξαν
1499 547 1591 590 ἀντὶ

115 624 191 677 τῆς
209 620 339 676 αὐτῆς
358 616 515 675 στήλης
549 614 744 675 σταυρόν.

217 689 304 733 Καὶ
321 687 426 744 μετὰ
443 687 519 744 τὴν
535 684 734 729 ’ὗπατείαν
755 685 1001 743 Βελισαρίου
1023 683 1175 741 ἐγένετο
1197 680 1372 734 σύνοδος
1406 684 1448 727 ἓν
1465 687 1590 728 Κων-

115 754 448 803 σταντινουπόλει
489 753 570 800 ὖπό
596 759 672 798 τοῦ
708 751 928 797 ἐπισκόπου
956 751 1115 809 Ῥώμης
1137 753 1369 809 Ἀγαπητοῢ
1383 767 1392 776 ·
1429 756 1498 797 καὶ
1516 771 1592 796 κα-

112 831 246 884 θῆρεν
261 825 478 881 Ἀνθέμιον
504 823 578 868 τὸν
604 822 863 880 πατριάρχην
892 821 1380 872 Κωνσταντινουπόλεως.
1451 824 1519 865 καὶ
1548 824 1590 865 ἒν
1612 829 1643 864 Β

58 902 105 938 10
115 899 174 954 τῷ
197 894 311 954 αὐτῷ
334 893 412 938 ἔτει
431 897 600 953 τελευτᾷ
622 893 666 936 ἓν
684 892 897 951 Βυζαντίῳ
925 889 947 934 ὅ
972 892 1191 941 ἐπίσκοπος
1216 889 1399 947 Ῥώμης·
1435 893 1503 934 καὶ
1523 892 1590 948 γέ.-

112 981 205 1021 γονε
222 960 479 1021 πατριάρχης
500 963 543 1006 ἓν
567 958 1000 1007 Κωνσταντινουπόλει
1018 963 1178 1016 Μηνᾶς
1198 958 1220 1004 ὅ
1258 960 1340 1004 ἀπὸ
1363 958 1589 1016 ξενοδόχων

112 1037 197 1077 τῶν
214 1030 418 1087 Σαμψών.

210 1101 280 1144 Ἓν
299 1101 345 1144 δὲ
363 1105 415 1159 τῇ
434 1097 609 1160 ὖπατείᾳ
635 1095 827 1142 Ἰωάννου
857 1101 932 1142 ’τοῦ
963 1095 1247 1148 Καππάδοκος
1277 1094 1523 1156 ἐπήρθησαν
1543 1099 1588 1142 αἱ

112 1170 318 1226 ἐκκλησίαι
338 1173 422 1213 τῶν
436 1168 667 1227 Ἄρειανῶν.

58 1235 103 1271 ¹5
214 1239 303 1282 Καὶ
319 1242 378 1298 τῷ
397 1237 510 1298 αὐτῷ
523 1235 662 1296 χρόνῳ
686 1232 910 1293 ἐπληρώθη
930 1233 957 1291 ἦ
975 1239 1109 1291 χαλκῆ
1135 1238 1212 1278 τοῦ
1239 1235 1443 1278 παλατιόυ
1460 1238 1586 1280 Κων-

113 1305 508 1361 σταντινουπόλεως,
546 1309 806 1361 κοσμηθεῖσα
834 1303 1051 1362 διαφόροις
1082 1300 1321 1361 μαρμάροις
1365 1306 1434 1347 καὶ
1477 1323 1586 1359 μου-

112 1377 201 1435 σίῳ.
271 1375 505 1432 μετηνέχθη
527 1375 657 1418 δὲκαὶ
677 1373 724 1417 τὸ
756 1370 998 1430 ὦρολογεΐον
1026 1372 1074 1416 τὸ
1103 1374 1277 1429 πλησίον
1305 1377 1381 1416 τοῦ
1412 1374 1584 1430 Αὔγου-

111 1445 230 1488 στίου
276 1445 345 1487 καὶ
379 1449 455 1501 τῆς
471 1447 700 1499 βασιλικῆς.
771 1442 996 1500 περιῃρέθη
1026 1442 1071 1485 δὲ
1088 1446 1148 1501 τῷ
1171 1441 1285 1500 αὐτῷ’
1301 1439 1441 1502 χρόνῳ
1461 1441 1488 1498 ἡ
1512 1446 1589 1486 τοῦ

110 1510 392 1570 νυκτεπᾶρχου
423 1511 553 1571 ἀρχή,
591 1514 659 1555 καὶ
690 1511 844 1567 ἐγένετο
878 1510 964 1554 ἀντ’
1001 1511 1131 1554 αὐτοῦ
1162 1513 1363 1569 πραίτωρ.
1435 1513 1503 1554 καὶ
1528 1515 1588 1570 τῷ

55 1581 226 1641 math-(5¹5
246 1580 323 1626 ἔτει
342 1579 586 1639 προεβλήθη
602 1581 836 1637 κοιαίστωρ.

205 1649 276 1694 Ἐν
293 1651 399 1709 αὐτῇ
418 1652 464 1694 δὲ
487 1655 538 1708 τῇ
558 1648 733 1710 ainana?
752 1649 888 1705 γέγονε
917 1646 972 1690 τὰ
999 1646 1177 1703 ἔγκαίνια
1203 1651 1279 1703 τῆς
1306 1645 1489 1704 μεγάλης
1517 1648 1585 1691 ἐκ·
1608 1637 1643 1718 g
1667 1639 1738 1675 22²

109 1719 294 1775 κλησίας.

212 1779 333 1844 Μηνὶ
353 1786 490 1846 ἲουνίῳ
513 1787 761 1836 ι’νδικτιῶνος
794 1781 832 1842 γ’
868 1780 1122 1842 παρελήφθη
1151 1780 1371 1840 Ἀντιόχεια
1407 1783 1435 1840 ἦ
1455 1783 1584 1842 μεγά-

204 1885 240 1920 8.
262 1883 442 1931 καθῇρεν]
466 1883 543 1919 Sor.
567 1882 726 1930 καθῄρει
749 1881 806 1917 vel
828 1880 942 1928 potius
959 1882 1143 1918 καθεῖλεν.
1201 1882 1256 1916 11.
1280 1881 1489 1928 ξενοδοχῶν
1512 1883 1581 1919 Ox.

205 1931 261 1968 15.
286 1930 401 1978 χαλκῆ
427 1931 495 1965 Ox.
589 1931 644 1968 17.
668 1928 919 1975 Αὐγουστίου]
951 1928 1076 1963 Scribe
1100 1925 1360 1974 Αὕγουστείου.

110 2009 437 2057 Constantinopolim
461 2009 624 2045 adduxit:
649 2008 934 2055 Circensibusque
955 2007 1150 2051 celebratis,
1174 2007 1328 2055 Captivi,
1351 2019 1427 2044 cum
1447 2009 1579 2055 spoliis,

107 2055 144 2090 in
166 2056 306 2091 Circum
328 2056 488 2104 producti
508 2061 596 2091 sunt.

200 2103 333 2138 Eodem
363 2107 520 2148 tempore
550 2102 679 2137 Juliani
702 2103 889 2148 Apostatae
925 2103 1075 2142 statuta,
1111 2112 1199 2147 quae
1228 2100 1356 2136 ,Iuliani
1385 2103 1507 2147 portus
1541 2102 1578 2136 in

107 2147 218 2184 medio
241 2149 358 2192 stetit,
381 2149 426 2184 ad
449 2153 574 2184 terram
598 2149 748 2195 collapsa
771 2153 840 2182 est:
865 2147 900 2182 in
922 2147 1016 2191 cujus
1039 2147 1151 2182 locum
1176 2147 1270 2182 Crux
1293 2147 1409 2182 defixa
1433 2153 1495 2182 est.

198 2194 334 2230 Exacto
368 2199 481 2231 autem
515 2194 670 2229 Belisarii
703 2194 908 2235 Consulatu,
944 2193 1104 2238 Synodus
1134 2193 1428 2239 Constantinopoli
1459 2194 1578 2229 habita

107 2242 181 2283 est,
206 2241 250 2275 ab
272 2243 453 2288 Agapeto,
477 2242 651 2287 Episcopo
675 2241 850 2282 Romano,
874 2244 1084 2275 convocatae
1126 2251 1147 2274 a
1171 2251 1242 2285 qua
1267 2239 1485 2281 Anthemius,
1507 2241 1578 2275 Pa-

107 2285 260 2322 triarcha
282 2287 675 2333 Constantinopolitanus
707 2286 877 2332 dignitate
900 2297 960 2320 sua
983 2291 1106 2320 exutus
1130 2290 1190 2320 est.
1237 2285 1367 2321 Eodem
1393 2284 1495 2320 etiam
1518 2298 1581 2320 an-

108 2342 153 2366 no
175 2333 367 2379 Episcopus
400 2333 573 2368 Romanus
596 2332 893 2378 Constantinopoli
927 2332 1014 2367 diem
1045 2343 1138 2366 suum
1162 2331 1267 2366 obiit=
1302 2330 1579 2367 Patriarchatum

107 2380 219 2456 iautem
239 2379 653 2458 ¹Constantinopolitanum
675 2379 823 2426 suscepit
846 2378 986 2421 Menas,
1010 2378 1069 2424 qui
1091 2377 1242 2424 Hospitii
1260 2376 1454 2423 Sampsonis
1470 2377 1579 2412 Prae-

125 2427 220 2458 ectus
256 2430 365 2462 uerat.

199 2469 336 2506 Joannis
364 2474 478 2506 autem
502 2470 719 2518 Cappadocis
749 2471 810 2507 sub
842 2470 1028 2507 Consulatu
1060 2469 1237 2506 Ecclesiae
1268 2480 1350 2504 suae
1372 2469 1417 2503 ab
1440 2468 1578 2504 Arianis

107 2513 204 2549 adem
230 2520 288 2550 tae
315 2521 403 2552 sunt.

255 2561 330 2597 dem
361 2574 449 2598 anno
494 2564 626 2598 Chalca
658 2563 788 2598 Palatii
819 2561 1190 2608 Constantinopolitani
1222 2560 1425 2596 Marmoreis
1457 2560 1579 2596 statuis

109 2605 235 2648 variis,
276 2611 313 2642 et
334 2607 467 2644 Musivo
491 2621 599 2656 opere
622 2615 765 2652 ornata,
810 2610 966 2645 absoluta
989 2613 1051 2643 est.
1107 2606 1329 2652 Horologium
1359 2606 1462 2641 etiam
1485 2608 1577 2652 quod

109 2652 339 2696 Augustaeum
357 2655 458 2698 juxta
479 2661 517 2690 et
539 2655 715 2691 Basilicam
739 2660 905 2697 steterat,
941 2655 1022 2689 illuc
1045 2654 1245 2688 translatum
1276 2657 1339 2687 est.
1394 2653 1576 2698 Abrogata

107 2703 162 2732 ωε
185 2698 302 2732 eodem
324 2702 476 2746 tempore
500 2702 736 2747 Nycteparchi
761 2706 932 2748 potestas3
956 2701 993 2734 in
1017 2701 1113 2744 cujus
1137 2699 1247 2735 locum
1267 2698 1415 2735 Praetor
1437 2705 1574 2735 creatus

106 2746 169 2779 est.
216 2743 296 2785 Quo
315 2745 416 2780 etiam
437 2758 524 2782 anno
549 2748 720 2789 Quaestor
742 2747 914 2783 institutus
934 2750 997 2781 est.

198 2789 331 2824 Eodem
355 2791 511 2834 Consule,
533 2793 685 2837 Magnae
706 2794 884 2828 Ecclesiae
905 2790 1082 2827 Encaenia
1105 2790 1280 2826 celebrata
1300 2793 1390 2827 sunt.

198 2835 317 2871 Mense
338 2836 462 2880 Junio,
497 2837 697 2875 Indictionis
718 2851 782 2883 111,
805 2838 985 2875 Antiochia
1007 2849 1130 2884 magna
1151 2848 1174 2873 a
1196 2837 1368 2882 Chosroe,
1390 2837 1572 2873 Persarum
