1838 3230
341 158 439 205 702
928 158 1199 204 BENTLEII

340 267 615 324 σαυρισμὲναι,
652 269 839 324 τέσσαρας
874 270 995 314 ἔκειτο
1032 271 1181 327 γενεάς.
1249 271 1354 327 μόνα
1379 274 1424 317 δὲ
1449 277 1517 318 καὶ
1548 275 1778 332 στιλβηδὸνα

339 326 510 379 δέχεται·
546 327 701 377 Fallm,
740 341 790 365 an
816 329 939 366 matio
966 328 1064 368 haec
1093 331 1326 379 σολοικίζειΡ
1356 331 1457 379 Quo
1485 334 1587 373 enim
1607 335 1715 374 illud
1732 333 1776 376 τὸ

337 383 478 421 referri
497 381 649 434 possit?
678 385 786 434 lego:
817 381 863 423 τὰ
881 387 981 456 γὀῦν
1002 385 1043 425 ἐν
1061 386 1222 452 Εφέσῳ,
1252 387 1292 435 ἐξ
1313 389 1368 427 ὠν
1388 388 1434 428 αἱ
1450 385 1579 442 θύραι
1594 394 1671 432 τοῦ
1684 406 1777 440 veto,

335 438 676 491 τεθησαυρισμένα
691 439 878 491 τέσσαρας
895 440 1016 481 ε’κειτο
1039 438 1188 494 γενεάς.
1240 443 1345 480 Dicit
1361 445 1558 484 materiem
1577 445 1693 486 iatam
1711 460 1779 485 cu-

336 495 549 546 pressinam
568 509 640 546 per
657 494 696 536 4.
714 497 865 534 saecula
882 496 965 534 sive
990 510 1093 536 cccc.
1121 511 1269 547 annos,
1301 511 1350 536 ex
1369 513 1447 550 quo
1474 501 1646 552 primum
1665 515 1779 541 caesa

339 557 418 599 est,
454 550 699 589 reconditam
729 552 867 598 suisse;
907 552 1135 604 priusquam
1170 553 1220 590 ad
1252 554 1388 592 valvas
1414 555 1600 606 Ephesini
1642 558 1778 609 templi

338 580 620 645 adhiberetur.
659 614 696 645 et
721 614 848 645 tamen
873 607 1140 660 incorruptam
1169 609 1380 651 duravisse.
1435 612 1492 650 Ea
1517 611 1779 665 Theophrasti

336 663 523 701 sententia
544 669 612 701 est.
672 664 850 701 Profecto
869 663 967 701 nihil
985 663 1060 702 hac
1091 664 1357 703 emendatione
1384 667 1530 706 certius
1556 674 1593 706 et
1623 669 1777 708 eviden-

337 718 428 756 tius.
487 719 621 756 Aus1m
638 720 817 769 equidem
836 719 1009 770 dejeraie
1039 733 1118 757 non
1149 720 1262 758 aliter
1286 721 1424 771 legisse
1441 723 1630 772 Plinium,
1658 724 1778 776 siqui-

336 774 425 812 dem
446 774 496 811 ad
514 774 610 812 haec
628 774 917 825 Theophrastea
936 776 1128 826 respexit,
1160 789 1246 813 cum
1281 776 1469 828 Ephesiae
1499 778 1607 817 dicat
1631 780 1778 819 Dianae

335 831 520 882 templum
540 840 623 868 iota
642 829 748 868 Asia
770 839 985 868 exstruente
1014 829 1302 883 quadringentis
1329 834 1441 872 annis
1460 844 1657 885 peractum
1678 850 1776 885 esse,

336 892 394 933 et,
423 884 556 924 valvas
577 901 654 923 esse
671 902 690 923 e
715 885 922 938 Cupresso,
952 895 987 924 et
1017 888 1097 934 jam
1118 885 1405 938 quadringentis
1427 903 1546 941 prope
1569 891 1682 929 annis
1700 890 1777 928 clu·-

337 956 422 980 rare
448 942 640 979 materiem
666 956 812 980 omnem
843 955 961 979 novae
989 939 1165 981 similem.
1222 943 1379 981 Scilicet
1396 950 1491 982 tunc
1512 945 1594 983 sere
1615 946 1776 984 materia

338 997 451 1036 caedi
479 998 601 1046 solet,
642 1010 730 1035 curn
761 997 926 1034 aedificii
952 997 1203 1035 fundamenta
1228 997 1446 1049 jaciuntur:
1484 1000 1620 1039 valvae
1646 1001 1776 1040 autem

336 1059 421 1091 tum
441 1053 596 1091 demum
615 1053 720 1101 fieri,
750 1066 837 1090 cum
861 1059 1010 1090 caetera
1030 1053 1158 1090 onmia
1177 1054 1353 1103 perfecta
1380 1061 1470 1093 sunt
1490 1061 1605 1107 atque
1622 1056 1776 1096 absolu.

335 1116 389 1148 ta.
447 1108 535 1146 Hac
561 1109 713 1160 quidem
744 1109 1077 1158 argumentatione
1108 1109 1257 1147 Plinius
1284 1109 1442 1159 videtur
1468 1124 1583 1150 usus:
1621 1119 1776 1152 rectene

337 1179 386 1202 an
406 1178 634 1217 perperam,
669 1165 776 1201 nulla
797 1164 890 1201 mihi
912 1165 1087 1215 quaestio
1111 1171 1169 1202 est
1195 1165 1235 1202 in
1267 1166 1498 1216 praesentia.
1553 1166 1656 1206 Illud
1677 1168 1775 1207 adeo

337 1221 531 1269 admiror,
561 1234 603 1257 ei
607 1220 723 1257 uditis
742 1220 851 1268 viris,
882 1221 949 1270 qui
969 1226 1172 1271 tantopere
1189 1221 1319 1258 locum
1345 1221 1450 1259 hunc
1470 1223 1776 1274 exagitaverunt,

333 1276 434 1314 nihil
470 1275 586 1326 hujus
621 1276 777 1313 omnino
815 1275 1044 1313 suboluisse.
1122 1276 1198 1313 Sed
1226 1273 1281 1324 εἷς
1310 1273 1414 1330 ἄνηρ
1452 1293 1500 1318 ου
1527 1275 1659 1319 πανθ’
1689 1278 1774 1334 ὁρᾷ.

215 1343 247 1377 0
271 1342 314 1377 31
338 1333 463 1370 Porro
493 1332 606 1369 etiarn
638 1337 772 1368 nostia
802 1337 947 1379 aetate,
986 1337 1031 1369 ut
1062 1331 1257 1380 referunt,
1298 1334 1365 1383 qui
1393 1347 1438 1370 ea
1465 1335 1555 1372 loca
1583 1335 1774 1384 viserunt,

333 1394 443 1426 tanta
463 1400 735 1438 cupressorum
752 1387 811 1424 vis
837 1393 894 1424 est
922 1386 961 1423 in
980 1387 1115 1434 Creta,
1145 1393 1190 1423 ut
1218 1388 1423 1425 domorum
1453 1391 1623 1428 omnium
1644 1391 1775 1430 trabes

333 1444 721 1494 contignationesque
743 1449 860 1493 atque
878 1441 973 1479 adeo
988 1415 1141 1492 navigia
1162 1455 1210 1480 ex
1229 1456 1272 1480 ea
1298 1443 1460 1481 materia
1483 1452 1773 1485 construantur.

444 1511 669 1560 Pag.109.
726 1507 827 1560 Περι
851 1523 900 1559 ης
934 1508 1109 1560 Φαίδρας
1139 1506 1159 1548 ὁ
1182 1505 1408 1558 σοφώτατος
1429 1507 1655 1563 Ευριπίδης
1679 1527 1774 1564 μετα

332 1568 454 1607 ταῦτα
476 1561 748 1615 συνενράψατο
780 1565 908 1614 δρᾶμα
936 1566 1158 1614 ποιητικῶς.
1201 1565 1283 1601 sine
1309 1567 1576 1604 controversia
1599 1569 1775 1619 respexit

331 1623 489 1661 Malelas
507 1621 558 1658 ad
582 1620 780 1671 Euripidis
801 1619 1076 1670 Hippolytum.
1106 1620 1276 1670 priorem
1294 1634 1343 1658 ne
1362 1634 1409 1658 an
1429 1622 1683 1671 posteriorem
1701 1636 1774 1661 nec

333 1691 540 1731 possumus
562 1676 791 1724 resciscere,
821 1689 893 1713 nec
912 1688 1001 1713 sane
1019 1675 1184 1713 multum
1206 1675 1339 1714 refert.
1395 1677 1545 1715 Scimus
1560 1684 1774 1729 utrumque

335 1735 487 1772 salvum
510 1732 681 1771 extitisse
697 1745 770 1784 per
787 1731 937 1769 diversa
954 1738 1129 1782 tempora
1145 1731 1331 1781 Erotiani,
1359 1732 1528 1770 Pollucis
1547 1740 1586 1772 et
1602 1733 1773 1773 Stobaei.

337 1790 448 1837 Quae
477 1790 665 1827 Stobaeus
691 1801 739 1825 ex
754 1787 974 1839 Hippolyto
1006 1788 1120 1836 citat,
1160 1800 1294 1825 eorum
1320 1801 1369 1825 ne
1395 1788 1591 1827 dimidiam
1619 1789 1773 1840 quidem

335 1853 487 1896 partem
515 1845 633 1882 hodie
659 1843 842 1882 invenias.
900 1844 994 1880 FJue
987 1849 1058 1880 tra
1082 1843 1217 1880 itidem
1238 1856 1420 1893 quaeras,
1449 1857 1547 1918 quae
1567 1845 1774 1884 Erotianus

337 1901 449 1940 affert
466 1907 503 1940 et
523 1901 678 1940 Pollux.
734 1898 1012 1950 Aristophanes
1030 1899 1168 1938 Ranis:

558 1968 625 2014 Τίς
645 1962 753 2006 οἶδεν
769 1967 804 2006 εἷ
822 1963 865 2006 τὸ
891 1968 961 2021 ζῇν
979 1965 1049 2018 μέν
1073 1966 1150 2007 ἐστι
1169 1969 1395 2016 κατθανεῖν,

555 2021 606 2062 Τὸ
624 2026 737 2061 πνεῖν
755 2020 797 2062 δὲ
816 2023 993 2062 δειπνεῖν
1004 2038 1070 2062 και
1097 2020 1140 2063 τὸ
1161 2019 1374 2063 καθεύδειν
1391 2019 1549 2063 κώδιον.

344 2093 485 2140 Ταῦτα,
517 2090 570 2127 ait
588 2088 823 2138 scholiastes,
853 2089 891 2137 ἐξ
914 2086 1137 2129 Ιππολυτου
1159 2086 1363 2141 δράματος.
1406 2089 1487 2139 Age
1504 2093 1664 2140 quaerat
1680 2087 1769 2136 hoc,

341 2148 409 2198 qui
435 2147 529 2185 velit
556 2146 597 2182 in
628 2145 897 2194 investigando
930 2159 1086 2215 opeiam
1118 2146 1297 2196 perdeie.
1361 2144 1506 2183 Verum
1532 2149 1598 2180 aut
1622 2143 1771 2181 librarii

338 2209 542 2266 peccatum
567 2206 642 2248 est,
674 2206 741 2237 aut
760 2200 928 2239 auctoris
949 2217 1157 2254 αμαρτημα
1173 2215 1425 2253 μνημονικον.
1480 2198 1648 2238 Aliunde
1668 2199 1770 2237 enim

338 2258 607 2309 cognoscimus
626 2256 765 2293 tralata
787 2269 866 2294 esse
886 2256 928 2296 ἐκ
946 2258 1146 2297 Πολυίδου
1171 2254 1376 2308 δραματος

557 2325 623 2371 Τίς
645 2318 683 2363 δ’
706 2318 812 2362 οἶδεν
832 2323 866 2362 εἰ
881 2338 923 2363 το
948 2325 1018 2378 ζῇν
1036 2323 1108 2376 μέν
1126 2324 1205 2365 ἐστι
1221 2326 1445 2371 κατθανεῖν,

555 2377 608 2420 To
637 2382 848 2418 κατθανεῖν
877 2377 919 2418 δὲ
947 2381 1029 2433 ζῇν.

338 2446 578 2498 Hippolytus
606 2445 800 2484 secundus
821 2446 886 2496 qui
908 2444 1025 2484 hodie
1055 2453 1251 2512 superest,
1279 2444 1501 2494 Στεφανίας
1520 2444 1600 2483 sive
1619 2447 1769 2490 Στεφα-

337 2499 777 2555 vmpdpoginscribitur:
807 2501 913 2552 prior
932 2499 1241 2554 Καλυπτὸμενος.
1297 2501 1438 2540 Pollux
1454 2514 1510 2538 ιΧ.
1535 2514 1568 2539 c.
1589 2513 1625 2538 v.
1646 2496 1770 2551 Εὔρι-

338 2559 457 2608 πίδης
479 2558 520 2598 ἐν
555 2554 763 2623 Ιππολύτῳ
788 2557 1081 2611 καλυπτομὲνῳ·
1111 2579 1167 2588 —
1195 2578 1249 2587 --
1277 2553 1375 2609 πρὸς
1401 2556 1533 2595 ιππων
1551 2552 1674 2602 εὐθυς
1698 2555 1768 2607 ὁρ-

340 2609 468 2664 μήσας
497 2625 643 2654 στασιν,
702 2613 783 2652 Nec
806 2619 935 2651 tamen
964 2614 1118 2650 omnino
1143 2613 1320 2651 diversae
1342 2618 1452 2650 erant
1469 2612 1641 2658 fabulae,
1669 2610 1769 2648 sicut

339 2668 565 2719 Iphigenia'
554 2683 593 2706 in
613 2668 754 2707 Aulide
782 2675 819 2707 et
837 2669 877 2706 in
894 2670 1049 2717 Tauris,
1081 2669 1252 2720 Oedipus
1271 2669 1474 2718 Tyrannus
1493 2674 1530 2705 et
1546 2668 1586 2704 in
1605 2666 1766 2714 Colono,

339 2723 592 2762 Prometheus
621 2721 831 2776 Λεσμιότης
852 2731 890 2762 et
914 2719 1131 2776 Λυόμενος.
1197 2724 1291 2773 Vix,
1333 2724 1412 2761 imo
1437 2736 1485 2761 ne
1513 2722 1583 2760 vix
1612 2721 1767 2772 quidem

339 2778 417 2818 hoc
435 2779 518 2819 Πθιι
533 2786 682 2832 potest,
712 2793 799 2819 cum
826 2781 966 2820 Drama
986 2780 1177 2832 posterius
1199 2793 1282 2819 rem
1302 2792 1450 2818 omnem
1461 2806 1473 2828 ‚
1501 2778 1559 2817 uti
1577 2783 1683 2829 gesta
1699 2781 1766 2824 est,
