1838 3230
308 182 407 229 680
907 173 1178 217 BENTLEII

307 291 422 343 hujus
436 290 676 329 institutum:
707 303 803 341 quae
825 301 966 327 vereor
987 288 1167 343 equidem
1186 294 1231 327 ut
1251 286 1343 327 satis
1366 293 1417 327 ‘ex
1434 294 1530 328 voto
1557 294 1599 328 et
1612 288 1751 329 'felici-

306 354 366 386 ter
394 346 488 385 mihi
520 353 660 385 vertat.
717 346 774 383 Ita
802 358 894 384 sane
920 347 1116 397 praesagit
1143 345 1313 393 animus,
1341 343 1397 382 ita
1424 344 1465 383 in
1497 345 1586 398 ipso
1619 345 1754 393 limine

308 402 528 455 conspicio,
568 402 677 454 quod
702 401 817 439 etiam
847 401 1060 440 fortissimo
1090 406 1280 440 terrorem
1308 400 1484 441 incutiat.
1549 400 1754 453 Siquidem

306 465 413 498 recte
433 464 569 496 narrat
587 458 746 496 Malelas
763 470 851 509 pag.
873 460 938 498 90.
969 456 1136 495 edixisse
1164 456 1347 495 nimirum
1379 462 1495 507 atque
1522 455 1754 497 intermina-

307 521 392 552 tum
416 528 498 552 esse
518 513 701 584 Orphea,
728 525 777 551 ne
802 512 1007 564 quisquam
1024 513 1248 551 mortalium
1265 512 1397 563 palam
1421 512 1560 552 fecerit
1578 528 1627 554 τα
1653 516 1755 568 Ερυ-

306 567 445 610 maeui-
503 564 573 619 οὗ,
608 569 681 618 ait,
720 566 870 635 ὄνομα
877 566 897 609 ὅ
928 566 1047 616 αὐτος
1077 566 1243 638 Ορφευς
1271 564 1448 616 ἀκούσας
1483 567 1527 609 ἐκ
1558 572 1631 636 τῆς
1656 584 1754 621 μαν-

305 627 409 673 τείας
442 625 586 673 ἐξεῖπε,
616 622 783 676 Μήτινα
811 640 938 676 φαναι
958 639 1006 664 τα
1037 621 1267 691 Ερικεπεω,
1305 638 1402 678 οπερ
1427 621 1680 677 ἑρμηνεύεται
1703 627 1755 680 τῇ

305 684 425 744 κοινῇ
452 677 632 736 γλώσσῃ,
677 677 820 732 βουλη,
857 683 965 731 φῶς,
1005 676 1217 732 ζωοδοτήρ.
1285 681 1367 730 Ego
1398 693 1495 718 vero
1528 693 1618 719 cum
1644 666 1755 719 haud

306 737 378 775 sim
400 737 575 785 nescius,
607 750 724 802 quam
753 736 913 774 acerbos
942 735 1036 773 olim
1065 735 1242 773 vindices
1270 736 1370 774 Deos
1399 735 1656 788 hominesque
1681 735 1753 775 ha-

303 793 458 840 buerit,
497 793 566 844 qui
593 788 805 855 μυστήρια
815 788 1105 843 έξορχήσασθαι
1136 797 1173 830 et
1202 791 1408 830 Eleusinae
1430 792 1564 830 Matris
1599 793 1755 831 occulta

303 849 484 900 proferre
506 861 620 886 ausus
639 848 708 897 sit3
739 847 807 898 qui
834 848 951 885 sciam
965 879 976 896 ‚
1008 860 1136 885 annon
1153 847 1239 899 ipse
1260 847 1426 885 similem
1454 847 1498 885 in
1522 860 1584 886 me
1607 861 1754 887 noxam

304 904 524 952 admittam,
563 903 596 941 si
620 903 849 954 Mysterium
883 902 961 941 hoc
989 902 1210 955 Orphicum
1238 916 1349 942 sacro
1376 902 1565 941 hactenus
1599 904 1753 942 silentio

305 960 472 998 celatum
499 959 764 1009 evulgavero'?
804 960 938 1010 Neque
958 959 1054 998 adeo
1078 959 1177 997 clam
1203 972 1266 998 me
1289 965 1382 1008 est‚.
1400 959 1434 996 0
1453 959 1552 997 Milli
1571 959 1755 998 suavissi-

258 1010 267 1020 ⁴
303 1029 388 1067 me,
429 1029 545 1068 quam
579 1015 710 1053 audax
746 1015 918 1067 impulsu
942 1021 1012 1054 tuo
1051 1014 1092 1052 in
1117 1028 1178 1053 me
1204 1028 1390 1067 meosque
1417 1014 1569 1054 facinus
1601 1016 1753 1054 consci-

303 1084 432 1111 scam:

520 1126 599 1166 Sed
616 1134 684 1165 tua
702 1140 764 1164 me
784 1127 909 1165 virtus
927 1133 1082 1177 tamen,
1112 1134 1150 1166 et
1170 1132 1327 1179 sperata
1345 1125 1530 1180 voluptas

519 1183 659 1221 Suavis
676 1182 866 1220 amicitiae
889 1184 1055 1234 quodvis
1072 1183 1281 1221 discrimen
1300 1181 1409 1221 adire

519 1238 683 1287 Suadet,
716 1244 755 1276 et
775 1238 927 1276 inducit
948 1239 1031 1278 dias
1054 1239 1097 1277 in
1119 1238 1278 1277 luminis
1298 1252 1386 1276 oras

301 1292 494 1330 horribile
510 1294 611 1332 illud
636 1307 821 1331 arcanum
849 1295 1092 1345 protrahere.
1148 1296 1258 1333 Bono
1284 1307 1378 1332 vero
1410 1292 1538 1332 animo
1565 1291 1661 1342 eris,
1692 1307 1755 1332 ca-

303 1349 454 1399 pitique
478 1355 514 1386 et
545 1350 661 1387 aetati
684 1363 792 1387 meae
819 1363 958 1400 parces
985 1357 1180 1400 metuere3
1209 1349 1278 1387 ubi
1296 1349 1566 1402 μορμολυκείῳ
1589 1348 1667 1387 isto
1689 1349 1756 1387 de-

303 1409 454 1453 tracto,
484 1405 709 1456 putidisque
731 1405 810 1442 illis
830 1402 883 1456 μή
901 1421 990 1445 τινα
1009 1403 1137 1457 φάναι
1160 1403 1206 1445 τοὶ
1231 1402 1433 1457 Ερικεπεώ
1449 1405 1490 1442 in
1512 1405 1653 1442 malam
1670 1418 1756 1444 rem

305 1459 488 1522 ablegatis
513 1461 664 1511 aliquo,
702 1467 876 1499 veterem
904 1462 998 1499 illuc
1031 1468 1069 1500 et
1095 1475 1227 1500 veram
1254 1460 1461 1498 lectionem
1481 1459 1592 1529 quasi
1612 1460 1755 1511 postli-

304 1515 427 1552 minio
447 1515 658 1554 ieduxero.
717 1517 770 1554 Ea
787 1515 885 1554 haec
904 1524 981 1556 est:
1014 1513 1072 1557 Οὗ
1095 1514 1289 1570 (θεοῦ)”
1271 1531 1394 1583 ονομα
1409 1514 1434 1556 o‘
1451 1513 1572 1563 αυτός
1595 1513 1754 1569 Ορφευς

305 1566 482 1618 α’κούσας
517 1571 560 1611 ἐκ
598 1575 670 1623 τῆς
701 1573 883 1622 μαντείας
909 1572 1035 1621 ἐξεῖπε
1066 1575 1226 1624 Μῆτιν,
1269 1568 1455 1623 Φάνητα,
1494 1574 1753 1624 Ηρικεπαῖον

306 1625 512 1677 Orpheus,
542 1627 614 1674 ait,
644 1641 718 1679 per
735 1628 935 1666 oraculum
961 1628 1123 1666 edoctus
1150 1634 1209 1666 est
1228 1627 1298 1666 Dei
1329 1627 1485 1666 nomina
1508 1630 1651 1679 Μῆτιν
1670 1641 1754 1666 esse

305 1688 343 1718 et
370 1679 552 1733 Φάνητα,
585 1689 623 1721 et
641 1686 905 1736 Ηρικεπαῖον,
937 1698 1035 1736 quae
1068 1683 1264 1722 communi
1293 1696 1469 1723 sermone
1496 1683 1753 1750 interpretata

304 1736 407 1775 hanc
425 1737 570 1776 habent
593 1739 674 1776 vim
693 1746 731 1777 et
752 1740 1005 1789 sententiam,
1033 1738 1184 1792 Βουλη,
1218 1741 1330 1790 Φῶς,
1357 1735 1584 1790 Ζωοδοτήρ.

417 1794 542 1831 Poiro
567 1794 674 1832 hisce
694 1791 916 1833 nominibus
943 1797 1063 1833 Deum
1094 1795 1312 1847 Orphicum
1339 1794 1476 1833 vocari
1502 1808 1582 1833 non
1609 1793 1755 1834 desunt

304 1848 403 1886 mihi
424 1850 639 1900 locupletes
663 1851 947 1902 certissimique
968 1865 1059 1889 sane
1089 1858 1259 1891 autores.
1318 1850 1543 1889 Damascius
1568 1850 1655 1902 περὶ
1672 1866 1754 1891 των

305 1902 472 1956 πρώτων
497 1902 626 1957 οἷρχῶν
653 1906 732 1945 MS.
762 1907 802 1944 in
830 1907 1072 1946 Bibliotheca
1100 1908 1198 1946 Coll.
1227 1908 1412 1959 Corporis
1437 1905 1580 1944 Christi
1607 1906 1753 1944 Oxonii

305 1973 348 2009 P
374 1962 466 2001 156.
525 1965 587 2000 Εν
606 1960 676 2012 μὲν
696 1963 831 2002 τοίνυν
850 1967 934 2010 ταῖς
955 1963 1190 2016 φερομέναις
1207 1960 1365 2010 ταύταις
1386 1963 1611 2015 ῤἀψῳδίαις
1628 1965 1754 2030 Ορφι-

304 2018 394 2061 παῖς
413 2013 442 2065 ἦ
460 2018 648 2081 θεολογία
670 2015 720 2069 δή
738 2034 796 2065 τις
821 2018 922 2058 ἐστιν
948 2035 974 2070 η
1003 2019 1094 2087 περὶ
1119 2034 1189 2059 τον
1217 2034 1365 2071 νοητον
1397 2016 1668 2086 (διάκοσμον)
1698 2015 1752 2069 ἣν

306 2069 374 2109 καὶ
396 2071 437 2110 οἱ
454 2067 671 2122 φιλόσοφοι
691 2071 1033 2125 διερμηνεύουσιν,
1065 2090 1149 2114 αντι
1172 2072 1242 2126 μὲν
1263 2077 1334 2125 τῆς
1353 2076 1447 2126 μιᾶς
1464 2089 1543 2114 των
1559 2071 1662 2114 ’ὅλων
1680 2070 1750 2142 ἆρ-

307 2128 379 2177 χῆς
396 2141 466 2166 τον
484 2124 628 2179 χρόνον
647 2128 839 2178 τιθέντες,
873 2147 919 2170 αι
923 2130 958 2170 τὶ
980 2129 1021 2170 δὲ
1040 2135 1127 2170 ταῖν
1148 2131 1259 2170 δυοῖν
1277 2129 1434 2183 Αἰθέρα
1452 2129 1519 2169 καὶ
1538 2126 1650 2196 χάος,
1680 2145 1749 2169 αν-

306 2181 345 2220 τὶ
378 2179 420 2221 δὲ
451 2197 521 2222 του
551 2180 664 2230 όντος
684 2182 818 2232 απλως
840 2201 882 2225 το
909 2184 995 2227 Ωὸν
1018 2182 1363 2239 ἆπολογιζόμενοι,
1393 2185 1460 2225 καὶ
1490 2181 1631 2254 τριαδα
1657 2184 1748 2225 ταύ-

205 2246 238 2280 0
261 2248 284 2284 3
307 2252 380 2288 την
400 2236 560 2290 πρώτην
578 2242 795 2286 ποιοῦντες.
825 2242 880 2288 εἰς
901 2240 942 2280 δὲ
961 2258 1034 2294 την
1053 2242 1238 2310 δευτέραν
1256 2246 1379 2282 τελεῖν
1398 2239 1486 2291 ’ἢτοι
1516 2256 1560 2281 το
1583 2238 1749 2293 κυούμε-

207 2304 239 2337 V
266 2303 290 2338 4
311 2308 384 2332 νον
403 2309 467 2332 και
491 2309 533 2333 το
555 2291 652 2334 κύον
672 2293 757 2335 ,Ωόν
772 2310 840 2335 τον
859 2295 977 2346 θεὸν,
1006 2296 1034 2349 η’
1051 2296 1121 2338 τὸν
1142 2294 1291 2350 αργῆτα
1314 2300 1457 2349 χιτῶνα
1477 2293 1505 2348 ἢ
1523 2296 1596 2344 τὴν
1619 2297 1748 2347 Νεφέ-

310 2351 406 2399 λην,
437 2346 496 2389 ότι
516 2350 558 2389 ἐκ
572 2347 722 2390 τούτων
750 2348 965 2404 ἐκθρώσκει
998 2352 1021 2393 ὁ
1042 2357 1245 2393 ΦΑΝΗΣ.
1284 2350 1418 2393 αλλότε
1450 2349 1523 2420 γὰρ
1543 2350 1641 2392 ἄλλα
1658 2354 1748 2423 περὶ

309 2418 380 2443 του
405 2403 524 2456 μέσου
548 2409 832 2457 φιλοσοφοῦσι,
864 2410 978 2447 τοῦτο
998 2407 1070 2477 μὲν
1091 2409 1232 2449 οποῖον
1251 2405 1300 2447 ἂν
1327 2403 1356 2463 ἦ
1376 2424 1430 2456 ως
1451 2423 1520 2447 τον
1538 2411 1659 2457 νοῦν,
1695 2425 1751 2457 ως

309 2457 352 2499 δὲ
371 2460 518 2512 πατέρα
536 2461 603 2501 καὶ
624 2458 796 2514 δυναμιν
817 2460 913 2502 αλλα
932 2479 1019 2503 τινα
1042 2467 1394 2515 προσεπινοοῦντες
1413 2460 1530 2503 ovd-iv
1552 2467 1608 2519 τῷ
1623 2467 1754 2517 Ορφεῖ

308 2513 579 2586 προσήκοντα
608 2515 681 2568 τήν
707 2517 749 2558 δὲ
767 2519 900 2571 τρίτην
923 2534 992 2558 τον
1015 2523 1213 2559 MHTIN
1225 2518 1294 2560 τὸν
1315 2505 1679 2560 HPIKEHA‘ION
1693 2537 1749 2569 ως

309 2568 504 2637 δύναμιν,
533 2587 602 2612 τον
623 2576 853 2614 ΦΑΝΗΤΑ
874 2570 993 2614 αὐτὸν
1015 2591 1068 2622 ως
1085 2575 1243 2627 πατέρα.
1298 2575 1406 2612 Idem
1425 2575 1570 2613 ibidem
1580 2590 1630 2643 p.
1654 2580 1745 2618 106.

310 2622 410 2665 ὅθεν
429 2625 562 2680 πηγήν
589 2627 661 2680 μὲν
687 2632 825 2681 πηγῶν
856 2626 950 2670 αὐτὸ
977 2627 1045 2699 (τὸ
1066 2633 1152 2680 Εν)
1176 2631 1385 2670 Χαλδαίων
1409 2633 1548 2680 παῖδες
1563 2627 1744 2683 οἷνευφη-

309 2694 475 2732 μουσιν,
518 2682 674 2736 Ορφευς
710 2684 753 2724 δὲ
777 2688 909 2752 μικτιῆ
937 2684 1089 2739 σπέρμα
1125 2686 1294 2738 φέροντα
1325 2690 1454 2737 θεῶν,
1496 2687 1677 2734 Φοίνικες
1703 2686 1747 2727 δὲ

311 2737 439 2777 αἰωνα
456 2737 669 2790 κοσμικόν,
700 2739 753 2787 uig-
770 2756 900 2781 παντα
928 2741 1011 2781 ἕν’
993 2744 1120 2796 εαυτῷ
1146 2738 1399 2812 συνῃρηκότα.
1458 2743 1583 2781 Locus
1608 2756 1747 2782 colru·

309 2798 414 2843 ptus.
460 2795 585 2846 Lego:
618 2794 774 2850 Ορφειῗς
801 2795 844 2838 δὲ
873 2800 1068 2838 ΜΗΤΙΝ
1089 2782 1239 2853 σπέρμα
1270 2797 1439 2852 φέροντα
1467 2801 1578 2840 θεων
1607 2821 1662 2828 -
1688 2821 1744 2829 -
