1838 3230
299 195 400 244 366
705 191 988 239 IOANNIS
1015 195 1351 240 MALALAE

298 311 488 368 ἐξαίφνης
510 306 637 367 ἦλθεν
658 311 699 355 ἓν
716 315 767 369 τῇ
797 308 932 370 Ῥώμῃ
962 310 1072 357 πόλει
1100 314 1203 368 μετὰ
1232 312 1422 371 πλήθους
1455 317 1522 359 καὶ
1548 316 1752 374 παρέλαβε

297 381 371 436 τὴν
405 379 584 435 Ῥώμην,
629 381 695 422 καὶ
734 378 922 437 ἐφόνευσε
958 381 1029 425 τὸν
1064 381 1262 437 Μάξιμον
1291 383 1463 437 βασιλέα
1496 386 1563 427 καὶ
1594 383 1752 436 πάντας

177 460 209 492 V
232 460 277 496 26
300 447 479 492 ἀπώλεσε
490 481 503 500 ,
538 445 784 503 πραιδεύσας
811 447 945 491 πάντα
961 450 1014 492 τὰ
1037 455 1111 493 τοῦ
1131 453 1330 494 παλατιόυ
1353 452 1426 502 ἕως
1446 456 1528 495 τῶν
1543 456 1751 510 χαλκουρ-

172 528 205 563 o
230 530 272 565 71
297 515 513 574 γημᾶτων,
566 516 705 569 λαβὼν
739 515 1023 571 αι’χμαλώτους
1050 519 1146 568 τοὺς
1174 521 1506 576 περιλειφθέντας
1535 525 1749 576 συγκλητι-

296 586 392 635 κοὺς
427 586 493 627 καὶ
523 583 599 633 τὰς
627 592 817 640 γυναῖκας
844 585 977 628 αὐτῶν
986 620 999 638 ,
1038 588 1078 629 ἓν
1110 586 1170 637 οἷς
1194 587 1311 640 ἔλαβε
1333 590 1398 630 καὶ
1417 588 1492 643 τὴν
1510 599 1781 645 προτρεψα-ὅ

294 654 419 710 μένην
450 651 575 695 αὐτὸν
609 652 682 708 τὴν
706 653 919 696 δέσποιναν
947 655 1147 705 Εὖδοξιάν
1181 658 1247 698 καὶ
1276 656 1350 710 τὴν
1381 657 1590 712 θυγατέρα
1621 657 1750 713 αὐτῆς

294 721 526 765 Πλακιδιάν
560 721 635 775 τὴν
669 729 837 777 γυναῖκα
868 727 941 764 τοῦ
972 725 1181 775 πατρικίου
1211 724 1451 781 Ὄλυβρίου,
1500 725 1627 768 αὐτοῦ
1656 723 1749 768 διά-

293 807 433 847 γοντος
467 790 508 830 ἓν
537 789 983 843 Κωνσταντινουπόλει,
1031 793 1097 833 καὶ
1124 791 1326 835 Εὖδοκιάν
1357 793 1401 835 δὲ
1427 792 1500 848 τὴν
1539 793 1748 850 παρθένον

294 855 599 913 αῗχμαλώτους·
636 859 702 900 καὶ
723 857 900 914 ἀπήγαγε
919 856 1073 909 πάντας
1092 860 1132 901 ἒν
1152 865 1202 916 τῇ
1219 860 1388 917 Ἀφρικῇ
1397 893 1411 913 ,
1449 861 1490 903 ἓν
1507 861 1749 919 Καρτοιγένῃ

293 925 419 970 πόλει.
466 924 576 975 ὅστις
595 927 818 982 Ζινζίριχος
841 923 992 977 εὐθέως
1011 928 1174 978 ἐξέδωκε
1194 933 1251 986 τῷ
1271 930 1360 986 ἰδίῳ
1381 927 1509 971 αὐτοῦ
1526 929 1602 988 υἷῷ
1616 927 1744 972 Ὁνω-
1757 938 1802 972 10

294 997 394 1053 ρι’χῳ
414 994 489 1049 τὴν
515 995 725 1051 θυγατέρα
747 995 948 1045 Εὐδοξιάς
972 1000 1045 1050 τῆς
1073 997 1286 1051 δεσποίνης
1317 996 1392 1051 τὴν
1419 997 1628 1053 παρθένον
1659 997 1746 1040 Εὖ-

294 1065 433 1106 δοκιάν
457 1062 529 1116 τὴν
547 1061 715 1118 μικράν·
753 1065 818 1105 καὶ
845 1062 944 1118 εἶχεν
965 1063 1092 1113 αὐτὰς
1112 1066 1153 1106 ἓν
1173 1068 1270 1121 τιμῇ
1291 1064 1386 1118 μεθ’
1412 1063 1574 1109 ἑαυτοῦ.

236 1139 267 1173 Β
388 1129 437 1173 Ὅ
470 1131 513 1172 δὲ
540 1131 729 1184 βασιλεὺς
752 1130 970 1182 Θεοδόσιος
988 1132 1139 1186 μαθὼν
1163 1131 1224 1175 ὅτι
1247 1132 1351 1174 κατὰ
1367 1130 1529 1188 γνώμην
1545 1131 1746 1184 Εὗδοξίας

287 1204 362 1255 τῆς
381 1197 507 1241 αὑτοῦ
526 1199 734 1255 θυγατρὸς
758 1198 966 1256 προεδόθη
987 1199 1011 1254 ἦ
1028 1198 1176 1255 Ῥώμη,
1203 1199 1388 1256 ἐλυπήθη
1411 1201 1514 1257 πρὸς
1533 1200 1661 1256 αὐτὴν
1678 1203 1745 1244 καὶ

289 1268 421 1310 εἴασεν
442 1267 569 1321 αὐτὴν
588 1268 629 1310 ἐν
646 1272 696 1324 τῇ
708 1267 877 1326 Ἀφρικῇ
899 1268 1011 1323 παρὰ
1030 1269 1239 1325 Ζινζιρίχῳ
1260 1269 1387 1323 μηδὲν
1405 1268 1516 1327 αὐτῷ
1537 1267 1740 1324 δηλώσας,
1755 1277 1798 1314 15

288 1336 394 1379 ἀλλὰ
423 1333 595 1389 ποιήσας
625 1333 844 1390 πρόκενσον
877 1338 1046 1391 ἐξῆλθεν
1083 1336 1162 1378 ἀπὸ
1196 1335 1663 1387 Κωνσταντινουπόλεως
1688 1340 1745 1388 εἷς

277 1403 467 1461 Ἔφεσον,
501 1401 618 1445 πόλιν
638 1408 711 1458 τῆς
723 1402 860 1453 Ἀσίας
873 1419 881 1427 ·
919 1406 984 1446 καὶ
1002 1403 1153 1458 ηὔξατο
1175 1406 1229 1453 εἷς
1248 1404 1320 1446 τὸν
1341 1403 1452 1459 ἅγιον
1467 1403 1656 1460 Ἰωάννην
1672 1405 1743 1448 τὸν

286 1471 484 1528 θεολόγον
509 1473 633 1523 αἰτῶν
654 1471 778 1514 αὐτὸν
799 1474 858 1521 τίς
879 1471 959 1528 ἄρα
980 1471 1065 1526 μετ’
1090 1471 1214 1514 αὐτον
1234 1470 1461 1527 βασιλεύει,·
1496 1474 1562 1515 καὶ
1580 1473 1622 1514 ἐν
1642 1470 1742 1529 δρά-

285 1558 385 1595 ματι
415 1540 546 1591 Ξζιιαθε
560 1553 569 1563 ·
606 1541 673 1582 καὶ
701 1535 828 1593 ἦλθεν
851 1541 892 1582 ἐν
915 1539 1352 1584 Κωνσταντινουπόλει.
1421 1540 1524 1593 μετὰ
1545 1541 1589 1582 δὲ
1610 1540 1742 1596 ὀλίγον

285 1609 426 1667 καιρὸν
444 1610 612 1663 ἐξῆλθεν
632 1608 922 1663 ἴππασθῆναυ
945 1610 1010 1650 καὶ
1029 1610 1070 1650 ἒν
1089 1612 1146 1666 τῷ
1169 1607 1414 1661 ἶππάζεσθαι
1434 1608 1557 1650 αὐτὸν
1574 1609 1797 1652 συνέπε-20

156 1688 188 1723 O
214 1689 262 1724 72
286 1695 354 1720 σεν
386 1679 429 1720 ἐκ
456 1681 530 1719 τοῦ
548 1677 676 1718 ἵππου
693 1689 702 1699 ·
739 1678 804 1718 καὶ
823 1678 983 1732 πληγεὶς
1001 1676 1071 1718 τὸν
1092 1674 1320 1732 σφόνδυλον
1338 1676 1464 1719 αὐτοῦ
1487 1677 1652 1731 εἰσῆλθε
1675 1680 1742 1719 λε-

232 1757 263 1791 C
285 1747 435 1806 κτικίῳ.
506 1746 573 1787 καὶ
604 1743 778 1794 καλέσας
805 1744 880 1800 τὴν
911 1744 1089 1801 ἀδελφὴν
1119 1744 1245 1788 αὐτοῦ
1267 1745 1341 1801 τὴν
1360 1745 1575 1787 δέσποιναν
1595 1747 1742 1787 Πουλ-

375 1880 410 1914 9.
433 1875 666 1924 Χαρταγέννῃ
690 1878 759 1912 Ox.
869 1877 923 1912 10.
941 1871 1120 1922 Ὁνορίχφ
1143 1876 1209 1910 Ox.
1315 1876 1372 1912 21.
1393 1874 1554 1922 λεκτικίῳ
1577 1875 1640 1910 Ch.
1664 1885 1739 1911 cum

377 1924 526 1967 Chron.,
549 1925 722 1959 Cedrenus
745 1935 781 1969 p.
804 1921 883 1959 343.
907 1923 958 1965 D,
980 1922 1160 1969 λεκτικτίῳ
1185 1924 1251 1958 ΟΧ.

285 2039 389 2084 pente
414 2048 487 2071 cum
509 2037 616 2083 copiis
640 2037 707 2073 suis
729 2037 867 2072 Romam
890 2037 1038 2079 veniens,
1062 2048 1136 2072 eam
1158 2036 1271 2082 cepit3
1297 2034 1512 2080 Maximoque
1535 2046 1609 2070 cum
1631 2033 1737 2080 copiis

287 2085 360 2127 ejus
385 2083 534 2117 omnibus
557 2084 688 2126 deleto,
725 2088 847 2118 cuncta
870 2095 912 2118 ex
935 2083 1070 2118 Palatio
1094 2094 1198 2128 usque
1223 2082 1267 2116 ad
1291 2093 1411 2115 aeneas
1433 2085 1561 2115 statuas
1583 2080 1735 2126 diripuit.

287 2129 471 2163 Senatores
496 2127 596 2162 etiam
619 2129 835 2174 superstites,
862 2141 934 2164 cum
957 2128 1140 2170 uxoribus,
1167 2127 1321 2172 captivos
1344 2126 1502 2160 abduxit:
1540 2126 1630 2160 inter
1652 2137 1736 2170 quas

284 2178 321 2208 et
344 2174 531 2208 Eudoxiam
555 2185 685 2218 quoque
719 2177 925 2218 Augustam,
964 2186 1053 2220 quae
1075 2174 1165 2208 illum
1189 2172 1436 2214 accersiverat,
1472 2171 1642 2216 filiamque
1664 2171 1735 2214 ejus

283 2220 489 2261 Placidiam,
514 2219 649 2263 Olybrii
672 2220 815 2253 Patricii
839 2220 916 2265 (qui
938 2224 1008 2254 tum
1026 2217 1320 2262 Constantinopoli
1339 2216 1628 2260 commorabatur)
1649 2227 1737 2250 uxo-

282 2277 354 2300 rem
374 2269 411 2299 et
431 2264 613 2299 Eudociam
631 2263 745 2304 etiam,
769 2264 944 2310 virginem,
967 2265 1003 2299 in
1018 2265 1165 2299 Africam
1184 2264 1227 2298 ad
1245 2262 1487 2306 Carthaginem
1503 2261 1654 2306 captivas
1672 2261 1735 2295 du-

282 2312 344 2346 xit.
392 2311 559 2345 Reversus
581 2309 695 2354 itaque
718 2310 956 2354 Zinzerichus,
993 2310 1181 2345 Eudociam
1205 2308 1385 2349 minorem,
1408 2306 1592 2350 virginem,
1615 2306 1735 2341 Eudo-

282 2357 363 2391 xiae
385 2358 558 2401 Augustae
579 2355 694 2396 filiam,
717 2355 787 2388 filio
811 2367 869 2390 suo
892 2357 1041 2390 Honorio
1064 2356 1099 2389 in
1122 2366 1259 2390 uxorem
1281 2352 1398 2387 dedita
1421 2351 1586 2397 utrisque,
1609 2356 1645 2386 et
1663 2363 1735 2386 ma-

281 2406 336 2436 tre
361 2407 396 2437 et
419 2403 508 2443 filia,
542 2401 631 2447 apud
654 2412 689 2434 se
711 2400 746 2434 in
770 2402 897 2435 honore
920 2401 1052 2436 habitis.

371 2449 560 2493 Imperator
592 2450 702 2480 autem
726 2446 958 2488 Theodosius,
1005 2447 1064 2480 ubi
1087 2444 1275 2480 rescivisset
1305 2442 1407 2476 filiam
1430 2454 1522 2476 suam
1545 2441 1734 2477 Eudoxiam

279 2494 410 2528 Romae
444 2492 603 2538 proditae
626 2495 796 2525 auctorem
819 2491 939 2534 fuisse,
975 2492 1007 2525 ei
1028 2492 1176 2525 infensus
1210 2492 1305 2530 erat3
1347 2488 1581 2533 captivamque
1604 2499 1675 2523 eam
1698 2488 1733 2522 in

279 2539 396 2574 Africa
430 2538 519 2583 apud
550 2536 800 2578 Zinzerichum‚
836 2548 899 2570 nec
931 2538 1035 2570 verbo
1059 2537 1102 2571 de
1126 2548 1166 2570 ea
1189 2535 1255 2568 ullo
1279 2533 1370 2579 apud
1394 2545 1468 2568 eum
1490 2533 1628 2575 habito,
1661 2545 1734 2568 ma-

278 2595 362 2618 nere
394 2584 488 2619 sivit.
545 2584 623 2628 Ipse
645 2593 726 2616 vero
750 2583 914 2616 Processu
944 2583 1056 2622 facto,
1094 2593 1136 2616 ex
1160 2579 1451 2624 Constantinopoli
1481 2579 1516 2613 in
1549 2579 1732 2624 Ephesum,

277 2630 379 2664 Asiae
401 2631 532 2670 urbem,
557 2628 711 2663 devenit:
738 2627 796 2661 ubi
818 2627 855 2661 S.
871 2627 1010 2662 Joannis
1025 2626 1193 2670 Theologi
1211 2625 1327 2659 aedem
1345 2624 1523 2669 ingressus,
1547 2623 1630 2658 fusis
1651 2635 1733 2669 pre-

278 2676 384 2716 cibus,
408 2674 546 2719 rogavit
568 2685 663 2714 eum3
702 2672 850 2718 quisnam
872 2675 948 2718 post
970 2684 1006 2705 se
1029 2672 1209 2717 Imperium
1231 2675 1445 2715 suscepturus
1468 2670 1582 2705 esset?
1627 2668 1730 2711 Quod

276 2721 337 2755 ubi
360 2732 423 2765 per
446 2719 607 2755 somnium
639 2718 776 2753 edoctus
798 2719 936 2759 fuisset,
972 2715 1292 2762 Constantinopolim
1324 2715 1477 2761 repetiit.
1521 2715 1601 2749 Non
1624 2715 1729 2749 multo

278 2771 389 2801 autem
413 2770 489 2811 post
511 2764 670 2810 temporis
694 2764 880 2809 equitatum
904 2774 1074 2807 egressus,
1109 2762 1199 2796 inter
1222 2761 1439 2806 equitandum
1462 2772 1551 2806 equo
1575 2771 1729 2794 excussus

279 2816 350 2853 est3
393 2812 576 2855 luxataque
600 2821 642 2844 ex
662 2821 739 2844 casu
762 2809 878 2854 spinae
900 2809 1082 2850 vertebra,
1119 2807 1155 2841 in
1178 2807 1345 2841 Palatium
1367 2806 1490 2840 lectica
1513 2806 1643 2840 delatus
1666 2807 1726 2838 est.

279 2857 368 2892 Tum
389 2868 472 2891 vero
494 2860 620 2891 vocata
642 2855 688 2891 ad
708 2867 745 2890 se
769 2866 887 2890 sorore
909 2853 1086 2889 Pulcheria
1108 2854 1280 2899 Augusta,
1304 2853 1347 2887 de
1370 2852 1564 2893 Marciano,
1585 2849 1643 2896 qui
1665 2849 1728 2884 sibi
