1838 3230
318 173 414 221 608
800 166 1260 213 ANNOTATIONES.

316 289 456 333 pto,‘a
479 280 559 320 suis
577 281 806 334 deportatus
827 288 904 320 est:
933 282 1001 319 ubi
1018 282 1180 332 deinde,
1212 280 1352 320 Gothis
1375 281 1752 334 supervenientibus,

313 339 479 388 igneque
508 338 712 389 supposito
742 345 1012 376 concrematus
1035 345 1114 377 est.
1172 338 1270 376 Vide
1298 338 1540 377 Ammianum
1557 339 1756 383 Marcelli·-

314 408 428 441 num,
458 393 522 432 lib.
544 397 610 435 31.
643 394 934 445 Hieronymum,
965 400 1002 431 et
1021 395 1180 432 Paulum
1206 395 1362 432 Diacon.
1381 394 1450 432 lib.
1474 398 1538 438 11.
1560 395 1755 447 supplem.

315 449 366 488 ad.
388 451 552 500 Eutrop.
584 449 729 487 Histor.
794 450 1000 488 Caeterum
1035 450 1215 488 Auctoris
1245 449 1369 487 nostri
1403 450 1512 489 locus
1539 450 1614 490 iste
1641 450 1755 489 aliter

315 506 430 545 etiam
447 506 541 543 satis
560 506 772 556 perplexus
792 511 868 554 est,
898 519 970 543 nec
992 505 1089 544 adeo
1109 506 1230 544 facilis
1249 506 1456 556 explicatu.

427 572 520 623 Pag.
551 572 643 614 343.
675 574 717 613 8.
757 570 842 611 Επὶ
876 574 947 623 τῆς
979 568 1167 619 ὑπατείας
1195 573 1450 613 Αυσονιανοῦ
1478 571 1545 612 καὶ
1572 569 1755 624 Ερμογέ-

317 643 427 675 νους.
440 627 454 678 ]
493 629 574 665 Ser.
603 628 815 667 Αυσωνίου
843 626 911 667 καὶ
941 630 1247 679 Ερμογενιανοῦ.
1308 628 1366 665 Ad
1385 637 1527 666 aunum
1556 629 1656 666 enim
1676 627 1754 665 Va-

318 684 433 722 lentis
456 683 661 733 ultimum,
695 684 798 720 kasti
817 683 1024 734 Capitolini
1043 684 1094 722 D
1115 682 1334 722 Ausonium
1357 683 1551 735 Magnum
1567 683 1756 723 Poenium

321 737 503 787 Gallum,
544 748 577 776 et
605 737 652 788 Q.
687 737 889 777 Claudium
918 737 1270 791 Hermogenianum
1298 740 1405 778 Coss.
1436 738 1595 781 habent.
1660 737 1752 778 Chr.

313 796 424 835 Alex.
458 794 636 832 Gratiani
664 795 760 845 Imp.
789 808 890 832 anno
919 795 1067 844 pzimo,
1111 803 1202 846 post
1228 801 1409 846 patruum
1438 795 1523 834 scil.
1553 794 1755 833 Valentem

314 859 535 897 mortuum,
575 851 789 887 Ausonium
829 856 869 888 et
896 850 1101 901 Olybrium
1129 849 1248 888 habet
1277 852 1381 890 Coss.
1415 850 1476 888 uti
1505 856 1542 888 et
1573 851 1755 888 Socrates

315 907 433 945 etiam
449 906 548 944 Hist.
569 906 716 944 Eccles.
738 906 804 945 lib.
826 906 864 948 5.
888 919 973 958 cap.
997 911 1036 949 2.
1067 913 1106 944 et
1124 907 1294 958 Prosper
1320 906 1503 958 Aquitan.
1529 905 1572 944 in
1597 905 1754 958 supple·

314 968 434 1001 ment.
462 962 512 1000 ad
528 962 668 1000 Euseb.
689 961 835 1000 Chron.

430 1031 522 1079 Pag.
551 1029 643 1071 343.
676 1032 716 1070 9.
748 1027 811 1079 ἔτη
832 1023 915 1076 ιζ’.]
955 1027 1013 1066 Ab
1047 1042 1147 1067 anno
1170 1028 1251 1067 scil.
1272 1027 1395 1080 patris
1415 1025 1676 1067 Valentiniani
1691 1038 1753 1073 111,

318 1097 397 1136 quo
416 1084 457 1122 in
482 1085 639 1135 Imperii
659 1084 901 1122 consortium
914 1084 966 1134 ab
987 1099 1032 1122 eo
1059 1091 1280 1136 assumptus
1299 1084 1386 1123 fuit.

433 1151 652 1204 Pag.343.
686 1155 748 1193 11.
787 1149 897 1191 Θέων
924 1149 946 1192 ὁ
974 1149 1200 1201 σοφώτατος
1229 1147 1483 1202 φιλόσοφος.]
1512 1149 1569 1188 De
1595 1155 1757 1200 septem,

321 1221 420 1259 quos
439 1207 578 1245 Suidas
599 1213 822 1256 enumerat,
857 1206 1092 1252 Theonibus,
1122 1221 1246 1245 unum
1271 1207 1342 1244 sub
1364 1205 1584 1244 Theodosio
1611 1204 1661 1241 M.
1684 1216 1756 1254 po-

320 1264 396 1302 nit:
398 1263 538 1330 cujus
557 1262 672 1301 etiam
697 1263 845 1314 sclipta
874 1270 1073 1301 enumerat
1102 1263 1188 1302 ista.
1247 1259 1546 1315 Μαθηματικά
1575 1264 1758 1324 Αριθμη-

320 1332 429 1359 vina·
461 1318 550 1372 περὶ
586 1320 778 1371 σημείων,
807 1317 875 1358 καὶ
907 1321 1057 1369 σκοπῆς
1083 1314 1252 1371 ὀρνέων,
1281 1319 1348 1359 καὶ
1373 1322 1444 1371 τῆς
1469 1332 1550 1357 των
1573 1312 1758 1366 κοράκων

323 1377 486 1426 φωνῆς·
523 1374 613 1427 περι
637 1377 709 1425 τῆς
735 1389 854 1421 κυνος
879 1373 1081 1424 ἐπιπολῆς·
1111 1373 1200 1425 περὶ
1234 1377 1304 1424 τῆς
1338 1377 1410 1414 τοῦ
1431 1374 1578 1414 Νείλου
1609 1368 1758 1438 αναβὰ-

323 1441 440 1478 σεως·
471 1430 528 1478 εἰς
556 1445 625 1471 τον
654 1433 900 1493 Πτολεμαῖον
927 1425 1136 1482 πρόχειρον
1160 1425 1324 1478 κανόνα,
1354 1428 1421 1469 καὶ
1448 1431 1504 1476 εἰς
1525 1425 1595 1467 τόν
1617 1440 1758 1479 μικρον

322 1483 575 1539 οἷστρόλαβον.
633 1485 828 1524 Theonem
847 1486 979 1535 itaque
999 1484 1127 1534 hunc,
1156 1492 1334 1523 nostrum
1355 1498 1455 1534 esse,
1484 1483 1673 1535 suspicor.

433 1552 535 1604 Pag.
564 1555 661 1595 343.
692 1551 756 1594 15.
808 1548 1015 1599 Θεοδόσιος
1044 1551 1068 1592 ό
1097 1548 1290 1602 Σπανός.]
1331 1554 1414 1593 Scr.
1440 1547 1629 1598 Ἱσπανός.
1684 1549 1757 1588 Ηί-

319 1622 465 1661 spanus
493 1608 596 1648 enim
625 1614 737 1659 gente
764 1614 845 1646 erat
877 1606 1143 1656 Theodosius,
1181 1608 1238 1645 uti
1263 1614 1301 1646 et
1333 1614 1464 1645 noster
1489 1607 1588 1646 infra
1618 1606 1756 1644 habet:

320 1672 437 1716 atque
459 1679 481 1702 a
502 1665 688 1703 Gratiano
709 1664 927 1715 Imperator
944 1665 1215 1712 renunciatus,
1248 1677 1328 1701 non
1350 1670 1396 1701 ut
1416 1664 1575 1712 Noster,
1602 1662 1758 1713 imperii

319 1722 380 1759 sui
404 1735 504 1759 anno
527 1735 586 1767 w,
616 1721 683 1759 sed
707 1717 824 1773 (post
843 1720 1041 1758 Valentem
1061 1727 1243 1770 patruum
1265 1717 1486 1772 mortuum)
1515 1719 1663 1770 primo,
1700 1717 1758 1755 uti

317 1778 488 1828 Prosper
512 1778 619 1816 vult:
649 1777 849 1815 cedrenus
870 1782 999 1814 tamen
1017 1776 1245 1813 Gratianum
1271 1782 1349 1813 tres
1378 1789 1499 1813 annos
1533 1775 1659 1812 solum
1687 1774 1758 1810 im-

317 1846 498 1885 perasse,
535 1833 675 1872 deinde
703 1831 966 1871 Theodosium
993 1832 1067 1870 sibi
1093 1831 1246 1884 imperii
1276 1830 1428 1869 socium
1460 1830 1671 1870 adscivisse
1696 1842 1757 1868 as-

320 1889 427 1929 serit.
1324 1926 1326 1929 ⁴

431 1946 536 1995 Pag.
566 1942 660 1986 344.
699 1946 735 1986 1.
777 1939 1016 1995 Ετελεύτησε
1043 1939 1312 1994 Βαλεριανός.]
1349 1941 1565 1989 Quemnam
1601 1939 1757 1978 tandem

321 1998 387 2036 hic
409 1998 597 2037 habemus
626 1999 895 2049 Valerianum,
934 1999 1112 2038 Gratiani
1141 1999 1297 2036 fratrem
1324 2005 1418 2036 natu
1443 1996 1653 2050 majorem?
1683 1998 1755 2033 Su-

322 2069 396 2107 pra
419 2056 519 2093 enim
544 2055 590 2091 ab
608 2055 693 2106 ipso
723 2056 892 2095 Auctore
920 2062 1056 2094 nostro
1087 2055 1316 2103 Gratianus,
1345 2053 1371 2095 ὁ
1397 2052 1484 2100 υἷὸς
1514 2056 1758 2092 Butam-wm-

323 2113 402 2151 νοῦ
430 2109 455 2150 o‘
485 2111 647 2162 μείζων,
675 2119 861 2161 vocatur,
893 2113 949 2150 uti
977 2124 1112 2150 revera
1143 2116 1242 2147 erat:
1273 2109 1342 2147 sed
1371 2122 1441 2147 nec
1470 2108 1592 2147 filium
1619 2107 1757 2156 ullum,

322 2166 574 2205 Valerianum
595 2173 795 2216 vocatum,
825 2167 963 2205 habuit
983 2166 1277 2206 Valentinianus
1297 2166 1394 2217 Imp.

437 2233 537 2284 Pag.
569 2231 661 2273 344.
691 2231 730 2272 4.
780 2236 812 2272 Ο
839 2231 1028 2286 συγγενὴς
1062 2229 1186 2272 αὐτοῦ
1217 2225 1546 2294 Βαλεντινιανός.“]
1587 2228 1759 2267 Valenti-

324 2289 465 2327 nianus
483 2291 557 2327 iste
579 2287 753 2326 Gratiani
771 2289 894 2328 frater
913 2289 1228 2339 Consanguineus
1264 2293 1367 2338 erat5
1395 2292 1441 2325 ut
1470 2286 1537 2337 qui
1555 2298 1603 2323 ex
1622 2285 1758 2324 eodem

325 2351 442 2397 patre
460 2351 573 2383 natus
594 2344 679 2385 fuit.

441 2403 535 2452 Ρα3
565 2400 658 2442 344
689 2403 726 2443 8.
763 2397 952 2451 Εσφαγη,
980 2399 1047 2439 καὶ
1069 2402 1237 2454 τελευτᾷ.
1248 2401 1261 2446 ]
1290 2397 1438 2436 Eodem
1462 2396 1579 2435 modo
1598 2395 1758 2447 periisse

328 2455 554 2494 Gratianum
582 2456 695 2493 etiam
726 2455 846 2493 tradit
866 2455 954 2494 Chr.
977 2457 1089 2494 Alex.
1107 2457 1273 2502 Auctor,
1303 2454 1400 2492 salso
1426 2459 1608 2504 uterque:
1638 2466 1658 2489 a
1678 2452 1758 2489 Ma-

325 2512 434 2549 ximo
464 2512 565 2550 enim
594 2512 799 2563 Tyranno,
839 2510 1145 2561 Andragathium
1175 2511 1222 2548 ad
1249 2509 1292 2547 id
1320 2510 1518 2556 mittente,
1554 2510 1594 2546 in
1625 2507 1760 2545 Galliis

325 2567 556 2605 intersectus
580 2574 648 2605 est.
682 2567 779 2606 Vide
805 2567 1027 2616 zosimum,
1054 2567 1314 2618 Prosperum,
1344 2565 1508 2602 Paulum
1532 2565 1758 2611 Diaconum,

329 2623 541 2672 Zonaram,
575 2623 810 2673 cedrenum,
841 2623 946 2663 alios.

438 2677 656 2731 fag-344.
685 2683 749 2721 10.
788 2695 842 2727 ως
868 2679 910 2720 ἐκ
928 2680 1002 2719 τοῦ
1018 2676 1156 2730 γένους
1179 2673 1320 2717 αὐτῶν.
1331 2676 1344 2726 ]
1377 2675 1493 2714 Forte
1512 2673 1760 2713 scribendum

328 2729 478 2783 αὐτοῦ,
514 2741 561 2772 ut
593 2734 644 2772 ad
681 2735 905 2774 affinitatem
929 2736 1030 2773 inter
1060 2734 1286 2771 Gratianum
1318 2738 1356 2770 et
1383 2731 1668 2776 Theodosium,
1709 2740 1760 2766 ex

330 2790 464 2828 Gallae
489 2790 663 2829 Gratiani
683 2805 841 2841 sorore,
872 2807 893 2830 a
917 2789 1137 2830 Theodosio
1165 2790 1206 2828 in
1233 2802 1398 2827 uxorem
1429 2793 1639 2839 acceptae,
1670 2797 1761 2822 con-
