1838 3230
285 181 387 229 330
682 177 974 222 IOANNIS
999 179 1344 225 MALALAE

285 296 342 346 εἰς
358 294 410 338 τὰ
430 300 553 339 πλοῖα
574 294 791 353 ἐπέτρεψεν
796 329 810 349 ,
848 297 1043 342 εἰσελθών
1062 301 1128 342 καὶ
1147 299 1272 350 αὐτὸς
1288 298 1309 343 ὅ
1326 299 1519 355 βασιλεὺς
1536 302 1593 353 εἲς
1607 301 1740 349 τὸεῖν-

232 371 263 406 Β
285 365 504 422 τρεπισθέν
535 365 646 423 αὐτῷ
675 369 838 417 πλοῖον,
874 367 941 408 καὶ
961 373 1228 424 προηγεῖσθαι
1251 368 1387 412 αὐτῶν
1407 368 1740 426 προσκουλκᾶτοό

284 449 362 490 ρας
390 432 635 487 προσέταξεν
665 432 819 490 ἄνδρας
844 436 1050 489 γενναίους
1081 438 1124 479 ἐκ
1155 441 1228 479 τοῦ
1257 436 1440 494 ἀριθμοῦ
1467 442 1549 482 τῶν
1569 443 1742 495 λαγκια-·

283 502 383 557 ρι’ων
413 492 479 542 καὶ
504 502 755 558 ματτιαρίων
780 503 937 556 χιλίους
970 506 1276 558 πεντακοσίους,
1319 503 1508 556 κελεύσας
1537 505 1738 560 βαστάζε-

283 573 388 611 σθαι
408 570 474 610 καὶ
495 568 548 610 τὰ
566 569 682 625 σίγνα
704 569 831 613 αὐτοῦ
853 572 920 613 καὶ
940 571 1011 614 τὸν
1033 570 1192 628 κόμητα
1211 572 1468 627 Λουκιανόν,
1505 573 1635 631 ἄνδρα
1658 584 1768 620 τεο-5

157 658 168 676 s
283 634 579 690 λεμικώτατον,
619 635 716 679 εἶναι
737 637 812 681 σὺν
838 639 963 698 αὐτῷ.
1034 639 1144 691 ὅστις
1168 643 1235 684 καὶ
1256 642 1384 684 πολλὰ
1405 640 1563 699 κάστρα
1583 646 1735 700 Περσι·

161 693 165 698 ’
282 704 334 746 κὰ
367 704 481 758 παρὰ
507 703 577 747 τὸν
605 704 828 762 Εὐφράτην
857 709 1016 761 κείμενα
1038 711 1104 751 καὶ
1124 710 1165 751 ἓν
1183 710 1294 768 μέσῳ
1315 714 1398 753 τῶν
1415 701 1578 754 §Uim
1597 711 1639 754 ἓν
1663 708 1737 766 νή-

282 789 371 822 σοις
405 770 504 815 ὅντα
532 771 736 829 ἐπόρθησε
774 776 841 817 καὶ
877 775 973 826 τοὺς
1002 776 1044 818 ἓν
1075 776 1213 827 αὐτοῖς
1241 777 1361 828 ὄντας
1389 779 1558 836 Πέρσας
1590 778 1733 822 ἀνεῖλε.

280 842 464 898 ,Βίκτορα
507 842 551 883 δὲ
587 843 653 884 καὶ
686 840 959 900 Δαγαλάϊφον
996 844 1208 896 κατέταξεν
1247 845 1418 889 ὄπισθεν
1466 850 1550 890 τῶν
1582 851 1736 890 λοιπῶν

279 911 431 951 πλοίων
453 906 552 951 εἶναι
575 911 641 952 καὶ
663 909 880 967 φυλάττειν
897 911 949 955 τὰ
972 911 1126 969 πλήθη.
1195 915 1262 956 καὶ
1284 918 1486 970 κατῆλθεν
1503 913 1525 958 ὅ
1543 914 1736 969 βασιλεὺς
1747 923 1791 957 10

153 983 188 1018 O
213 984 257 1020 19
278 977 384 1032 μετὰ
402 981 476 1020 τοῦ
494 982 675 1034 στρατοῦ
693 980 845 1030 παντὸς
865 980 933 1022 διὰ
949 985 1023 1036 τῆς
1038 978 1214 1037 μεγάλης
1227 980 1412 1039 ὃιόρυγος
1428 987 1501 1025 τοῦ
1511 980 1734 1040 Εὐφράτου

280 1050 355 1103 τῇς
383 1044 607 1101 μισγούσης
636 1051 695 1106 τῷ
725 1049 895 1105 Τίγρητι
923 1054 1117 1108 ποταμῷ·
1152 1052 1219 1092 καὶ
1239 1052 1426 1106 εἰσῆλθεν
1444 1053 1499 1101 εἷς
1517 1050 1588 1094 τὸν
1611 1050 1736 1094 αὐτὸν

284 1115 467 1168 Τίγρητα
486 1113 692 1168 ποταμόν,
731 1114 832 1159 ὅπου
851 1117 1062 1173 μίγνυνται
1081 1118 1119 1160 οἶ
1138 1116 1211 1161 δύο
1230 1120 1406 1173 ποταμοὶ
1424 1121 1492 1161 καὶ
1512 1118 1738 1162 ἀποτελῶ-

227 1187 259 1221 C
282 1197 324 1224 σι
351 1183 492 1237 λίμνην
517 1181 707 1238 μεγάλην.
779 1186 846 1227 καὶ
871 1186 1099 1242 παρέβαλεν
1125 1188 1180 1236 εἰς
1207 1187 1258 1229 τὰ
1285 1187 1469 1244 Περσικὰ
1493 1186 1534 1229 ἐν
1554 1191 1605 1244 τῇ
1617 1184 1735 1246 χώρᾳ

280 1254 364 1293 τῶν
382 1250 604 1305 λεγομένων
626 1255 918 1306 ,Μαυζανιτῶη
942 1256 1113 1309 πλησίον
1128 1257 1424 1312 Κτησιφῶντος
1440 1252 1606 1307 πόλεως,
1629 1254 1733 1297 ἔνθα
1746 1262 1790 1298 15

279 1316 434 1373 ὗπῆρχε
462 1318 509 1361 τὸ
532 1320 733 1374 Περσικὸν
756 1323 984 1374 βασίλειον·
1021 1325 1087 1364 καὶ
1105 1323 1320 1379 ἒπικρατὴς
1336 1322 1546 1380 γενόμενος
1562 1323 1734 1366 Ἰουλια-

280 1386 352 1436 νὸς
373 1385 394 1429 ὃ
413 1386 603 1440 βασιλεὺς
618 1385 840 1442 ἐσκήνωσεν
860 1391 902 1432 ἓν
921 1393 971 1446 τῇ
994 1388 1151 1432 πεδιάδι
1169 1395 1243 1446 τῆς
1260 1392 1384 1446 αὐτῆς
1402 1390 1557 1440 πόλεως
1575 1393 1735 1446 Κτησι-

280 1458 465 1511 φῶντος,
501 1453 751 1509 βουλόμενος
768 1457 870 1510 μετὰ
891 1462 964 1513 τῆς
984 1460 1090 1508 ἰδίας
1107 1457 1331 1515 συγκλήτου
1350 1461 1418 1502 καὶ
1434 1459 1510 1509 ἕως
1528 1461 1735 1513 Βαβυλῶ-

273 1539 346 1572 νος
364 1524 558 1566 εἰσελθεῖν
577 1525 643 1565 καὶ
667 1529 919 1579 παραλαβεῖν
940 1526 992 1568 τὰ
1011 1528 1145 1570 ε’κεΐσε.

372 1588 420 1633 Ὅ
449 1592 493 1633 δὲ
522 1592 712 1646 βασιλεὺς
734 1592 1125 1651 Σαββουραρσάκιος
1141 1591 1374 1650 ὑπονοήσας
1396 1592 1458 1637 ὅτι
1474 1595 1542 1637 διὰ
1561 1598 1634 1650 τῆς
1650 1597 1788 1639 Νι-20

272 1659 418 1713 σίβεως
436 1658 579 1715 ἤρχετο
597 1657 617 1702 ὃ
637 1661 827 1713 βασιλεὺς
842 1660 1049 1716 Ῥωμαίων
1064 1660 1294 1713 Ἰουλιανός,
1318 1661 1481 1718 ὥρμησε
1501 1662 1588 1706 κατ’
1606 1662 1734 1706 αὖτοῦ

274 1727 378 1782 μετὰ
407 1732 481 1770 τοῦ
510 1725 699 1783 πλήθους
728 1729 855 1772 αὐτοῦ
883 1729 1047 1781 παντός.
1119 1731 1442 1787 ἀπαγγελθέντος
1470 1732 1514 1774 δὲ
1539 1730 1649 1790 αὐτῷ
1673 1729 1736 1774 ὅτι

366 1836 400 1870 2.
424 1836 768 1883 προσκουλκάτορας
789 1838 875 1881 ch„
897 1839 991 1884 πρὸς
1012 1837 1259 1884 κουλκοὶτορας
1282 1840 1350 1875 ΟΧ.
1439 1841 1474 1875 5.
1497 1837 1732 1884 Λουκιανόν]

367 1882 591 1918 scribendum
612 1882 888 1921 Λουκιλλιανόν.
932 1886 1023 1921 Idem
1051 1886 1171 1921 vitium
1193 1887 1229 1920 in
1251 1885 1385 1921 Zosimo
1408 1886 1471 1920 111.
1495 1887 1551 1922 13.
1574 1888 1607 1922 6.
1632 1890 1731 1920 nota-

365 1927 420 1961 vit
441 1928 594 1972 Heynius
617 1931 660 1964 ad
683 1931 744 1965 111.
770 1933 803 1967 8.
827 1933 861 1968 3.
968 1934 1021 1967 10.
1047 1930 1141 1968 εἶναι
1163 1932 1246 1976 καὶ]
1272 1929 1367 1968 εἶναι
1389 1933 1457 1967 Ox,
1562 1933 1616 1966 11.
1642 1928 1730 1966 διώ-

365 1975 489 2066 Θῖζέῡέ]
516 1974 686 2055 δὸίρυγος
707 1978 775 2012 Ox.
856 1978 912 2014 13.
941 1980 1099 2024 Τίγρητα
1121 1979 1199 2022 Ch„
1226 1979 1408 2025 Τίγρηντα
1430 1978 1499 2013 Ox.
1577 1975 1633 2013 14.
1657 1989 1729 2012 πα-

367 2032 405 2063 ρε
429 2033 453 2054 α
479 2032 517 2055 ευ
574 2033 607 2058 x.

278 2109 362 2145 dere
390 2110 489 2155 jussis
513 2112 684 2155 omnibus,
723 2113 795 2159 ipse
819 2126 953 2161 quoque
983 2115 1019 2150 in
1042 2119 1196 2162 paratam
1218 2114 1283 2149 sibi
1314 2125 1432 2149 navem
1454 2114 1622 2159 ingressus
1654 2116 1727 2156 θείς

278 2156 478 2202 praemissis,
503 2157 560 2203 qui
585 2159 816 2203 exploratores
840 2166 960 2203 essent,
984 2173 1046 2196 lun.
1071 2174 1112 2196 ex
1135 2172 1271 2195 numero
1294 2160 1553 2195 Lanceariorum
1576 2163 1614 2194 et
1633 2158 1730 2194 Mat-
1771 2185 1774 2188 -

278 2201 472 2244 tiariorum,
512 2203 700 2238 fortissimis
733 2205 824 2239 viris.
887 2207 1054 2241 Vexillum
1085 2207 1184 2241 etiam
1215 2217 1308 2240 suum
1338 2205 1400 2239 sibi
1424 2204 1591 2250 praeferri
1608 2204 1727 2249 jussit:

278 2247 462 2282 Lucianum
483 2261 565 2283 vero
588 2249 768 2291 Comitem,
793 2251 898 2286 virum
922 2252 1219 2293 bellicosissimum,
1246 2252 1436 2297 Imperator
1456 2262 1566 2285 secum
1589 2250 1726 2284 habuit:

279 2292 339 2337 qui
362 2293 504 2338 plurima
528 2294 704 2329 Persarum
727 2301 858 2338 castra,
896 2298 1070 2344 Euphrati
1085 2297 1255 2338 confinia,
1290 2300 1326 2331 et
1349 2307 1455 2341 quae,
1490 2295 1615 2330 medias
1635 2295 1728 2330 inter

278 2349 397 2382 aquas,
420 2339 455 2372 in
476 2339 590 2374 insulis
613 2339 712 2374 etiam
736 2342 802 2375 sita
824 2348 933 2384 erant,
967 2343 1126 2384 vastavit,
1149 2342 1260 2378 Persis
1282 2353 1397 2377 eorum
1419 2341 1611 2376 custodibus
1633 2341 1729 2376 dele-

278 2383 322 2417 tis
345 2385 505 2419 omnibus.
561 2386 743 2420 Extremae
766 2397 849 2420 vero
873 2388 986 2422 classis
1009 2400 1123 2423 curam
1143 2387 1275 2423 Victori
1297 2392 1333 2422 et
1351 2387 1566 2432 Dagalaipho
1588 2387 1727 2421 deman-

278 2429 384 2464 davit.
433 2430 575 2465 solvens
598 2437 707 2465 autem
731 2443 805 2465 cum
829 2435 979 2467 exercitu
1008 2434 1094 2468 omni
1116 2434 1316 2479 Imperator,
1339 2432 1453 2478 copias
1474 2443 1549 2467 suas
1572 2443 1634 2478 per
1653 2443 1727 2467 eum

276 2474 387 2508 locum
410 2476 569 2520 trajecit,
608 2477 666 2511 ubi
687 2477 804 2521 Tigris
828 2484 864 2511 et
894 2479 1090 2524 Euphrates
1112 2484 1366 2520 concurrentes,
1403 2477 1573 2523 ingentem
1596 2478 1727 2512 alveum

278 2520 443 2554 efficiunt.
489 2522 624 2556 Exinde
645 2534 708 2568 per
726 2522 859 2567 Tigrim
882 2529 1011 2565 vectus,
1034 2525 1070 2558 in
1090 2524 1235 2559 Persidis
1256 2523 1427 2568 regionem
1451 2524 1615 2568 perrexit,
1637 2534 1726 2568 quae

276 2565 550 2601 Mauzanitarum
573 2573 735 2611 vocatur,
770 2579 791 2602 a
814 2569 1036 2615 Ctesiphonte
1066 2581 1132 2603 non
1154 2569 1290 2615 procul,
1327 2569 1385 2603 ubi
1408 2569 1517 2614 Reges
1546 2569 1724 2603 Persarum

275 2610 371 2645 sedes
394 2623 469 2646 suas
494 2613 693 2648 habuerunt.
741 2613 888 2658 Figebat
916 2620 1028 2649 autem
1049 2615 1199 2650 tentoria
1221 2626 1282 2650 sua
1304 2614 1513 2649 Victoriosus
1534 2615 1725 2660 Imperator

272 2656 424 2691 Julianus
446 2658 482 2691 in
505 2658 579 2703 ipsa
602 2659 832 2705 Ctesiphontis
855 2659 1022 2706 planicie3
1057 2660 1094 2694 in
1116 2661 1223 2695 animo
1247 2660 1347 2694 etiam
1370 2661 1517 2702 habens,
1540 2660 1583 2694 ad
1606 2660 1724 2704 Baby-

272 2701 384 2736 lonem
406 2714 509 2748 usque
533 2716 606 2739 cum
629 2700 848 2740 Primoribus'
857 2705 924 2740 suis
947 2710 1139 2752 penetrare,
1165 2706 1338 2760 ipsamque
1361 2706 1551 2750 subjugare.

366 2748 545 2783 Persarum
566 2762 649 2785 vero
674 2751 750 2786 Rex
772 2751 1065 2792 sabba-ammius,
1089 2751 1275 2786 existimans
1287 2751 1527 2797 Imperatorem
1540 2750 1722 2785 Romanum

274 2803 338 2838 per
360 2793 504 2828 Nisibim
526 2796 593 2829 iter
615 2808 707 2831 suum
729 2796 933 2838 instituisse3
974 2797 1080 2843 copiis
1102 2796 1169 2831 suis
1191 2797 1339 2831 omnibus
1363 2797 1564 2838 instructus,
1599 2795 1723 2830 advet-

275 2849 329 2873 sus
364 2850 438 2875 eum
461 2840 697 2887 proficiscitur.
745 2843 884 2879 Certior
914 2845 1023 2878 autem
1045 2843 1155 2879 factus
1186 2842 1353 2878 sulianum
1375 2842 1440 2878 sibi
1473 2854 1495 2878 a
1516 2845 1614 2886 tergo
1639 2851 1721 2881 esse,
