1838 3230
246 215 347 261 212
651 205 936 252 lOANNIS
966 206 1303 251 MALALAE

247 345 292 373 σε
311 324 479 383 ΙΒύβλον
502 328 557 377 εἷς
580 324 709 380 ὅνομα
742 322 870 367 αὑτοῦ
880 357 894 378 ,
931 318 1050 376 οὗτος
1078 325 1155 382 γὰρ
1177 326 1224 369 τὸ
1248 325 1412 383 ἄγαλμα
1432 331 1506 380 τῆς
1526 324 1705 383 Ἀθήνης

245 398 294 440 τὸ
312 396 425 452 παρὰ
443 392 641 439 Σελεύκου
662 390 898 448 γενόμενον,
929 393 1106 449 φοβερὸν
1125 393 1247 447 ὄντα,
1282 397 1348 438 καὶ
1372 395 1418 438 τὸ
1443 394 1606 451 ἄγαλμα
1628 399 1704 438 τοῦ

246 465 477 521 Κεραυνίου
499 460 620 514 Διός,
656 461 770 517 παρὰ
789 465 862 504 τοῦ
884 461 1010 504 αὐτοῦ
1033 452 1229 505 Σελεύκου
1252 461 1486 519 γενόμενον,
1514 464 1580 505 καὶ
1602 462 1703 506 αὗτό

248 530 451 590 φοβερόν,
487 526 758 584 αἲτησάμενος
785 527 904 585 χάριν
932 530 1029 579 τοὺς
1048 529 1262 585 Ἀντιοχεῖς
1281 532 1400 586 ἐπῆρε
1426 532 1491 573 καὶ
1511 531 1553 573 ἓν
1569 529 1705 588 Ῥώμῃ

128 608 157 642 V
180 609 227 645 90
250 601 427 654 ἔπεμψεν
447 600 503 647 εἲς
520 597 566 639 τὸ
586 596 874 649 Καπετώλιον,
911 595 965 647 ὥς
991 596 1167 653 μεγάλης
1195 597 1293 641 ὄντα
1314 599 1417 648 θέας
1438 600 1504 640 καὶ
1528 596 1583 648 ὥς
1601 597 1738 647 ὕπο-5

245 668 417 724 ταγέντα
446 664 682 719 Ῥωμαίοις·
720 664 838 707 ἅτινα
869 663 1083 720 ἀγάλματα
1114 665 1188 715 ἕως
1218 671 1292 721 τῆς
1308 671 1381 709 νῦν
1400 668 1497 709 εἶσί·
1533 668 1600 708 καὶ
1619 667 1706 708 ἔπι-

244 734 391 793 γράφει
424 736 571 788 Δῆμος
596 733 838 788 Ἀντιοχείας
867 737 940 788 τῆς
959 731 1136 789 μεγάλης
1154 735 1314 790 ἐτίμησε
1337 733 1561 789 Ῥωμαίους
1580 732 1706 790 ἀγάλ-

243 821 358 859 ματα
379 802 638 858 εὐχαριστῶν.

340 871 544 924 Ἀντιόχος
573 871 616 912 δὲ
645 868 667 912 ὅ
695 869 911 918 Διονίκους
934 868 1126 921 βασιλεὺς
1154 867 1332 919 ἀκούσας
1355 868 1428 924 τὴν
1456 874 1530 912 τοῦ
1552 867 1706 925 Τιγρά-

244 957 340 992 νου,
371 938 590 995 Ἀρμενίων
607 937 830 993 βασιλέως,
865 935 1066 979 ἀπώλειαν
1087 938 1152 979 καὶ
1171 938 1245 992 τὴν
1267 942 1341 980 τοῦ
1360 939 1581 992 Πομπηίου
1603 935 1703 981 Μά-
1718 949 1761 984 10

96 1021 129 1055 Ο
153 1018 222 1054 272
244 1025 340 1065 γνου
370 1006 456 1049 κατ’
487 1006 615 1048 αὐτοῦ
646 1007 784 1061 νίκην,
820 1005 955 1047 ἐλθὼν
986 1005 1088 1061 πρὸς
1115 1004 1187 1047 τὸν
1214 1003 1434 1059 ,Πομπήιον
1461 1005 1705 1062 προσέπεσεν

243 1076 355 1134 αὐτῷ
368 1107 383 1128 ,
434 1072 605 1128 αἰτήσας
648 1073 774 1117 αὐτὸν
814 1073 1037 1115 ἀναδοῦναι
1075 1072 1187 1131 αὐτῷ
1218 1073 1292 1128 τὴν
1322 1075 1532 1127 βασιλείαν
1562 1073 1702 1117 αὐτοῦ.

244 1143 356 1192 ὅστις
386 1140 606 1197 Πομπήιος
636 1143 916 1198 παρακληθεὶς
952 1141 1148 1183 ἀνέδωκεν
1190 1141 1301 1199 αὐτῷ
1325 1139 1446 1183 πάλιν
1476 1141 1551 1196 τὴν
1582 1146 1705 1196 βασι-

242 1213 353 1254 λείαν
381 1214 456 1264 τῆς
475 1211 629 1265 Συρίας
650 1212 717 1252 καὶ
735 1209 810 1264 τὴν
830 1209 1017 1252 Κιλικίαν
1047 1211 1113 1251 καὶ
1134 1206 1266 1251 πάντα
1287 1207 1364 1251 ὅσα
1390 1216 1545 1263 κατεῖχε
1565 1207 1706 1267 πρῴην

246 1278 268 1322 ὃ
299 1278 422 1327 αὐτὸς
447 1277 664 1331 Ἀντίοχος.
736 1279 801 1318 καὶ
830 1281 882 1333 τῇ
910 1275 969 1319 ιθ’
1000 1280 1074 1318 τοῦ
1103 1278 1262 1319 ὃαισίου
1283 1277 1410 1332 μηνὸς
1441 1278 1617 1333 ἐξῆλθεν
1639 1279 1702 1320 ἐπὶ
1719 1289 1761 1325 15

192 1353 223 1387 Β
247 1347 320 1402 τὴν
347 1346 556 1402 Αἴγυπτον
573 1345 653 1388 ἀπὸ
669 1345 910 1398 Ἀντιοχείας
928 1342 949 1386 ὅ
969 1342 1188 1399 Πομπήιος
1201 1357 1210 1367 ·
1247 1347 1313 1387 καὶ
1331 1346 1563 1399 ἐβασίλευσε
1584 1343 1707 1388 πάλιν

245 1414 268 1458 ὃ
290 1413 413 1463 αὐτὸς
433 1414 636 1467 Ἀντίοχος
659 1411 679 1456 ὃ
699 1412 909 1456 Μακεδὼν
935 1410 955 1454 ὃ
973 1413 1203 1460 Διονίκους.

340 1482 408 1524 Ἐν
431 1487 518 1531 τοῖς
537 1481 675 1531 αὐτοῖς
695 1476 766 1523 οὖν
782 1478 944 1536 χρόνοις
967 1475 1017 1534 ἦν
1038 1477 1058 1522 ὃ
1079 1479 1262 1536 Κικέρων
1282 1482 1348 1523 καὶ
1366 1478 1392 1523 ’ὅ
1413 1478 1702 1533 Σαλλοόστιος,

244 1550 283 1592 οἶ
302 1547 536 1606 σοφώτατοι
551 1547 760 1604 Ῥωμαίων
779 1549 955 1603 ποιηταί.

342 1615 390 1660 Ὅ
412 1618 456 1659 δὲ
484 1617 675 1671 βασιλεὺς
701 1616 903 1670 Ἀντίοχος
934 1613 955 1657 ὅ
978 1614 1193 1664 Διονίκους
1218 1614 1376 1669 μέλλων
1405 1619 1595 1658 τελευτᾶν
1628 1628 1761 1663 aea-20

244 1684 376 1728 τέλιπε
405 1683 540 1727 πάντα
561 1685 615 1727 τὰ
641 1683 708 1726 ὕπ’
732 1684 857 1727 αὐτὸν
881 1681 1092 1737 Ῥωμαίοις
1109 1683 1212 1737 μετὰ
1241 1687 1323 1725 τῶν
1342 1681 1608 1738 ὑπαρχόντων
1630 1685 1707 1726 αὖ·
1731 1718 1733 1721 .

102 1763 134 1797 O
157 1762 226 1799 273
249 1757 337 1796 τοῦ.
405 1753 508 1807 μετὰ
528 1749 599 1796 οὖν
618 1753 692 1807 τὴν
718 1751 905 1806 τελευτὴν
921 1748 1127 1805 Ἀντιόχου
1159 1754 1232 1793 τοῦ
1263 1751 1463 1803 βασιλέως
1495 1751 1650 1807 γέγονεν
1679 1751 1704 1807 ἦ

239 1818 460 1875 Ἀντιόχεια
482 1818 507 1875 ἦ
530 1818 683 1876 μεγάλη
706 1818 786 1863 ὑπὸ
806 1818 1030 1874 Ῥωμαίους
1054 1819 1121 1860 καὶ
1142 1822 1254 1861 πᾶσα
1273 1817 1298 1873 ἢ
1314 1816 1432 1875 χώρα
1458 1823 1531 1874 τῆς
1553 1821 1706 1876 Συρίας

339 1941 373 1974 1.
398 1935 508 1980 οὗτος
531 1940 617 1982 Ch.‚
644 1936 762 1980 οὕτως
785 1940 853 1974 Ox.
955 1939 1011 1975 15.
1035 1937 1204 1983 δαισίου]
1229 1937 1365 1974 Δεσίου
1389 1937 1457 1972 Ox.
1555 1939 1614 1976 21.
1637 1936 1704 1974 αὖ·

337 1987 408 2020 τοῦ
430 1986 495 2019 eh.
510 2010 522 2028 ‚
544 1984 667 2021 αὐτῶν
691 1986 758 2020 Ox.

248 2090 335 2125 mine
368 2100 427 2124 suo
452 2089 595 2133 Byblum
619 2088 851 2134 appellavitz)
887 2087 942 2123 hic
964 2087 1118 2133 inquam,
1154 2090 1280 2123 statuas
1303 2085 1376 2121 illas
1398 2084 1586 2128 mirandas,
1622 2097 1705 2131 quas

249 2136 327 2170 olim
348 2135 507 2168 Seleucus
530 2134 608 2167 Jovi
632 2135 822 2176 Ceraunio,
857 2140 892 2168 et
915 2135 1093 2168 Minervae
1116 2138 1295 2188 posuerat,
1338 2133 1381 2166 ab
1405 2131 1620 2166 Antiochenis
1641 2132 1706 2166 im·-

249 2183 422 2226 petratas‚
456 2180 594 2213 Romam
617 2180 817 2221 transmisit,
848 2180 896 2214 ibi
920 2180 955 2212 in
980 2179 1150 2224 Capitolio
1188 2178 1417 2212 collocandas:
1455 2181 1493 2210 ut
1517 2189 1604 2222 quae
1626 2190 1705 2222 spe-

248 2230 342 2260 ctatu
367 2224 580 2259 admirandae
604 2229 730 2266 essent,
770 2225 1062 2269 Romanarumque
1084 2223 1311 2258 Victoriarum
1346 2222 1576 2256 Monumenta.
1623 2224 1704 2256 Sta-
1734 2254 1737 2258 .

248 2275 330 2304 tuae
353 2276 464 2304 autem
494 2270 581 2303 istae
603 2280 708 2313 usque
732 2270 843 2303 adhuc
866 2270 993 2304 Romae
1016 2270 1192 2310 visuntur,
1228 2270 1316 2302 hunc
1338 2268 1373 2302 in
1396 2267 1527 2302 modum
1551 2279 1572 2301 a
1594 2268 1705 2312 Byblo

247 2316 442 2361 inscriptae.
488 2315 653 2349 Romanis
674 2316 900 2360 gratfflcans,
931 2316 1057 2350 statuis
1073 2316 1163 2349 hisce
1183 2326 1239 2348 eos
1258 2314 1402 2348 donavit
1417 2314 1564 2358 populus
1580 2311 1704 2347 Antio-

249 2363 383 2396 chenus

341 2405 525 2440 Antiochus
549 2415 630 2439 vero
654 2404 834 2445 Dionicus‚
868 2405 924 2439 ubi
948 2405 1133 2440 inaudisset
1157 2404 1362 2449 Tigranem,
1394 2402 1625 2437 Armeniorum
1647 2415 1706 2438 re-

251 2463 346 2495 gem,
371 2463 391 2485 a
414 2450 575 2496 Pompeio
598 2461 720 2495 magno
743 2450 962 2495 profligatum
986 2450 1104 2492 fuisse,
1124 2450 1319 2494 Pompeium
1343 2448 1435 2488 adit3
1467 2453 1503 2482 et
1525 2447 1704 2494 procidens

253 2497 285 2530 ei
309 2497 353 2530 ad
375 2496 497 2540 pedes,
533 2495 690 2539 rogavit,
725 2495 775 2529 uti
798 2507 935 2539 regnum
959 2495 1022 2530 sibi
1044 2507 1136 2529 suum
1159 2495 1328 2529 redderet.
1374 2493 1500 2527 Annuit
1523 2494 1608 2529 votis
1632 2494 1702 2539 ejus

251 2542 450 2585 Pompejus:
495 2545 531 2574 et
555 2552 710 2575 concesso
735 2541 767 2574 ei
788 2539 910 2574 iterum
933 2541 1057 2584 Syriae
1079 2552 1206 2584 regno,
1240 2536 1392 2573 Ciliciam
1417 2539 1539 2580 etiam,
1575 2551 1704 2584 suaque

251 2586 361 2620 omnia
384 2587 416 2620 ei
439 2586 602 2626 restituit,
649 2583 775 2620 Mensis
806 2585 914 2630 igitur
936 2585 1025 2619 Junii
1049 2585 1105 2619 die
1127 2596 1204 2625 XIX,
1241 2583 1434 2618 discedente
1457 2586 1500 2618 ab
1524 2584 1703 2620 Antiochia

251 2630 285 2664 in
309 2634 500 2677 Aegyptum
525 2632 605 2665 Pom
633 2631 706 2673 eio,
728 2642 841 2665 rursus
863 2630 1021 2675 regnavit
1043 2629 1226 2664 Antiochus
1249 2629 1406 2664 Dionicus
1431 2630 1587 2664 Macedo.

343 2677 445 2711 Hisce
469 2677 612 2721 tempori
638 2689 674 2711 us
695 2675 881 2712 floruerunt
903 2676 1024 2710 Cicero
1049 2680 1086 2710 et
1108 2674 1289 2717 Salustius,
1322 2675 1556 2720 sapientissimi
1579 2674 1703 2710 Roma-

254 2730 368 2755 norum
392 2723 534 2755 Poetae.

345 2767 529 2800 Moriturus
570 2770 680 2802 autem
721 2767 900 2802 Antiochus
944 2765 1104 2802 Dionicus
1141 2764 1314 2810 imperium
1352 2766 1597 2810 facultatesque
1626 2775 1702 2799 suas

254 2821 366 2844 omnes
398 2811 554 2845 Romanis
585 2811 723 2857 legavit.
779 2813 833 2847 Eo
865 2813 981 2857 itaque
1017 2812 1211 2852 demortuo,
1248 2811 1399 2845 Romano
1430 2811 1572 2856 imperio
1603 2810 1702 2845 cessit

255 2855 436 2891 Antiochia
459 2868 598 2901 magna,
635 2857 805 2904 omnisque
828 2857 929 2903 Syria
952 2861 988 2893 et
1017 2856 1158 2899 Cilicia3
1196 2857 1332 2902 insuper
1355 2856 1455 2892 etiam
1478 2856 1701 2902 quodcunque
