1838 3230
310 187 410 233 732
913 179 1185 224 BENTLEII

309 292 638 350 peram'cepisse:
679 299 718 334 et
745 293 1023 346 praestabilius
1051 295 1111 333 es¹t
1133 296 1330 347 receptam
1363 293 1687 348 Harpocrationis
1704 292 1779 334 le*-v

312 353 480 392 ctionem
502 358 647 390 sartam
666 357 705 389 et
722 356 864 388 tectam
882 350 1000 389 tueri.
1055 351 1204 402 Nempe
1233 358 1279 390 ut
1310 351 1493 403 suspicor
1513 341 1763 402 libri'Epige-

311 410 373 447 nis
394 422 482 447 cum
505 408 611 446 Ionis
634 407 789 458 scriptis
821 406 1023 458 conjuncti
1051 407 1301 446 serebantur:
1331 408 1367 445 Is
1391 407 1492 446 enim
1520 409 1764 446 commenta-

311 466 415 504 rium
435 466 582 503 fecerat
597 465 638 501 in
657 464 762 501 Ionis
783 463 1043 512 Tragoedias3
1073 464 1182 514 quod
1209 463 1306 502 scias
1327 477 1376 501 ex
1396 462 1595 502 Athenaeo
1617 462 1686 502 lib.
1706 475 1763 501 xx.

315 536 401 573 cap.
420 535 460 560 v.
491 527 536 559 ut
554 519 655 558 nihil
681 519 771 556 miri
801 518 870 568 sit,
897 519 930 556 si
961 519 1211 557 librariorum
1238 520 1304 570 qui
1327 520 1455 557 omnia
1473 519 1707 571 perturbant
1726 524 1766 557 et

312 579 502 626 miscent,
553 576 620 615 alii
655 581 842 627 tanquam
879 575 984 614 Ionis
1033 572 1254 629 Τριαγμοῦς
1288 575 1579 627 inscripserint,
1612 574 1687 614 'alii
1719 579 1766 612 ut

309 633 506 686 EpigeniS.
1488 660 1490 662 .
1561 628 1564 631 '
1687 672 1692 679 ‚

424 690 518 739 Pag.
551 690 643 730 181.
703 686 783 726 Καὶ
811 683 904 736 μετὰ
933 686 1085 726 Μίνωα
1100 682 1254 734 Αὕλέας
1282 684 1491 740 τραγικούς
1512 683 1656 740 χοροΰς
1668 686 1764 738 δρα-

314 742 448 800 μάτων
470 740 758 796 συνεγράψατο.
787 743 1005 780 Permirum
1035 743 1200 780 sortasse
1222 742 1422 793 videatur,
1453 743 1553 781 Milli
1581 741 1765 780 doctissi-

314 816 389 850 me,
419 801 682 839 tenebrionem
703 800 813 837 illum
836 799 999 836 Auleam
1019 813 1093 850 pro
1111 797 1304 849 Aeschylo
1323 814 1344 837 a
1363 799 1511 837 Joanne
1538 798 1628 839 dici.
1658 796 1767 844 Quid

317 865 443 897 autem
470 856 736 895 admirationis
756 855 896 903 habet,
925 869 1013 893 cum
1039 855 1079 892 in
1104 854 1291 892 memoria
1325 855 1412 906 quis
1438 860 1570 893 teneat
1593 860 1655 892 tot
1670 853 1766 890 alias

314 913 645 953 hallucinationes
667 911 861 949 hominis‘?
891 911 1018 949 Etiam
1037 925 1074 962 p.
1091 913 1158 952 73.
1178 911 1319 948 citatur
1346 907 1501 958 Αὕλέας
1523 909 1546 952 ἆ
1576 905 1766 959 σοφώτα-

313 987 380 1018 τος
410 971 460 1008 de
491 968 754 1020 Endymione,
799 981 913 1018 quem
942 967 984 1005 in
1009 973 1141 1005 monte
1163 967 1298 1004 Cariae
1317 967 1424 1004 Luna
1449 965 1693 1017 consopivit,
1721 970 1767 1002 ut

315 1041 406 1066 eum
427 1025 686 1064 dormientem
705 1024 962 1062 oscularetur.
1019 1022 1208 1074 Suspicor
1235 1029 1273 1060 et
1299 1021 1364 1060 hic
1386 1036 1543 1074 quoque
1559 1020 1768 1071 significari

315 1082 577 1134 Aeschylum,
608 1081 674 1131 qui
700 1081 741 1118 in
771 1080 901 1117 fabula
938 1078 1103 1117 Caribus
1130 1079 1211 1116 sive
1238 1077 1397 1130 Europa
1429 1092 1510 1116 non
1534 1079 1664 1130 potuit
1687 1090 1768 1115 non

317 1153 400 1178 eam
421 1138 624 1176 historiam
646 1136 847 1186 attingere.
905 1135 1012 1173 Illud
1040 1141 1168 1172 autem
1204 1148 1319 1185 quam
1347 1135 1462 1184 longe
1484 1133 1593 1172 abest
1615 1147 1638 1171 a
1658 1146 1767 1180 vero,

318 1194 427 1245 quod
455 1192 694 1243 Aeschylum
722 1199 854 1230 narrat
879 1193 1048 1242 primum
1087 1190 1301 1228 instituisse
1334 1189 1475 1229 choros
1504 1189 1699 1240 tragicos?
1735 1190 1768 1228 E

317 1251 475 1288 diverso
500 1255 632 1300 partes
661 1247 792 1296 chori,
833 1254 946 1285 autea
977 1261 1092 1298 quam
1119 1245 1339 1298 Aeschylus
1363 1245 1582 1296 tragoedias
1609 1245 1768 1294 faceret,

319 1313 433 1345 erant
463 1306 586 1343 altero
610 1310 720 1342 tanto
748 1304 965 1353 longiores,
996 1316 1113 1354 quam
1140 1308 1243 1354 post.
1303 1302 1379 1340 Sed
1403 1316 1447 1341 ea
1464 1315 1527 1340 res
1543 1301 1618 1340 nisi
1638 1301 1770 1352 pluri-

318 1363 394 1400 bus
417 1361 548 1399 verbis
572 1358 758 1411 explicari
776 1373 854 1396 non
873 1365 1021 1409 potest:
1050 1365 1130 1396 tota
1160 1358 1240 1396 sere
1266 1371 1402 1396 scenae
1422 1358 1522 1396 ratio
1548 1363 1588 1396 et
1604 1356 1770 1396 historia

318 1425 378 1456 est
396 1417 645 1455 illustranda:
677 1416 900 1466 complures
920 1421 1099 1452 autorum
1121 1414 1199 1451 loci
1224 1426 1300 1466 qua
1319 1413 1561 1463 corrigendi,
1591 1426 1668 1464 qua
1695 1426 1770 1451 no-

318 1487 371 1512 vo
390 1473 506 1512 modo
530 1471 833 1523 interpretandi:
863 1471 976 1508 multi
1004 1483 1155 1522 errores
1182 1469 1407 1519 amovendi,
1432 1469 1512 1520 jam
1541 1469 1627 1520 ipsa
1652 1474 1768 1506 vetu-

321 1537 420 1568 state
446 1530 534 1567 cani
562 1535 600 1566 et
625 1527 879 1567 venerabiles
934 1527 1058 1564 Nemo
1084 1525 1185 1563 enim
1208 1538 1310 1563 unus
1330 1539 1381 1562 ex
1401 1524 1565 1563 cohorte
1582 1523 1768 1562 Erudito-

319 1600 429 1635 rum,
461 1585 530 1636 qui
552 1585 592 1622 in
613 1598 658 1622 eo
682 1588 910 1633 argumento
930 1588 1133 1633 tantopere
1153 1581 1402 1630 laborarunt,
1431 1581 1531 1618 scire
1547 1579 1676 1618 adhuc
1695 1593 1771 1631 po-

318 1643 417 1689 tuit,
449 1641 546 1692 quid
565 1639 750 1691 Thespis,
780 1639 876 1690 quid
905 1637 1123 1688 Aeschylus
1154 1643 1192 1675 et
1219 1636 1433 1688 Sophocles
1460 1636 1630 1675 inventis
1653 1636 1771 1674 addi-

320 1699 479 1737 derunt.
537 1698 674 1746 Itaque
698 1702 778 1734 tam
800 1695 934 1733 odiosa
964 1693 1248 1745 disceptatione
1284 1693 1647 1743 patientercarere
1670 1705 1772 1743 pos·-

322 1756 374 1792 sis
399 1755 439 1792 in
460 1753 698 1805 praesentia:
727 1753 806 1788 imo
834 1764 975 1789 vereor
1006 1757 1051 1788 ut
1072 1751 1169 1788 citra
1193 1749 1391 1787 fastidium
1414 1748 1618 1799 epistolam
1638 1748 1772 1799 perle-

199 1815 232 1848 Ο
256 1814 303 1849 70
327 1825 393 1859 gas
415 1811 528 1848 etiam
551 1809 696 1859 absque
719 1807 792 1845 ista
820 1809 1107 1845 concertatione
1129 1805 1291 1843 nimium
1319 1805 1534 1856 loquacem.
1590 1804 1653 1843 Me
1683 1805 1770 1855 qui-

321 1867 409 1905 dem
431 1873 472 1904 et
493 1878 624 1904 morae
647 1870 868 1916 pertaesum
893 1870 950 1902 est
970 1869 1009 1901 et
1025 1863 1271 1913 ineptiarum.

434 1923 524 1972 Pag.
555 1920 652 1962 214.
692 1914 952 1972 μΣτησίχορος
981 1918 1050 1958 καὶ
1080 1918 1346 1970 Βακχυλίδης,
1377 1917 1417 1956 οἳ
1446 1909 1551 1967 ἦσαν
1577 1910 1773 1967 ὀρχήσεως

324 1977 476 2027 &viperei
502 1977 571 2016 καὶ
595 1976 767 2026 ποιηταί.
827 1976 933 2022 Quid
962 1975 1129 2012 narras?
1169 1974 1351 2011 nimirum
1382 1978 1516 2011 nostra
1539 1985 1610 2009 nos
1639 1969 1771 2021 opinio

323 2034 487 2081 fefellit,
519 2034 586 2083 qui
607 2032 845 2069 credidimus
863 2040 901 2071 te
926 2030 1153 2068 Antiochiae
1176 2043 1258 2067 esse
1275 2035 1420 2067 natum.
1477 2026 1675 2078 Siquidem
1697 2038 1773 2062 au·-

326 2098 392 2128 tor
433 2096 491 2127 est
522 2088 716 2125 Lucianus
747 2086 1026 2125 Antiochenses
1054 2087 1101 2124 de
1134 2085 1383 2123 saltatoribus
1422 2084 1565 2135 optime
1602 2081 1774 2119 omnium

324 2146 505 2198 judicare
523 2143 718 2195 potuisse:
747 2150 786 2181 te
806 2150 935 2181 autem
955 2156 1042 2181 curn
1063 2143 1226 2181 aliarum
1245 2141 1439 2188 omnium,
1469 2146 1552 2176 tum
1573 2137 1690 2189 hujus
1710 2150 1774 2175 ar·-

326 2203 379 2239 tis
398 2199 725 2253 imperitissimum
743 2199 931 2239 videmus.
992 2201 1099 2250 Rogo
1117 2205 1178 2248 te,
1210 2197 1329 2235 homo
1349 2195 1548 2233 hominum
1569 2193 1775 2244 ignavissi-

329 2258 445 2304 sime,
484 2269 732 2306 nunquamne
768 2256 1163 2306 Sacraschripturas
1191 2251 1404 2292 lectitasti‘?
1440 2263 1569 2288 nonne
1597 2249 1653 2286 ibi
1691 2250 1775 2287 fre-

325 2327 453 2365 quens
476 2312 700 2350 Saltationis
717 2311 862 2349 mentio
888 2311 959 2347 diu
987 2311 1156 2361 diuque,
1188 2315 1394 2359 antequam
1417 2305 1663 2344 Stesichorus
1685 2319 1774 2343 nas-

330 2370 515 2407 ceretur‘?
549 2367 672 2419 quid'?
701 2381 750 2405 ne
768 2367 982 2405 Homerum
1002 2367 1160 2418 quidem
1189 2379 1262 2418 per
1285 2371 1531 2402 transennam
1560 2361 1774 2414 aspexisti?

325 2425 406 2478 jam
426 2438 517 2476 ergo
535 2437 623 2462 eum
640 2424 775 2462 audias
794 2424 906 2461 licet:

551 2477 775 2532 Oqfflovdg,
803 2475 934 2531 μολπή
954 2491 1016 2527 τε,
1044 2474 1166 2531 τοίπερ
1185 2474 1222 2517 τ’
1242 2473 1482 2527 ἀναθήματα
1500 2469 1640 2522 δαιτός.

549 2539 663 2590 Ange
687 2534 757 2586 μὲν
778 2533 853 2588 γάρ
877 2533 994 2574 ἔδωκε
1011 2531 1107 2581 θεὸς
1123 2531 1318 2586 πολεμήϊα
1343 2531 1456 2584 ἔργα,

547 2595 662 2646 Αλλῳ
682 2587 724 2631 δ’
753 2587 947 2643 ὀρχηστῦν
961 2620 971 2639 ,
1002 2589 1116 2644 ἑτέρῳ
1134 2591 1297 2642 κίθαριν
1316 2588 1384 2627 καὶ
1406 2583 1561 2638 ἀοιδήν.

329 2647 421 2685 Scio
446 2653 598 2697 tamen,
640 2647 738 2697 quid
766 2647 808 2685 in
838 2646 1015 2684 fraudem
1043 2652 1082 2683 te
1106 2646 1283 2697 impulit3
1322 2657 1463 2694 nempe
1493 2655 1635 2680 nomen
1659 2639 1777 2678 Stesi-

329 2702 464 2750 chori,
496 2709 681 2754 tanquam
701 2705 734 2740 si
755 2703 904 2754 primus
928 2697 1115 2752 ἐστήσατο
1134 2697 1295 2753 χορούς·
1326 2706 1366 2737 et
1387 2705 1563 2750 poemata
1587 2697 1778 2748 quaedam

332 2757 606 2809 Bacchylidis,
638 2772 736 2808 quae
769 2755 1038 2811 Τπορχήματα
1057 2757 1245 2809 inscripta
1265 2762 1376 2806 sunt,
1410 2762 1448 2794 et
1475 2770 1496 2792 a
1528 2754 1691 2791 Stobaeo
1724 2752 1778 2788 ci-

333 2820 488 2864 tantur,
529 2822 569 2854 et
598 2814 798 2854 Athenaeo
830 2816 898 2853 lib.
934 2827 1019 2854 xxv.
1050 2816 1095 2853 H
1120 2810 1162 2853 δ’
1194 2807 1493 2866 »ὑπορχηματική
1527 2810 1652 2859 ἐστιν,
1685 2806 1727 2848 ἐν
1750 2800 1779 2860 ᾗ
