1838 3230
624 146 949 192 PROLEGOM
955 147 1080 194 ENA.
1460 169 1583 196 xxv11

122 260 232 304 illius
259 262 452 306 Chronico
478 261 587 319 quod
614 264 754 318 incipit
777 279 802 303 a
827 265 1024 318 principio
1057 265 1264 306 creationis
1292 262 1441 305 mundi.
1498 265 1584 304 Me-

120 339 329 372 morantur
351 333 548 385 Excerpta
573 332 709 371 eadem
735 334 844 386 apud
864 331 1066 373 Analecta
1093 347 1142 372 ex
1171 334 1347 388 ejusdem
1367 332 1584 372 Bibliothe-

121 413 191 439 cae
211 400 405 453 catalogis
428 398 696 452 Labbaeana,·
725 407 764 440 et
793 400 841 440 ab
863 401 1127 441 eruditissimo
1149 402 1382 456 Defresnio,
1411 402 1453 439 in
1471 401 1583 440 Notis

121 465 172 505 ad
201 465 424 508 Chronicon
462 466 599 523 (quod
631 466 842 524 inscribit)
872 467 1086 521 Pasa-hale,
1115 470 1319 522 aliquoties
1356 469 1583 509 laudantur.

119 535 182 575 Ex
201 534 314 588 cujus
337 536 498 589 quidem
518 536 793 586 citationibus,
823 550 925 588 quae
946 538 1106 576 Autoris
1136 538 1323 577 exhibent
1341 538 1485 589 verba,
1514 538 1582 577 de-

117 601 400 655 prehenditur,
431 618 520 644 cum
540 605 698 644 diversa
720 618 803 644 esse
821 605 1019 655 Excerpta
1045 606 1119 644 ista
1138 606 1187 644 ab
1209 606 1420 659 Excerptis
1441 621 1584 659 supra-

118 669 234 717 dictis
258 668 614 718 Constantinianis‘,
655 678 740 712 tum
775 673 893 712 etiam
917 672 1283 726 chronographiam
1310 674 1426 714 istam
1453 690 1474 713 a
1511 689 1583 714 no-

117 743 199 776 stra
219 737 448 778 Maleliana
468 740 586 779 fuisse
606 739 819 782 diversam.
877 740 912 779 A
935 741 1072 779 elaris.
1093 740 1311 789 Salmasio,
1339 743 1380 780 in
1400 743 1512 782 Notis
1533 742 1583 780 ad

119 803 338 859 Scriptores
364 806 569 848 Historiae
596 808 824 862 Augustae,
853 815 894 848 et
920 809 960 847 in
994 806 1194 848 Plinianis
1222 807 1584 850 Exercitationibus

116 873 159 911 in
187 871 393 924 Solinum,
431 882 471 915 et
495 877 675 916 similiter
703 891 723 915 a
752 876 885 917 Leone
908 874 1068 917 Allatio
1096 875 1136 913 in
1165 875 1278 914 Notis
1308 877 1359 916 ad
1387 877 1585 917 Eustatliii

116 938 358 982 Antiocheni
378 941 670 994 Hexaemeron,
700 945 983 998 producuntur
1002 943 1208 994 complura
1229 943 1315 983 loca
1337 958 1386 983 ex
1409 944 1471 982 J0.
1491 945 1582 984 An-

117 1007 294 1049 tiocheno
325 1010 437 1061 (sive
459 1012 747 1064 Antiochensi)
779 1012 870 1066 περὶ
898 1009 1198 1064 ἆρχαιολογίαςε
1227 1011 1304 1051 hoc
1333 1026 1492 1064 quoque
1517 1012 1583 1051 di-

114 1086 276 1114 versum
296 1077 418 1118 fuisse
439 1094 460 1118 a
479 1079 644 1120 Ioannis
669 1081 798 1120 nostri
822 1078 1002 1121 Malelae
1022 1078 1370 1132 Chronographia,
1401 1080 1583 1131 quamvis

117 1150 156 1182 et
177 1145 246 1184 illa
270 1146 371 1198 Περὶ
392 1149 680 1202 Αρχαιολογίας
698 1162 780 1188 non
794 1147 1014 1200 improprie
1039 1147 1172 1200 possit
1198 1147 1382 1197 inscribi,
1414 1161 1516 1200 quae
1535 1161 1585 1185 ex

116 1226 162 1251 eo
188 1213 232 1252 in
255 1214 430 1254 medium
458 1215 698 1264 afferuntur,
734 1217 985 1255 manifestum
1011 1215 1206 1258 redditur.
1265 1218 1315 1255 Ut
1334 1216 1492 1254 omnino
1513 1217 1584 1254 fal-

114 1280 250 1320 lantur
262 1283 406 1323 eruditi
424 1283 485 1323 illi
495 1284 591 1335 Viri,
616 1285 683 1337 qui
697 1286 885 1338 integrum
900 1285 1010 1336 Opus
1022 1282 1188 1324 Joannz's
1207 1284 1331 1323 nostri
1343 1282 1521 1324 Malelae
1540 1285 1582 1323 in

117 1350 248 1389 Gallia
276 1351 490 1392 etiamnum
517 1353 669 1393 servari
701 1353 775 1405 (id
803 1353 906 1392 enim
937 1352 985 1390 ab
1017 1351 1217 1404 aliquibus
1242 1350 1406 1406 accepi)
1435 1352 1581 1392 docue-

115 1424 223 1460 runt.
279 1418 328 1460 Id
348 1421 429 1460 illis
450 1420 559 1460 haud
580 1421 702 1460 dubio
727 1421 859 1459 fraudi
878 1427 985 1470 erat,
1016 1420 1081 1459 vel
1114 1420 1220 1472 quod
1242 1420 1353 1473 Opus
1381 1420 1486 1474 Περὶ
1501 1425 1584 1475 Αρ-

112 1489 338 1542 χαιολογίας
365 1502 456 1528 cum
479 1488 676 1528 Chronico
703 1487 929 1530 Maleliano
966 1487 1070 1526 idem
1107 1502 1191 1527 esse
1226 1489 1478 1541 putaverint,
1517 1492 1583 1530 vel

114 1556 224 1607 quod
242 1557 311 1596 illa
330 1557 542 1611 Excerpta,
573 1572 672 1610 quae
697 1564 834 1597 extant
855 1557 895 1595 in
918 1555 1062 1594 Codice
1077 1557 1194 1607 Regis
1215 1557 1445 1607 Galliarum,
1481 1571 1584 1610 opus

111 1625 307 1676 integrum
333 1626 476 1678 fuisse,
508 1633 547 1666 et
577 1627 706 1665 nostri
738 1625 922 1674 Autoris,
954 1623 1211 1663 crediderint.
1268 1625 1348 1663 Pro
1373 1631 1481 1663 certo
1504 1638 1585 1663 me-

111 1689 275 1732 hercule
295 1693 375 1733 hoc
394 1701 561 1746 constat,
589 1709 639 1734 ne
665 1694 739 1747 ipsi
761 1695 966 1732 Gallorum
987 1691 1229 1740 doctissimo,
1259 1691 1483 1744 percelebri
1523 1692 1585 1730 illi

111 1759 349 1816 Dufresnio‚
385 1766 442 1818 τῷ
469 1761 733 1818 χαλκεντὲρῳ,
774 1763 815 1800 in
847 1775 985 1800 manus
1014 1773 1187 1810 unquam
1226 1761 1381 1798 venisse
1418 1758 1583 1798 Joannis

112 1828 240 1867 nostri
270 1828 518 1882 Chronicon3
549 1831 616 1882 qui
645 1837 777 1868 tamen
804 1830 971 1868 fortasse
993 1828 1034 1866 in
1057 1827 1182 1866 codd.
1204 1827 1367 1866 Graecis
1384 1826 1494 1866 MSS.
1516 1840 1582 1864 su-

110 1909 186 1948 pra
199 1910 334 1936 omnes
345 1897 413 1950 huj
420 1911 465 1936 us
477 1899 561 1937 aevi
575 1898 760 1937 mortales
772 1904 951 1937 versatus
972 1901 1040 1935 est.
1071 1893 1259 1934 Joannem
1271 1891 1470 1935 Maletum
1483 1907 1581 1945 quo-

112 1963 346 2018 fiescunque
364 1966 399 2005 is
418 1972 723 2016 commemorat,
755 1962 827 2020 (ut
856 1967 952 2004 citat
985 1963 1144 2016 quidem
1167 1962 1376 2015 atiquoties
1404 1961 1445 2000 in
1467 1962 1581 2001 Notis

112 2031 163 2070 ad
184 2030 404 2073 Chronicon
432 2033 648 2084 Pas-chale,
681 2039 720 2072 et
743 2031 923 2072 Annales
945 2030 1112 2071 Joannis
1135 2032 1341 2081 Zonarae,
1372 2036 1411 2069 et
1430 2030 1468 2068 in
1490 2029 1579 2069 Me-

112 2097 202 2138 diae
231 2110 267 2139 et
297 2099 462 2156 Irfimae
494 2100 728 2141 Graecitatis
762 2098 989 2154 Glossario)
1027 2099 1252 2138 testimonia
1291 2098 1376 2151 ejus
1417 2098 1580 2137 aliunde

109 2181 191 2207 non
208 2168 421 2221 depromit,
451 2184 570 2222 quam
591 2183 641 2208 ex
661 2169 744 2207 aliis
762 2168 1043 2221 Scriptoribus‚
1075 2169 1143 2220 qui
1163 2167 1378 2220 Exemplar
1397 2172 1580 2204 nostrum

115 2234 339 2276 Oxoniense
360 2239 613 2287 evolverent,
644 2243 682 2276 et
701 2236 795 2276 inde
816 2238 1005 2276 nonnulla
1029 2242 1328 2288 excerpserant:
1360 2234 1465 2286 quod
1492 2234 1579 2286 ipse

109 2304 153 2344 in
184 2305 382 2358 aliquibus
411 2307 510 2346 locis
544 2312 678 2360 aperte
716 2304 940 2357 profitetur,
1008 2305 1146 2344 Utrum
1185 2304 1295 2357 Opus
1332 2303 1579 2356 praedictum

111 2370 279 2412 Ioannis
294 2373 537 2415 Antiocheni
560 2375 660 2429 Περὶ
679 2374 968 2428 Αρχαιολογίας
987 2373 1037 2411 sit
1058 2373 1163 2411 idem
1187 2386 1276 2411 cum
1298 2371 1494 2409 Chronico
1514 2377 1578 2409 to-

109 2439 184 2478 ties
214 2448 453 2491 memorato,
493 2442 609 2495 cujus
647 2441 754 2494 apud
782 2440 1030 2482 Constantini
1059 2438 1307 2480 collectanea
1333 2440 1411 2491 jam
1442 2445 1582 2478 extant

109 2505 332 2559 Excerpta,
373 2508 402 2546 ii
434 2509 576 2548 melius
606 2515 798 2561 poterunt
830 2509 1036 2562 judicare,
1077 2509 1220 2560 quibus
1259 2508 1376 2547 datur
1411 2508 1578 2546 facultas

112 2586 203 2613 cum
229 2573 340 2614 hisce
373 2576 476 2615 illud
502 2577 743 2618 conserendi.
817 2577 882 2615 Est
918 2577 1074 2615 interim
1107 2575 1316 2614 admodum
1346 2576 1579 2614 verisimile:

111 2641 170 2679 sic
199 2642 300 2682 enim
330 2641 517 2698 Iosephus
542 2645 757 2683 Historiam
789 2658 900 2683 suam
925 2644 1147 2692 Judaicam,
1178 2649 1215 2681 et
1236 2642 1287 2680 D.
1313 2641 1578 2684 Halicarnas-

110 2709 230 2747 sensis
258 2709 370 2762 Opus
398 2726 514 2750 suum
545 2712 743 2751 Historiae
786 2713 1004 2762 Romanae,
1044 2709 1335 2763 Αρχαιολογίαν
1367 2712 1578 2764 inscripse-

111 2782 229 2825 runt3
258 2790 427 2830 quorum
455 2780 716 2833 posteriorem
747 2780 820 2818 sub
856 2780 994 2829 titulo,
1026 2779 1207 2833 Dionysii
1234 2779 1338 2834 Περὶ
1359 2784 1578 2835 Αρχαιολο-
