1838 3230
481 127 1117 206 CHRONOGRAPms.
1177 127 1308 171 L.1[.
1565 134 1632 182 53

158 250 314 304 Θηβῶν
345 246 429 292 ἀπὸ
458 251 533 292 τοῦ
562 246 841 300 Ἐτεοκλέους,
881 247 1065 306 ἀδελφοῦ
1096 247 1246 301 αὐτοῦ,
1284 248 1470 304 ἀπῆλθεν
1501 251 1557 300 εἲς
1582 243 1630 294 τό

144 316 314 374 Ἄργος·
355 319 423 361 καὶ
454 314 625 374 ἠγάγετο
647 323 819 372 γυναῖκα
841 317 916 373 τὴν
938 318 1149 375 θυγατέρα
1163 316 1391 374 Ἀδράστου
1410 322 1485 362 τοῦ
1504 323 1630 373 βασι-

153 386 256 436 λέως
277 389 352 430 τοῦ
374 385 560 443 Ἄργους.
632 386 699 428 καὶ
734 385 1074 443 προτρεψάμενος
1103 386 1176 430 τὸν
1196 385 1427 444 Ἄδραστον
1453 389 1628 443 βασιλέα

153 457 222 498 καὶ
247 453 400 506 ἄλλους
415 458 600 509 βασιλεῖς
619 453 724 508 μετὰ
742 453 933 510 πλήθους
959 459 1140 512 στρατοῦ
1159 455 1264 498 κατὰ
1281 460 1355 499 τοῦ
1377 458 1483 500 ἰδίου
1506 456 1627 499 ἀδελ-

117 539 140 574 5
154 527 236 581 φοῦ
254 519 360 580 ἦλθε
378 523 486 567 κατὰ
505 527 588 567 τῶν
612 525 766 579 Θηβῶν
780 537 790 547 ·
828 524 867 566 οἶ
892 525 938 567 δὲ
969 525 1272 581 προτραπέντες
1301 527 1368 568 καὶ
1386 525 1471 579 μετ’
1495 526 1624 569 αὐτοῦ

149 590 537 650 ἐπιστρατεύσαντες
550 586 658 648 ἦσαν
678 591 810 646 αὐτοί,
822 592 1066 651 Ἄδραστος,
1091 591 1326 648 Καπανεύς,
1349 592 1618 652 Ἀμφιάραος,
1645 605 1679 638 E

149 659 464 720 Παρθενοπεῦς,
499 660 765 715 Ἱππομέδων.
828 664 896 704 καὶ
919 667 1004 706 τῶν
1026 660 1099 705 δύο
1122 662 1328 719 ἀδελφῶν,
1373 661 1428 713 ῶς
1454 664 1624 721 εἴρηται,

98 777 100 782 ,
147 728 498 786 τελευτησάντων,
523 727 787 787 ἀνεχώρησαν
809 731 847 773 οἱ
863 736 1046 785 βασιλεῖς
1062 731 1166 786 μετὰ
1186 736 1269 774 τῶν
1291 733 1405 774 ἰδίων
1425 750 1625 789 στρατευ-

146 796 292 854 μάτων
311 800 377 842 ἐπὶ
397 799 472 850 τὰς
492 799 628 843 αὐτῶν
642 796 808 855 χώρας,
847 802 914 842 καὶ
936 798 1067 856 ἐλύθη
1086 798 1111 855 ἧ
1134 801 1323 855 βασιλεία
1346 805 1429 844 τῶν
1453 805 1622 857 Θηβῶν,

93 866 238 923 Ῑοῆτοι
271 871 489 922 Βοιωτῶν,
539 873 804 922 κατασχοῦσα
835 868 904 924 ἔτη
937 868 1044 920 τξθ’.
1117 869 1169 911 τὰ
1203 870 1247 911 δὲ
1285 871 1624 927 προγεγραμμένα

146 941 281 980 ταῦτα
310 935 447 980 πάντα
477 935 498 981 ὃ
528 935 773 994 σοφώτατος
788 940 1069 995 Παλαίφατος
1087 937 1228 993 ἀληθῆ
1250 937 1427 988 ἐξέθετο.
1501 938 1523 982 ὁ
1542 940 1620 996 γὰρ

145 1004 392 1064 σοφώτατος
418 1006 643 1062 Εὐριπίδης
672 1011 891 1061 ποιητικῶς
922 1007 1085 1058 ἐξέθετο
1118 1008 1260 1063 δρᾶμα
1290 1008 1379 1063 περὶ
1401 1012 1474 1049 τοῦ
1499 1010 1615 1050 Οἶδί-
1641 1012 1672 1046 V
1695 1014 1743 1049 22

143 1077 274 1125 ποδος
299 1076 365 1117 καὶ
399 1079 473 1130 τῆς
497 1073 708 1130 Ἰοκάστης
729 1077 796 1117 καὶ
826 1080 900 1130 τῆς
921 1074 1112 1133 Σφιγγός.
1185 1075 1238 1118 τοὶ
1257 1075 1338 1132 γὰρ
1356 1080 1439 1118 τῶν
1466 1078 1620 1132 Θηβῶν

143 1147 332 1198 βασίλεια
348 1143 592 1201 Ἀφρικανὸς
609 1141 630 1186 ὅ
645 1142 933 1200 χρονογράφος
952 1146 1127 1195 ἐξέθετο.

36 1246 41 1249 »
90 1228 134 1263 15
243 1212 310 1255 Ἐν
332 1213 378 1255 δὲ
397 1219 484 1262 τοῖς
499 1212 690 1268 ἀνωτέρω
717 1214 1087 1269 προγεγραμμένοις
1116 1210 1328 1270 [χρόνοις]
1361 1213 1405 1256 ἐκ
1434 1218 1509 1268 τῆς
1537 1232 1618 1272 ‹pv-

142 1285 219 1337 λῆς
243 1285 318 1324 τοῦ
342 1279 492 1338 Ἰάφεθ
519 1280 716 1337 ἐγεννήθη
749 1279 770 1324 ὃ
800 1280 979 1338 Σερούχ·
1014 1281 1127 1332 ὅστις
1153 1281 1347 1339 ἐνήρξατο
1375 1287 1539 1339 πρῶτος
1568 1284 1616 1326 τὸ

141 1355 218 1394 τοῦ
238 1349 481 1406 ἔλληνισμοῦ
505 1348 708 1406 δόγματος
730 1350 798 1393 διὰ
829 1355 903 1405 τῆς
932 1353 1249 1408 εἰδωλολατρίας
1259 1383 1272 1404 ,
1307 1351 1453 1401 καθώς
1483 1352 1615 1395 Εὐσέ-

78 1479 82 1483 .
140 1425 232 1476 βιος
262 1417 285 1462 ὅ
316 1420 546 1479 Παμφίλου
577 1418 891 1477 συνεγράψατο,
931 1421 999 1463 διὰ
1031 1421 1079 1468 τὸ
1105 1420 1204 1470 τούς
1223 1418 1352 1466 πάλαι
1374 1422 1614 1478 γενομένους
1637 1427 1670 1462 Ο
1694 1427 1740 1464 64

233 1534 266 1570 1.
288 1527 526 1572 Ἐτεωκλὲους
548 1530 617 1565 Ox.
731 1529 765 1565 5.
790 1529 849 1574 οἳ]
876 1527 895 1565 ὁ
922 1532 990 1566 ox.
1106 1532 1138 1566 6.
1165 1527 1274 1565 αὐτοί
1283 1531 1297 1575 ]
1322 1530 1484 1564 Fortasse
1507 1542 1613 1576 prae-

229 1581 301 1614 stat
330 1571 448 1613 οὗτοι.
587 1577 670 1613 ibid.
712 1575 931 1621 Καπανεύς]
972 1576 1055 1620 καὶ,
1095 1574 1264 1616 ππανεῦς
1296 1576 1386 1617 Ox„
1431 1576 1494 1612 καὶ
1535 1580 1613 1612 Κοι-

229 1622 369 1665 amede
392 1623 460 1660 Ch.
574 1624 658 1658 ibid.
692 1618 890 1668 Ἀμφιάρος
918 1623 985 1658 Ox.
1100 1625 1133 1658 7.
1170 1619 1463 1667 Παρθενοπεὺς]
1489 1622 1613 1657 Scribe

229 1671 531 1714 Παρθενοπαῖος·
638 1670 693 1705 15.
726 1669 1079 1724 προγεγραμμένοις]
1103 1668 1249 1714 χρόνοις
1282 1668 1455 1714 supplevit
1479 1668 1543 1704 Ch.
1567 1680 1610 1703 ex

230 1717 390 1752 Cedreno
414 1727 447 1761 p.
471 1714 551 1756 45„
585 1714 646 1760 qui
676 1721 795 1760 postea
819 1715 867 1750 sic
890 1717 1026 1760 pergit:
1063 1712 1163 1758 όστις
1193 1715 1339 1759 πρῶτος
1368 1712 1503 1759 ἤρξατο
1539 1717 1609 1750 τοῦ

231 1761 450 1807 ἑλληνισμοῦ
479 1761 542 1796 καὶ
569 1761 638 1796 τοῦ
669 1760 854 1806 δόγματος
886 1763 951 1820 τῆς
985 1763 1274 1806 εἰδωλολατρίας.
1321 1761 1426 1804 Apud
1449 1761 1608 1796 Malalam

229 1809 379 1844 fortasse
399 1806 631 1843 scribendum:
655 1809 802 1850 πρῶτος
823 1807 893 1842 τοῦ
913 1810 1128 1853 ελληνισμοῦ
1152 1807 1216 1844 διὰ
1241 1807 1312 1843 τοῦ
1335 1805 1519 1852 δόγματος
1543 1809 1609 1850 τῆς

229 1856 300 1891 als.
394 1855 450 1890 16.
473 1850 627 1898 Ἰάφεθ]
652 1853 781 1888 Debuit
804 1852 900 1899 Σήμ.
936 1854 1138 1900 Disputavit
1160 1855 1203 1889 ‹le
1227 1855 1291 1888 hoe
1314 1865 1432 1888 errore
1455 1853 1607 1887 Schurz-

228 1899 398 1935 fleischius
419 1899 531 1934 Notit.
554 1898 643 1933 Bibl.
671 1899 786 1934 Vinar.
811 1911 845 1944 p.
869 1901 928 1936 52.
1021 1901 1074 1936 17.
1100 1898 1303 1948 Εὐσέβιος]
1336 1900 1469 1945 Nempe
1492 1899 1604 1933 Mala-

226 1947 357 1983 liunus:
389 1957 421 1980 v.
455 1945 562 1981 Hodii
595 1945 733 1991 Proleg.
759 1945 872 1981 XXV.
920 1945 1004 1982 Mai.
1029 1946 1073 1982 ad
1095 1947 1221 1983 Euseb.
1246 1959 1281 1994 p.
1306 1947 1384 1982 170.
1431 1945 1601 1981 Schurzfl.

225 1993 251 2030 1.
272 2005 303 2028 ε.
328 2004 363 2039 p.
387 1993 467 2028 296.

137 2097 243 2131 regno
268 2084 402 2132 pulsus,
434 2088 472 2119 et
494 2085 538 2118 ab
561 2083 643 2130 ipsis
667 2084 771 2119 etiam
793 2084 924 2120 Thebis
946 2086 1093 2130 ejectus3
1136 2086 1248 2130 Argos
1272 2085 1465 2130 profectus,
1496 2084 1602 2127 Argi-

137 2142 256 2167 vorum
279 2131 393 2176 regis,
427 2130 568 2166 Adrasti
590 2130 717 2172 filiam,
742 2131 776 2165 in
800 2142 940 2166 uxorem
963 2131 1071 2166 duxit.
1122 2132 1199 2173 Quo
1222 2131 1344 2172 etiam,
1369 2141 1504 2175 unaque
1528 2129 1601 2163 aliis

201 2177 296 2219 'bus‚
329 2178 365 2211 in
388 2177 551 2211 auxilium
582 2187 675 2210 suum
700 2177 858 2219 adscitis;
892 2189 1014 2223 magno
1036 2178 1224 2212 instructus
1258 2177 1433 2218 exercitu,
1470 2176 1506 2209 in
1528 2177 1601 2209 fra-

133 2228 244 2265 trem,
269 2223 478 2268 Thebasque
501 2233 597 2257 arma
616 2222 732 2257 movit.
780 2223 893 2268 Reges
917 2231 1049 2266 autem,
1074 2235 1216 2268 quorum
1234 2223 1364 2258 auxiliis
1387 2222 1420 2255 in
1446 2222 1511 2256 hoc
1527 2221 1600 2255 bel-

132 2269 168 2304 lo
191 2280 270 2304 usus
295 2273 364 2311 est,
399 2269 537 2303 fuerunt
558 2269 747 2311 Adrastus,
780 2267 979 2315 Capaneus,
1003 2269 1226 2315 Amphiarm,
1259 2270 1537 2313 Parthenopam,
1563 2271 1599 2300 et

132 2315 383 2361 Hippomedon.
421 2315 599 2349 Fratribus
623 2319 746 2356 autem,
769 2315 821 2349 uti
843 2327 946 2362 supra
968 2316 1107 2357 dictum,
1129 2316 1366 2361 pereuntibus3
1390 2313 1503 2358 Reges
1525 2323 1600 2347 cum

133 2360 341 2396 exercitibus
371 2360 456 2403 suis,
493 2360 638 2406 quisque
660 2361 695 2394 in
718 2361 890 2406 regionem
922 2374 1038 2404 suam,
1072 2367 1296 2396 recesserunt.
1346 2360 1452 2393 Tales
1476 2358 1594 2392 habuit

126 2405 244 2442 >exitus
268 2406 490 2449 Thebanum,
518 2407 591 2441 sive
614 2407 822 2441 Boeotorum
843 2419 1006 2452 regnum3
1029 2419 1104 2442 cum
1128 2408 1286 2441 durasset
1309 2417 1412 2440 annos
1432 2415 1592 2439 cccnxlx.

131 2452 205 2487 Ista.
226 2455 338 2486 autem
360 2453 474 2487 omnia
492 2451 645 2498 superius
668 2452 820 2494 tradita,
853 2454 953 2498 juxta
975 2453 1027 2488 rei
1050 2454 1256 2494 veritatem,
1290 2451 1397 2486 literis
1419 2449 1594 2485 mandavit

132 2497 395 2544 sapientissimus
424 2499 665 2544 Palaephatus.
714 2499 815 2540 Quae
846 2500 936 2534 enim
968 2499 1154 2545 Euripides
1185 2499 1220 2532 in
1251 2498 1415 2532 Dramate
1448 2508 1507 2531 suo
1547 2496 1591 2530 de

133 2543 292 2589 Oedipo,
331 2543 491 2586 heusta,
538 2549 574 2579 et
607 2543 761 2590 Sphinge
795 2545 949 2590 scripsit,
982 2545 1123 2581 Poetice
1153 2544 1375 2588 intelligenda
1403 2547 1490 2578 sunt.
1537 2541 1590 2577 De

132 2588 374 2668 Theganorum
396 2589 569 2636 Dynastiis
592 2591 786 2626 memoriam
808 2592 914 2626 habes
948 2591 1049 2627 etiam
1085 2591 1178 2637 apud
1213 2591 1409 2624 Africanum
1432 2588 1590 2623 Chrono-

128 2645 216 2681 μορ
243 2646 307 2669 um.

223 2679 450 2726 Temporibus
471 2685 584 2716 autem
607 2693 697 2726 quae
719 2682 874 2728 superius
896 2681 990 2717 dicta
1013 2686 1090 2717 sunt
1104 2680 1220 2716 extitit
1242 2681 1439 2723 Seruchus,
1464 2693 1507 2716 ex
1526 2681 1587 2715 Ja-

129 2724 228 2805 plheti
258 2726 367 2772 stirpe
396 2727 566 2762 oriundus.
612 2728 752 2763 Invexit
781 2729 838 2763 hic
872 2728 997 2763 cultum
1030 2727 1304 2768 Idololatriam,
1341 2726 1586 2772 dogmatisque‚

165 2771 325 2806 ellenismi
356 2770 458 2813 dicti,
495 2777 616 2808 auctor
646 2773 731 2808 fuit:
777 2774 831 2809 uti
862 2774 998 2820 scriptis
1030 2772 1175 2807 tradidit
1206 2772 1371 2807 Eusebius
1404 2772 1585 2819 Pamphili.

129 2816 322 2865 Mejoribus
347 2817 435 2853 enim
455 2818 538 2861 suis,
570 2820 631 2865 qui
663 2820 891 2866 Imperatores
926 2825 985 2855 eut
1018 2819 1122 2855 duces
1143 2818 1179 2854 in
1201 2818 1290 2854 bello
1313 2819 1475 2861 fuissent3
1512 2819 1588 2865 qui-
