1838 3230
9 285 18 324 ζ
77 282 142 314 tro
172 270 308 315 Getico
329 270 542 328 jugulavit.
598 270 696 310 Vide
724 277 859 310 tamen
885 270 1098 322 Evagrium
1131 269 1264 320 eniam,
1295 268 1361 310 lib.
1381 271 1423 312 8.
1449 283 1534 323 cap.

10 360 14 367 .
77 328 149 374 48.
180 337 219 369 et
239 329 508 382 Nicephorum
533 328 598 368 lib.
621 330 684 370 16.
711 341 799 381 cap.
819 331 886 371 38.
917 328 988 379 qui
1011 340 1098 366 rem
1115 327 1229 366 aliter
1249 332 1422 365 narrant.

0 410 10 431 ς
95 389 98 391 ’
189 384 288 439 Pag-
321 386 415 430 403.
447 387 487 429 4.
522 383 783 437 Σωσθένην.]
815 386 896 426 Ser.
917 382 1175 425 Σωσθένιον·
1205 382 1362 423 deloco
1381 382 1459 422 hoc
1476 383 1539 424 vi-

0 435 7 487 ,’
77 440 129 481 de
150 454 253 495 quae
280 455 403 493 supra
422 448 553 481 annot.
579 440 629 479 ad
648 441 719 479 lib.
741 445 779 484 4.

139 525 142 531 ·
188 496 418 550 Peg-⁴404.
451 501 516 541 19.
563 497 755 551 ρίπτετε.]
787 498 871 537 Scr.
901 497 1074 550 ρίπτητε.

191 551 288 607 Pag.
317 555 413 600 405.
444 558 480 597 1·
519 553 588 595 καὶ
614 555 864 603 ποντίζονται
891 551 1135 607 αὔτανδροι]
1176 549 1416 604 Hesychius:
1453 548 1538 593 Αὔ-

763 606 774 620 Ι

0 611 9 621 ”
75 609 261 664 τανδρον,
291 607 366 651 σύν
385 605 523 659 αὐτοῖς
540 613 624 659 τοῖς
646 607 850 664 ἄνδρασιν.

186 667 290 719 Pag.
320 668 418 710 405.
447 667 486 709 5.
543 663 647 708 ὅπου
679 667 827 721 λέγεται
855 663 901 707 τδ
930 663 1156 719 Βυθοὶριν.]
1199 666 1282 704 Scr-
1313 659 1535 718 Βυθᾶριον.

76 721 270 773 Evagfius
290 722 339 762 de
362 722 439 762 hac
456 723 588 762 navali
606 737 739 776 pugna
764 723 886 763 verba
901 722 1073 771 bahem,
1103 722 1173 761 lib.
1193 725 1232 763 3.
1257 734 1346 772 cap.
1366 721 1435 763 43.
1468 719 1538 760 καὶ

76 781 216 832 πρῶτα
242 777 316 833 μὲν
345 775 592 833 ἆνεκώχευεν
616 777 700 820 εἶτα
731 777 826 834 μετοῖ
849 777 945 828 τούς
976 779 1142 827 ἔκπλους
1159 777 1226 819 καὶ
1247 775 1343 826 τούς
1361 773 1538 830 ἀκροβο-

75 831 244 903 imponis·
260 833 406 889 μεταξύ
423 841 510 878 τοῖν
543 838 659 878 δυοῖν
679 836 981 891 στρατοπέδων,
1010 836 1231 889 ναυμαχίας
1261 836 1453 888 καρτεροῖς
1473 847 1539 874 συ-

77 903 224 944 στασης
252 892 346 947 περὶ
369 890 417 934 τοὶ
448 890 676 947 καλούμενα
713 890 923 946 Βυθᾶρια,
979 888 1120 946 φεύγει
1150 890 1223 945 μὲν
1256 887 1539 945 προτροπάδην

28 1000 35 1006 ,
76 944 264 1001 πρύμναν
293 946 566 1003 κρουσάμενος
594 950 618 991 ὁ
645 948 899 999 Βιταλιανός,
929 955 1004 990 etc.
1069 947 1238 1003 Bythias
1266 947 1380 986 etiam
1408 947 1538 986 dictus

77 1010 138 1043 est
151 1004 264 1044 locus
289 1005 385 1057 iste,
414 1013 460 1046 ut
479 1020 529 1046 ex
551 1007 728 1058 Dionysii
758 1006 913 1058 Anaplo
943 1020 1016 1045 nos
1042 1004 1160 1043 docet
1187 1005 1289 1044 Petr.
1315 1003 1469 1055 Gyllius
1488 1003 1539 1042 de

76 1060 196 1113 Bosp.
217 1060 360 1102 Thrac.
380 1063 448 1102 lib.
466 1068 504 1107 2.
523 1077 610 1115 cap.
629 1067 668 1106 9.
704 1062 857 1102 Deinde
876 1072 930 1101 est
953 1060 1161 1111 Calamus,
1186 1070 1221 1099 et
1242 1059 1437 1114 Bythias.-
1470 1058 1540 1099 ille

77 1131 104 1155 a
137 1114 386 1158 Galamorum
418 1118 683 1170 multitudine,
713 1119 777 1159 hic
803 1117 854 1158 ab
884 1116 967 1158 alia
988 1119 1226 1172 protectione
1239 1117 1538 1170 promontorio-

77 1187 163 1218 rum
188 1174 570 1228 circumsurgeniium
597 1177 831 1216 nominatur.
890 1175 998 1214 Idem
1026 1181 1157 1213 tamen
1189 1173 1250 1212 sui
1276 1173 1446 1223 oblitus,
1487 1172 1539 1212 de

76 1229 330 1283 Topograph.
349 1232 592 1273 Constantin.
613 1233 680 1270 lib.
704 1238 742 1275 4.
762 1246 850 1284 cap.
872 1235 937 1274 10.
986 1229 1033 1270 V
1027 1229 1170 1269 itharia
1187 1230 1319 1268 locum
1337 1228 1445 1268 hunc
1463 1243 1537 1269 vo-

78 1293 155 1337 cat,
182 1286 366 1327 vitaliani
385 1289 584 1341 profligati
609 1288 815 1327 historiam
835 1302 885 1327 ex
899 1287 1070 1338 Evagrio
1092 1287 1276 1325 recitans.

191 1345 285 1396 Pag·
313 1344 406 1387 405.
439 1349 505 1388 10.
550 1342 609 1386 ’ὅτι
627 1343 709 1386 ὖπὸ
730 1342 857 1397 πυρός
885 1344 1092 1395 αἰφνίδιον
1112 1339 1359 1383 οἷνάπτονται
1373 1338 1422 1382 voi
1444 1340 1537 1382 ἕαυ·

76 1401 158 1441 τῶν
173 1399 330 1453 πλοῖα]
362 1401 520 1440 Navalis
544 1401 666 1455 hujus
685 1402 894 1450 victoriae,
927 1414 1044 1452 quam
1066 1399 1297 1438 Anastasius
1322 1399 1417 1450 Imp.
1434 1399 1538 1437 Pro-

75 1455 130 1494 cli
146 1455 411 1496 Mathematici
431 1472 505 1510 ope
522 1458 711 1497 adversus
735 1458 975 1497 Vitalianum
999 1456 1165 1508 adeptus
1183 1463 1255 1506 est,
1285 1455 1463 1494 meminit
1479 1461 1536 1493 et-

74 1512 154 1551 iam
172 1513 363 1553 Zonaras:
402 1516 471 1567 qui
491 1521 622 1554 tamen
646 1529 727 1553 non
746 1514 938 1567 sulphure
965 1513 1057 1552 vivo
1081 1512 1245 1551 navibus
1272 1512 1438 1564 injecto,
1468 1511 1539 1550 sed

77 1569 248 1620 speculis
274 1571 439 1610 Ustoriis
469 1586 552 1610 eam
583 1572 759 1610 effectam
779 1571 923 1610 tradit:
964 1566 1167 1623 κατόπτρα
1195 1567 1271 1622 γάρ
1291 1567 1428 1623 ᾄδεται
1449 1571 1538 1620 χαλ-

75 1627 219 1666 κεῦσαι
233 1623 451 1681 πυροφόρα
469 1627 493 1668 ὁ
515 1625 712 1680 Πρόκλος,
737 1628 803 1669 καὶ
824 1627 867 1669 ἐκ
883 1629 957 1667 τοῦ
975 1626 1128 1678 τείχους
1143 1628 1267 1666 ταῦτα
1286 1622 1540 1677 α’παιωρῆσαι

75 1680 284 1723 κατέναντι
322 1686 403 1724 τῶν
430 1686 632 1736 πολεμίων
667 1688 793 1725 νεῶν·
851 1680 1007 1730 τούτοις
1038 1684 1119 1722 τοῖν
1151 1681 1331 1734 ’ἡλιακῶν
1365 1677 1538 1721 οἷκτίνων

76 1739 404 1791 προσβαλουσῶν,
433 1743 515 1792 πῦρ
533 1740 689 1782 ἐκεῖθεν
707 1740 1065 1794 ἑκκεραυνοῦσθαι,
1093 1738 1339 1791 καταφλέγον
1359 1734 1430 1778 τὸν
1450 1739 1538 1789 νηΐ-

76 1811 151 1846 την
169 1798 248 1835 τῶν
272 1795 462 1837 ἐναντίων
483 1793 661 1850 στρατόν.
718 1796 825 1836 Nam
846 1793 1003 1849 specula
1025 1809 1079 1833 ex
1094 1809 1179 1833 aere
1191 1793 1415 1850 fabricasse
1431 1804 1537 1833 usio-

78 1852 139 1890 ria
147 1849 280 1907 fertur
299 1851 489 1903 Proclus,
519 1868 636 1906 eaque
657 1851 703 1891 de
719 1867 829 1892 muro
860 1867 879 1890 e
898 1852 1051 1904 regione
1070 1849 1267 1890 hostilium
1288 1851 1442 1888 navium
1462 1865 1538 1888 su·-

76 1905 296 1960 spendisse:
323 1909 365 1947 in
383 1923 483 1962 quae
502 1924 589 1949 cum
609 1908 755 1949 solares
780 1906 887 1947 raclii
906 1908 1161 1960 impegissent,
1189 1908 1314 1959 ignem
1338 1904 1427 1944 inde
1441 1905 1537 1962 ful-

77 1964 195 2002 minis
211 1965 338 2004 instar
356 1975 608 2019 erumpentem
630 1963 868 2014 classiarios,
897 1964 1077 2018 ipsasque
1096 1978 1211 2002 naves
1236 1962 1402 2001 hostium
1421 1977 1535 2001 com-

78 2018 255 2060 bussisse.
314 2022 459 2060 Verum
478 2036 554 2060 nou
580 2022 672 2061 satis
693 2021 832 2071 video,
862 2033 940 2072 quo
960 2026 1078 2072 pacto
1098 2020 1214 2058 fidem
1237 2020 1323 2057 istis
1343 2018 1532 2058 adhibere

75 2075 288 2128 possimus,
315 2078 584 2117 Marcellinum
606 2080 793 2130 legentes,
821 2077 986 2129 hujusce
1016 2076 1101 2115 aevi
1122 2077 1377 2128 scriptorem3
1414 2075 1534 2113 Justi-

76 2131 183 2172 niani
201 2135 302 2173 enim
325 2134 454 2173 adhuc
480 2135 642 2173 Patricii
664 2135 859 2173 cancellos
878 2147 919 2172 se
938 2132 1082 2183 egisse,
1112 2138 1277 2171 testatur
1302 2132 1398 2183 ipse.
1456 2131 1533 2170 Hic

76 2188 223 2241 itaque,
243 2190 291 2229 de
308 2190 383 2229 hac
392 2191 579 2230 Vitaliani
598 2191 800 2230 invasione
819 2190 939 2230 verba
956 2190 1116 2239 faciens,
1145 2189 1242 2228 haec
1262 2188 1399 2226 habet:
1429 2187 1534 2227 Mis-

77 2246 114 2283 si
132 2256 221 2284 sunt
238 2246 293 2285 ad
318 2246 565 2287 Vitalianum
594 2247 818 2296 Senatores,
857 2248 926 2302 qui
942 2247 1055 2300 pacis
1076 2261 1162 2284 cum
1186 2261 1228 2285 eo
1251 2244 1348 2297 leges
1370 2259 1534 2295 compo-

78 2311 232 2341 nerent:
275 2305 490 2357 nonaginta
519 2306 606 2343 auri
629 2302 826 2355 pondera,
875 2303 1048 2356 exceptis
1075 2298 1273 2354 regalibus
1300 2299 1532 2350 muneribus,

76 2371 150 2409 pro
167 2360 299 2412 precio
324 2369 417 2399 tunc
439 2362 588 2414 accepit
609 2358 787 2413 Hypatii.
845 2360 895 2398 Et
915 2359 1036 2412 paulo
1057 2366 1164 2410 post:
1209 2356 1403 2408 Magister
1419 2354 1533 2395 mili-

79 2422 160 2452 tum
196 2413 424 2454 Vitalianus
437 2431 506 2469 per
538 2416 749 2455 Thraciam
778 2414 931 2470 factus,
963 2414 1178 2469 Hypatium
1205 2428 1313 2466 quem
1337 2413 1534 2465 captivum

79 2478 373 2525 catenatumque
397 2471 504 2525 apud
533 2472 661 2512 Acres
686 2470 886 2511 castellam
913 2470 1083 2517 tenebat,
1114 2484 1280 2509 reversus
1299 2483 1368 2507 suo
1388 2469 1535 2507 remisit

80 2525 286 2565 avunculo.
347 2527 484 2567 Victor
510 2530 625 2567 etiam
653 2529 914 2578 Turonensis,
956 2526 1075 2576 hujus
1108 2526 1299 2577 aequalis,
1339 2525 1430 2563 licet
1454 2539 1534 2563 non

79 2582 215 2635 precio
233 2581 469 2623 Vitalianum
491 2591 665 2623 amotum
685 2585 803 2635 dicat,
833 2583 949 2623 armis
967 2589 1094 2622 tamen
1112 2582 1387 2634 propulsatum
1409 2583 1536 2619 omni-

81 2651 134 2676 no
156 2643 291 2689 negat:
334 2638 559 2680 Vitalianus
581 2639 716 2681 Comes
736 2656 820 2682 cum
841 2656 959 2680 manu
977 2637 1114 2678 valida
1130 2637 1397 2677 Barbarorum
1421 2637 1535 2677 Con-

81 2692 373 2747 stantinopolim
396 2698 569 2747 veniens,
600 2699 641 2736 in
665 2696 848 2737 Sosthene
877 2694 995 2735 sedit.-
1036 2695 1103 2748 qui
1122 2709 1199 2733 non
1220 2692 1333 2732 aliter
1347 2692 1534 2746 postula-

82 2759 143 2788 ius
168 2764 305 2802 pacem
331 2750 546 2792 Anastasio
575 2752 805 2807 Imperatori
830 2752 1043 2806 promittit,
1074 2751 1150 2789 nisi
1178 2752 1287 2804 prius
1315 2748 1534 2805 defensores

84 2803 238 2860 Synodi
271 2805 591 2849 Chalcedonensis
627 2808 813 2863 relegatos
843 2806 966 2847 exilio
994 2805 1147 2846 sedibus
1179 2806 1350 2859 propriis
1382 2804 1534 2851 reddat,

578 153 1052 201 ANNOTATIONES.·
1437 157 1541 206 635>
1595 201 1603 213 ‚
