1838 3230
0 0 31 162 ξ

0 157 23 234 4

681 147 982 194 EPISTOLA.
1409 152 1413 156 ‘
1469 150 1570 201 735

0 262 40 310 ’ἃ
95 267 228 323 (quia
251 265 296 310 τὸ
315 263 480 323 γράμμα
506 266 678 320 quodvis
702 268 842 321 scripti
867 280 990 318 genus
1021 271 1303 318 nonnunquam
1338 263 1461 314 sigmf
1465 269 1540 315 cat
1553 260 1571 318 )

106 328 224 368 τοῦτο
249 323 293 366 δὲ
315 327 460 378 δρᾶμα.
516 326 585 379 qui
607 334 642 362 et
659 334 842 392 poemata
862 323 1039 363 Heroica
1059 332 1094 361 et
1115 321 1296 362 dramata
1320 320 1455 362 edidit

220 382 438 420 Domninus
452 381 527 425 iste
542 377 905 434 χρονογρᾶφοςηυη
918 380 1076 419 aliunde
1099 393 1218 431 quam
1235 394 1257 418 a
1269 378 1406 416 Malela
1426 391 1571 429 cogno-

106 439 163 478 sci
185 443 332 491 potest,
363 453 385 477 a
415 451 495 490 quo
527 437 754 489 saepissime
785 437 836 475 qd
862 444 994 490 partes
1023 444 1198 475 vocatur.
1265 433 1570 474 Antiochensem

106 496 227 534 fuisse
246 494 475 534 certissimis
502 493 618 544 signis
647 493 941 545 deprehendes,
971 493 1040 532 ubi
1062 506 1134 545 per
1160 491 1282 531 otium
1302 491 1436 530 licebit
1458 491 1570 529 locos

103 548 204 594 istos
224 551 451 591 consulere.
482 550 745 603 probabiliter
762 550 879 590 etiam
909 551 1078 599 dixeris,
1109 549 1319 588 deduxisse
1339 562 1426 587 eum
1445 547 1571 586 histo-

102 608 206 648 riam
226 607 276 646 ab
298 607 464 647 exordio
483 607 622 645 mundi
642 620 767 658 usque
791 607 842 645 ad
870 606 1078 645 Justiniani
1108 612 1296 658 tempora.
1354 605 1493 657 ltaque
1507 606 1570 643 in-

105 666 232 704 clinat
249 664 416 712 animus,
447 670 492 703 ut
506 662 614 701 hunc
633 663 753 702 fuisse
777 664 1012 702 Domninum
1032 663 1144 702 illum
1168 662 1398 709 existimem,
1429 661 1497 713 qui
1524 675 1570 700 ea
1597 665 1628 701 V
1649 665 1697 702 37

104 726 339 774 tempestate
362 721 439 759 suit
459 720 649 759 ecciesiae
671 719 950 759 Antiochensis
970 722 1204 772 Episcopus.
1261 719 1359 757 Nam
1382 731 1474 757 sane
1494 719 1568 757 sie-

103 784 151 817 ut
177 778 245 816 hic
275 792 299 817 a
316 777 463 816 Ioanne
486 790 526 829 p.
548 776 642 819 265.
665 777 839 815 Domnus
865 783 1054 817 vocatur:
1082 777 1137 815 ita
1165 776 1282 815 istum
1299 775 1568 815 Patriarcham

103 833 147 873 hi
166 835 384 885 Domuum,
411 833 473 873 illi
501 833 740 872 Domninum
767 834 975 886 appellant.
1034 833 1199 872 Accedit
1225 832 1324 882 hue,
1355 832 1464 884 quod.
1482 833 1569 885 ple-

103 891 219 943 rique
235 905 411 940 brunes,
460 890 529 942 qui
563 891 733 941 aggressi
772 897 865 928 sunt
898 897 1080 942 tempora
1118 889 1362 939 describere,
1406 890 1569 929 fuerunt

102 947 308 1000 Episcopi5
339 948 498 995 Victor,
529 947 724 999 Prosper,
754 946 1021 1000 TheophiluS,
1049 946 1263 999 Eusebius,
1302 952 1341 985 et
1374 946 1569 998 Georgius

97 1000 324 1056 ¹Episcopus
347 1004 588 1055 designatus.

215 1061 407 1113 Equidem
433 1060 589 1111 nescio,
618 1065 708 1098 utra
735 1072 798 1099 res
830 1059 1020 1112 majorem
1053 1059 1350 1099 admirationem
1377 1059 1568 1110 attulerit,

101 1123 165 1156 tot
182 1117 342 1172 inomina
360 1116 566 1155 hominum
585 1116 749 1169 propria
767 1130 789 1154 a
807 1117 956 1155 Joanne
976 1123 1165 1169 corrupta
1186 1130 1293 1165 esse,
1326 1130 1375 1154 an
1397 1130 1440 1155 ea
1459 1130 1568 1155 men-

101 1173 154 1212 (la
180 1188 203 1212 a
226 1174 456 1213 doctissimo
479 1174 696 1238 interprete
725 1172 968 1212 dissimulata
995 1173 1115 1213 suisse
1146 1179 1184 1212 et
1214 1147 1369 1218 sile'ntio
1391 1180 1568 1225 praeter-

100 1229 240 1269 missa:
280 1230 392 1270 verbi
418 1230 543 1280 gratia
570 1243 612 1282 p.
648 1233 725 1271 101
766 1235 804 1268 et
832 1233 911 1273 171
957 1226 1178 1299 Τυνδάριος
1205 1243 1282 1282 pro
1322 1227 1565 1283 Τυνδάρεως.

100 1283 338 1341 Ανδρόγηος
358 1290 437 1330 107
455 1300 530 1338 pro
548 1281 797 1339 Ανδρόγεως.
855 1283 1101 1339 Πλησιωνης
1131 1289 1207 1329 121
1238 1299 1315 1338 pro
1336 1284 1568 1339 Πληϊόνης·
1553 1315 1569 1336 ,

99 1349 221 1395 atque
243 1357 287 1382 ea
308 1343 468 1396 quidem
495 1356 575 1381 non
605 1348 730 1380 mater
761 1348 846 1380 erat
872 1342 1060 1392 Atlantis,
1092 1355 1232 1382 verum
1258 1356 1377 1383 uxor.
1438 1340 1569 1396 Ιωβά-

99 1415 170 1451 της
192 1402 271 1442 103
294 1413 386 1466 pro
395 1395 576 1452 Ιοβιὶτης.
634 1398 805 1450 Μηδίαν
829 1395 904 1452 τήν
932 1402 1007 1439 τοῦ
1033 1402 1166 1440 Λετοῦ
1193 1403 1247 1442 97
1276 1413 1351 1451 pro
1375 1402 1567 1452 Μηδείαν

99 1454 174 1508 ’τήν
203 1458 276 1497 τοῦ
301 1451 687 1508 Αιητου.11ε’λωψ
715 1461 754 1493 et
779 1454 974 1504 Πέλωπος
1004 1458 1058 1498 99
1087 1462 1125 1494 et
1153 1455 1233 1498 104
1261 1469 1336 1507 pro
1361 1456 1504 1508 Πέλοψ
1527 1462 1567 1496 et

101 1511 297 1562 Πέλοπος.
354 1512 571 1579 Αμφίωνα
579 1511 632 1554 55
649 1524 726 1564 pro
747 1513 952 1564 Αμφίονα.
1008 1509 1220 1559 Λίνειάδες
1240 1526 1316 1564 pro
1341 1511 1565 1554 Αἶνειοὶδαι.

102 1565 283 1622 Ιωκοὶστη
304 1568 358 1612 59
377 1582 454 1621 pro
474 1564 658 1619 Ιοκᾶστη.
715 1566 968 1616 Ετεωκλέους
991 1571 1044 1610 63
1074 1583 1150 1620 pro
1172 1568 1422 1618 Ετεοκλέους.
1481 1576 1567 1623 Αμ-

99 1626 247 1679 φίαρος
265 1627 320 1668 63
339 1639 416 1677 pro
439 1621 694 1678 Αμφιοὶραος.
733 1625 965 1665 Δευκαλίων
987 1623 1011 1665 ό
1032 1623 1118 1673 υἷός
1146 1628 1293 1673 Ελενος
1312 1628 1386 1666 τοῦ
1407 1624 1565 1679 Πήκου,

99 1682 156 1724 84
177 1694 252 1734 pro
271 1684 464 1733 Ελληνος.
523 1681 603 1719 Nec
631 1686 759 1718 tamen
776 1681 1027 1720 Deucalionis
1049 1688 1165 1734 pater
1186 1695 1229 1721 er
1232 1688 1272 1720 at
1302 1682 1462 1732 Hellen,
1493 1685 1565 1723 sed

98 1738 217 1777 filius.
273 1735 534 1789 Αντιφάντην
571 1735 650 1780 145
691 1750 769 1788 pro
800 1734 1046 1790 Αντιφοὶτην.
1109 1738 1291 1790 Τηλέφου
1319 1740 1436 1790 Regis
1460 1740 1565 1778 Lati..

98 1808 240 1834 norum
264 1794 346 1837 205
365 1807 440 1846 pro
469 1789 723 1846 Τηλεμάχου,
753 1807 923 1845 quorum
954 1793 1022 1833 hic
1042 1795 1192 1846 Ulyssis
1221 1802 1259 1834 et
1279 1795 1493 1849 Penelopes
1513 1796 1563 1835 fi-

98 1852 199 1901 lius,
236 1851 303 1890 ille
335 1850 517 1889 Herculis
559 1856 600 1888 et
630 1851 769 1900 Auges.
834 1851 1015 1890 Duorum
1055 1852 1269 1892 velborum
1303 1852 1561 1893 similitudine

99 1914 183 1946 tota
201 1907 388 1946 historiae
412 1907 515 1946 ratio
538 1913 598 1945 est
624 1906 867 1958 perturbata.
934 1908 1012 1947 Sed
1036 1908 1325 1960 piopemodum
1353 1912 1458 1948 omni
1480 1910 1560 1949 fide

97 1965 248 2018 majora
266 1970 359 2003 sunt
387 1970 515 2002 errata
543 1977 584 2015 p.
607 1962 702 2005 135.
726 1963 796 2001 ubi
825 1965 1069 2004 Graecorum
1094 1966 1217 2005 duces
1246 1973 1448 2017 recenset,
1488 1968 1559 2019 qui
1583 1974 1617 2010 0
1640 1975 1687 2013 74

96 2027 236 2060 'contra
263 2020 456 2073 Trojanos
486 2034 592 2059 arma
630 2026 833 2072 ceperunt.
900 2022 999 2060 Nam
1030 2028 1076 2061 ut
1105 2023 1156 2062 de
1181 2036 1347 2062 numero
1382 2024 1557 2075 navium,

98 2078 172 2117 etsi
193 2092 236 2117 ea
256 2077 358 2116 ratio
378 2077 492 2128 longe
515 2076 768 2116 vitiosissima
788 2083 868 2127 est,
897 2078 997 2118 nihil
1027 2078 1177 2130 dicam3
1210 2093 1301 2119 ecce
1327 2080 1399 2119 tibi
1423 2080 1557 2122 Μενέ-

97 2137 192 2184 λαος
211 2133 279 2176 καὶ
294 2130 495 2188 Λήϊστος,
524 2147 601 2187 pro
625 2132 833 2186 Πηνέλαος
852 2134 920 2175 καὶ
940 2131 1106 2189 Λήϊτος.
1165 2137 1380 2177 Homerus:

314 2204 502 2243 Βοιωτων
522 2199 597 2270 μὲν
611 2200 841 2254 Πηνέλεως,
870 2202 938 2244 καὶ
957 2201 1115 2258 Λήιτος
1132 2199 1282 2272 ἦρχον,

311 2255 558 2313 Αρκεσίλαός
578 2273 639 2305 τε,
671 2255 928 2314 Προθοήνωρ
949 2275 991 2302 τε
1012 2258 1184 2310 Κλόνιός
1201 2277 1255 2302 τε.

96 2323 241 2380 Μέγης
280 2325 325 2368 ἐκ
354 2328 526 2380 Δολίχης
560 2329 633 2378 τῆς
661 2323 842 2378 Eudone
876 2343 931 2368 ex
957 2327 1124 2369 Doliche
1152 2326 1371 2369 Helladica
1406 2343 1482 2382 pro
1511 2330 1554 2372 ἔκ

96 2383 310 2436 Δουλιχίου
330 2382 553 2433 ἐξεναντίας
572 2386 645 2435 τῆς
662 2385 825 2434 Ηλιδος.

317 2450 370 2491 Οἱ
385 2448 428 2493 δ’
446 2452 489 2493 ἐκ
508 2452 759 2504 Δουλιχίοιο,
786 2447 974 2505 Εχιναων
991 2448 1043 2492 θ’
1063 2448 1209 2504 ἱεράων

315 2504 490 2559 Νήσων,
522 2510 563 2549 αἳ
588 2510 746 2549 ναίουσι
763 2508 888 2561 πέρην
904 2507 1001 2558 onds·
1019 2507 1206 2557 Ηλιδος’
1189 2524 1289 2550 αντα
1296 2538 1308 2560 ,

317 2566 406 2605 Τῶν
425 2560 529 2606 αυθ’
545 2561 758 2618 ηγεμὸνευε
777 2565 920 2620 Μέγης
939 2561 1155 2614 αταλαντος
1173 2570 1294 2620 Αρηϊ.

94 2624 270 2682 ,Αγήνωρ
298 2628 368 2670 καὶ
394 2633 605 2684 Τευθίδης.
669 2633 776 2684 Euge
803 2648 922 2684 vero,
952 2633 1114 2683 Mulela,
1144 2633 1211 2685 qui
1238 2633 1288 2671 de
1313 2632 1452 2686 oppidi
1479 2648 1549 2673 no-

94 2685 200 2724 mine
220 2685 387 2725 Heroem
413 2688 649 2730 confinxisti.
706 2691 906 2743 Siquidem
933 2690 975 2729 in
1001 2690 1173 2729 Homero
1200 2690 1365 2741 legimus
1385 2687 1549 2745 Αγαπή-

94 2756 178 2796 νωρ
197 2740 242 2783 ἐκ
268 2741 421 2796 Τεγέης.

315 2806 421 2852 Οἵ’
350 2826 404 2852 ιτ
443 2809 534 2865 ἔχον
551 2813 759 2869 Αρκαὸίην
775 2812 843 2856 καὶ
863 2809 1107 2868 Κυλλήνης’
1098 2811 1188 2868 όρος
1210 2809 1329 2866 αἶπυ,
