1838 3230
282 156 383 203 462
685 152 969 198 IOANNIS
997 154 1349 216 MALALAE,

231 277 262 311 C
285 269 475 322 ἐάσαντες
501 270 671 316 εἴσοδον.
752 273 818 314 καὶ
853 269 1049 323 ἐλθόντος
1081 272 1254 316 ὄπισθεν
1284 273 1420 317 αὐτῶν
1450 264 1628 319 Σουνίκα
1661 280 1737 321 τοῦ

286 340 432 390 δουκὸς
449 340 551 395 μετὰ
565 337 761 395 χιλιάδων
778 337 1008 397 τεσσάρων,
1046 343 1112 384 καὶ
1130 339 1309 398 εὖρηκῶς
1330 359 1444 393 τινας
1463 344 1506 386 ἐκ
1524 347 1606 387 τῶν
1624 347 1738 400 Περ-

287 413 372 452 σῶν
406 411 473 451 καὶ
506 412 753 463 Σαρακηνῶν
778 406 1071 465 πραιδεύοντας
1099 410 1152 453 τὰ
1187 411 1459 466 παρακείμενα
1493 412 1627 468 χωρία
1670 412 1738 455 καὶ

286 475 556 527 καταδιώξας,
581 474 794 532 ἐφόνευσεν
822 477 864 527 ἐξ
882 476 1017 520 αὐτῶν
1046 477 1216 535 ὀλίγους,
1253 477 1558 532 συλλαβόμενος
1587 480 1657 523 καί
1675 496 1739 522 τι·

286 562 362 595 νας
384 542 432 595 ’ἐξ
462 544 620 587 αὐτῶν
666 542 856 595 οὕστινας
903 544 1094 597 ἐξετάσας
1137 546 1267 601 ἔμαθε
1298 549 1489 603 περὶτῶν
1517 551 1770 603 &flavam-5

284 613 427 669 με’νων.
1169 657 1171 663 .

383 680 431 724 Ὅ
459 680 502 722 δὲ
528 676 749 736 μάγιστρος
776 678 986 735 Ῥωμαίων
1011 682 1256 734 καταλαβών
1287 681 1362 736 τὴν
1392 679 1634 739 Ἱεράπολιν,
1671 682 1741 726 καὶ

284 749 437 803 μαθὼν
456 747 518 791 ὅτι
539 751 595 797 εἷς
616 749 668 790 τιὶ
686 746 889 803 Ῥωμαϊκὰ
914 746 1144 804 ἐσκήνωσαν
1163 750 1201 792 οἳ
1220 749 1402 805 Πέρσαι,
1440 750 1620 802 ἐξελθὼν
1638 749 1742 808 πρὸς

139 824 171 857 Ο
195 823 261 859 201
286 815 528 873 Βελισάριον
580 817 751 872 πλησίον
788 817 886 860 ὄντα
928 814 1015 860 >τῶν
1051 820 1226 874 Περσῶν
1279 818 1382 872 μετὰ
1424 816 1639 876 Στεφάνου
1674 819 1740 860 καὶ

277 885 441 940 ’Άψκαλ
466 882 645 941 ἐξάρχων
667 887 732 927 καὶ
753 887 895 940 Σίμμα
920 890 993 928 τοῦ
1017 886 1161 935 δουκός
1184 885 1286 939 μετὰ
1303 884 1498 940 χιλιάδων
1513 884 1736 943 τεσσάρων,
1751 895 1796 930 10

288 955 352 997 ἐπὶ
382 953 691 1009 Βαρβαισισσόν
723 954 798 1009 τὴν
829 951 969 996 πόλιν·
1012 955 1079 996 καὶ
1108 952 1464 1010 ἀγανακτήσαντος
1497 955 1740 1009 Βελισαρίου

235 1037 266 1071 D
289 1022 394 1066 κατὰ
424 1022 615 1074 Σουνίκα,
653 1018 756 1064 διότι
788 1020 1046 1077 αὖθεντήσας
1069 1023 1224 1077 ἐπῆλθε
1254 1026 1311 1080 τῷ
1338 1026 1529 1080 Περσικῷ
1560 1025 1739 1080 στρατῷ,

288 1093 355 1134 καὶ
383 1087 627 1147 φθάσαντος
645 1094 718 1132 τοῦ
738 1091 964 1147 μαγίστρου
1000 1091 1184 1145 ἐποίησεν
1206 1090 1354 1140 αὐτοὺς
1371 1091 1560 1146 γενέσθαι
1581 1092 1740 1147 φίλους,

287 1156 623 1215 προτρεψάμενος
652 1156 829 1213 ὄρμῆσαι
868 1158 974 1201 κατὰ
1001 1162 1190 1215 Περσῶν.
1270 1160 1338 1201 καὶ
1374 1158 1744 1214 μεσολαβηθέντων

287 1231 370 1270 τῶν
402 1229 578 1281 Περσῶν
622 1225 697 1267 σὺν
721 1233 806 1275 τοῖς
839 1230 1093 1282 Σαρακηνοΐς
1135 1225 1198 1268 ἐπὶ
1243 1226 1317 1282 τὴν
1346 1224 1486 1281 κώμην
1515 1227 1588 1282 τὴν
1627 1226 1796 1282 layo-15

287 1295 413 1350 με’νην
444 1292 692 1336 Βεσελαθιὺν
730 1295 796 1335 καὶ
826 1297 999 1337 Βατνῶν
1028 1296 1094 1337 καὶ
1114 1299 1195 1337 τῶν
1212 1295 1325 1351 πέριξ
1344 1292 1513 1348 πόλεων,
1551 1296 1617 1337 καὶ
1650 1311 1743 1337 ποι-

288 1361 460 1418 ήσαντες
485 1361 524 1404 οἱ
550 1361 711 1417 Πέρσαι
751 1361 818 1403 διὰ
870 1360 1001 1411 ξύλων
1049 1360 1325 1417 μηχανήματα
1369 1364 1436 1404 καὶ
1471 1361 1741 1418 διορύξαντες,

287 1429 491 1487 ἔστρεψαν
519 1428 566 1472 τὸ
594 1436 723 1483 τεῖχος
751 1432 791 1471 Γ
788 1433 1006 1483 αββουλῶν
1016 1462 1030 1482 ,
1068 1432 1134 1472 καὶ
1175 1427 1427 1478 εἰσελθόντες
1466 1429 1588 1480 ὅσους
1616 1424 1743 1486 ηὗρον

288 1497 526 1556 ἐφόνευσαν,
559 1495 776 1553 ἐπαρόντες
802 1499 869 1539 καὶ
888 1496 1182 1552 αἰχμαλώτους.
1251 1499 1317 1540 καὶ
1344 1496 1494 1548 ἄλλους
1521 1499 1566 1541 δὲ
1592 1495 1744 1547 τόπους

288 1568 523 1624 παρέλαβον
543 1563 781 1619 ποιήσαντες
804 1567 1030 1622 αἰφνιδίους
1049 1564 1323 1622 καταδρομάς.
1750 1567 1799 1602 20

396 1635 447 1684 Oi
479 1634 523 1676 δὲ
548 1633 760 1688 Ἀντιοχεῖς
792 1632 1038 1684 ἀκούσαντες
1069 1634 1121 1677 τὰ
1148 1631 1362 1690 γενόμενα,
1400 1632 1548 1690 ἔφυγον
1579 1633 1643 1675 ἐπὶ
1669 1632 1744 1687 τὴν

378 1755 410 1791 5.
441 1751 612 1796 ἐξετάσας
644 1753 731 1796 Ch„
765 1750 958 1797 ἕξαιτοῖσας
980 1754 1049 1788 Ox.
1142 1753 1196 1790 11.
1222 1746 1489 1797 Βαρβαισισσὸν
1511 1751 1581 1798 τήν
1610 1749 1744 1797 πόλιν]

380 1802 484 1842 ,,τοῦ
518 1800 770 1846 Βαρβαλισσοΰ
802 1802 984 1846 φρουρίου
1008 1799 1044 1833 in
1078 1798 1170 1833 hisce
1193 1799 1347 1842 partibus
1379 1798 1526 1833 meminit
1548 1798 1744 1843 Procopius,

380 1847 424 1881 de
447 1846 533 1880 Bell.
556 1847 650 1880 Pers.
673 1845 731 1880 lib.
754 1848 788 1882 2.
822 1852 858 1881 et
881 1847 925 1881 de
946 1846 1069 1880 sustin.
1094 1845 1238 1879 Aedific.
1268 1844 1343 1878 Lib.
1367 1846 1401 1879 2.
1459 1844 1565 1879 Forte
1586 1845 1652 1878 hoc
1674 1844 1745 1877 Ca-

381 1892 514 1927 stellum
544 1891 634 1925 idem
665 1891 710 1925 sit
741 1903 813 1926 cum
847 1892 1004 1926 Auctoris
1035 1891 1141 1925 nostri
1165 1891 1420 1937 Βαρβαισισσῷ
1439 1890 1641 1925 urbecula.“
1678 1889 1742 1923 ch.

384 1939 439 1974 19.
468 1935 664 1982 ἐπάραντες
687 1937 755 1971 Ox.
779 1937 859 1972 Vid.
883 1938 928 1972 ad
951 1937 1078 1972 Chron.
1101 1949 1135 1983 p.
1159 1938 1239 1972 395.
1262 1936 1307 1970 D.

293 2040 371 2074 rent
402 2037 479 2081 ipsi,
502 2050 611 2073 vacuo
635 2039 765 2074 relicto.
820 2038 960 2074 Interim
990 2051 1011 2074 a
1033 2042 1133 2084 tergo
1156 2038 1394 2084 superveniens
1414 2037 1480 2072 illis
1503 2035 1631 2071 Sunica
1651 2035 1743 2078 Dux,

292 2095 342 2119 ιν.
366 2083 514 2118 Millibus
537 2088 737 2119 armatorum
759 2084 914 2130 stipatus,
941 2085 976 2119 in
999 2085 1119 2119 Persas
1142 2085 1303 2129 quosdam
1325 2083 1456 2124 incidit,
1480 2082 1536 2127 qui
1558 2081 1653 2116 villas
1676 2082 1743 2115 cir-

294 2129 516 2164 cumiacentes
547 2129 860 2173 depraedabantur:
898 2142 981 2175 quos
1011 2129 1199 2172 insecutus,
1241 2141 1355 2164 eorum
1387 2127 1550 2163 nonnullis
1584 2126 1745 2161 occisioni

293 2174 451 2254 {raah-tis,
488 2175 531 2209 ab
563 2174 636 2209 aliis
660 2187 741 2220 quos
775 2175 1016 2222 comprehendi
1036 2175 1154 2220 jussit,
1196 2175 1345 2210 Consilia
1366 2175 1542 2209 Persarum
1565 2172 1746 2218 explorata

321 2232 340 2254 a
365 2225 425 2254 ult.

385 2265 608 2300 Romanorum
631 2269 742 2301 autem
764 2265 912 2300 Militum
935 2266 1113 2312 Magister,
1138 2265 1347 2312 Hierapolim
1369 2263 1517 2304 veniens,
1542 2261 1746 2307 edoctusque

295 2311 420 2345 Persas
442 2311 533 2345 intra
565 2311 749 2346 Romaniae
771 2311 855 2345 fines
879 2317 991 2346 castra
1022 2312 1190 2358 posuisse3
1227 2322 1273 2345 1v.
1299 2310 1448 2344 Millibus
1469 2308 1615 2342 Militum
1637 2307 1746 2354 stipa-

295 2362 361 2398 tus,
386 2356 503 2390 urbem
526 2356 752 2391 Barbasissum
774 2367 815 2389 ae
838 2357 1035 2391 Belisarium
1058 2358 1221 2398 accessit;
1258 2355 1316 2400 qui
1337 2355 1386 2389 ibi
1407 2365 1475 2388 una
1498 2365 1572 2388 cum
1595 2353 1745 2399 Stepha—

295 2413 340 2435 no
365 2405 400 2435 et
422 2402 545 2446 Apscal
569 2401 731 2436 Exarchis
753 2405 788 2435 et
810 2401 934 2435 Simma
956 2403 1074 2444 Duce,
1105 2414 1173 2436 non
1195 2401 1313 2448 procul
1333 2412 1356 2435 a
1379 2398 1511 2441 Persis,
1534 2399 1745 2433 consederat.

297 2446 490 2487 Quinetiam
513 2447 692 2492 Magister,
714 2445 877 2481 Belisario
902 2447 987 2491 (qui
1009 2448 1167 2491 Sunicae,
1194 2446 1284 2492 quod
1307 2446 1426 2480 Persas
1447 2444 1587 2488 injussus
1609 2444 1747 2479 adortus

295 2492 414 2526 fuisset
435 2491 684 2537 irascebatur‚)
706 2492 741 2526 in
765 2503 865 2526 causa
889 2492 976 2533 fuit,
1001 2498 1041 2527 ut
1063 2493 1098 2526 in
1121 2493 1266 2537 gratiam
1288 2502 1364 2525 cum
1385 2502 1425 2524 eo
1448 2490 1596 2531 rediret3
1625 2489 1746 2523 Persas

295 2536 390 2571 simul
413 2549 523 2571 omnes
555 2538 698 2582 aggredi
731 2538 896 2572 hortatus.
942 2537 1122 2572 Caeterum
1152 2539 1277 2572 Persae
1302 2537 1373 2580 jam
1395 2535 1574 2569 Saracenis
1604 2533 1670 2569 suis
1691 2533 1745 2568 vi-

296 2593 370 2616 cum
393 2581 502 2623 inter,
528 2595 626 2628 quem
648 2583 851 2618 Beselathon
871 2586 997 2616 vocant
1020 2587 1056 2616 et
1078 2584 1227 2624 Batnas,
1250 2592 1405 2627 quaeque
1428 2580 1666 2624 circumjacent
1686 2589 1745 2612 ur-

294 2627 367 2668 bes,
398 2627 498 2662 medii
523 2640 543 2663 a
569 2629 726 2664 Romanis
749 2627 917 2673 occupati,
949 2628 1127 2670 Machinis,
1159 2639 1244 2672 quas
1265 2627 1476 2661 fabricarunt
1499 2625 1575 2667 sibi,
1610 2623 1744 2668 ligneis,

294 2673 465 2716 perfossos
497 2674 728 2708 Gabbulorum
758 2684 868 2708 muros
893 2677 1108 2708 everterunt:
1145 2676 1215 2706 tum
1237 2684 1319 2706 vero
1350 2671 1591 2717 irrumpentes,
1626 2668 1746 2704 obvio's

295 2717 346 2750 ibi
369 2729 519 2771 quosque
540 2719 794 2760 interfecerunt,
817 2718 872 2753 vel
895 2718 1047 2764 captivos
1072 2718 1273 2752 habuerunt.
1320 2717 1412 2759 Quin
1435 2722 1471 2750 et
1493 2727 1535 2750 ex
1557 2714 1667 2750 subito
1689 2714 1745 2748 fa-

295 2763 360 2796 ctis
382 2763 636 2807 lncursionibus,
658 2765 734 2799 loca
757 2763 858 2798 etiam
881 2764 948 2799 alia
969 2766 1190 2808 occuparunt.

387 2809 450 2844 His
473 2809 618 2853 auditis,
642 2810 882 2846 Antiochenses
902 2809 939 2845 in
960 2809 1166 2845 Maritimam
1187 2807 1325 2854 Syriam
1346 2819 1383 2844 se
1404 2805 1627 2854 recipiebant.
1670 2803 1744 2838 Du-
