1838 3230
318 200 422 249 682*
464 192 466 194 ’
906 201 1174 247 BENTLEn
1218 204 1232 218 ··

315 312 436 351 fuisse
464 319 670 364 concepta3
713 314 822 365 quod
847 315 1029 366 equidem
1049 314 1157 354 haud
1184 315 1299 355 facile
1331 316 1590 367 crediderim3
1623 320 1780 361 Suidae

314 374 446 407 tamen
465 375 502 407 et
529 369 631 408 Cedi
634 383 693 408 em
720 371 960 421 temporibus
988 371 1246 424 depravatum
1276 386 1358 411 esse
1383 372 1490 412 hunc
1516 374 1679 415 Malelae
1707 377 1774 416 lo«

316 438 407 462 cum
434 425 535 463 illud
565 432 795 475 argumento
827 433 906 476 est,
937 427 1045 478 quod
1071 427 1111 466 hi
1133 428 1478 479 intelpretamenta
1500 429 1693 470 duntaxat
1715 444 1766 470 ex

317 487 454 519 ηοεῒιο
478 481 662 528 afferant,
697 482 746 520 de
775 483 905 521 verbis
934 483 1085 535 Orphei
1115 480 1210 524 ουδὲ
1237 481 1492 537 7915.Illud
1518 493 1645 526 autem
1671 487 1767 525 mihi

317 537 454 576 videor
475 537 567 575 satis
588 544 695 576 certo
716 537 840 587 scire,
869 553 949 579 non
978 540 1035 578 'le
1062 547 1292 592 expectem,
1322 548 1366 579 ut
1396 543 1474 580 vim
1493 542 1604 581 verbi
1627 546 1767 596 Ηρικε-

316 597 434 640 παῖος
454 599 494 630 et
510 599 690 632 naturam
711 568 925 646 explicem.
954 596 1063 634 Tune
1086 602 1131 634 ut
1149 596 1300 648 ineptas
1326 597 1558 649 plerumque
1579 605 1624 638 'et
1641 612 1768 637 cassas

318 649 582 700 Etymologias
610 650 828 688 consectari
859 665 921 689 me
952 651 1082 690 velis?
1119 652 1286 690 Dabitm
1310 651 1607 705 jusjurandum,
1634 668 1684 693 ne
1718 655 1767 693 ab

318 705 481 756 Orpheo
502 705 690 755 quidem
678 720 764 757 ipso
784 706 862 745 hoc
886 707 971 746 fieri
1001 707 1186 760 potuisse.
1243 708 1352 746 Scire
1373 709 1486 761 prius
1511 722 1632 760 aveo,
1661 710 1769 770 unde

318 761 387 799 illa
428 761 627 811 vulg-nia,
667 759 885 812 Διόνυσος,
924 766 1151 813 Ηφαιστος,
1182 765 1404 804 Ποσειδῶν
1460 762 1675 816 Διόνυσος,
1698 765 1770 805 ait

319 816 504 870 Orpheus
526 817 633 869 apud
651 818 906 866 Macrobium,
936 815 1017 860 ἆπὸ
1032 822 1105 860 τοῦ
1125 820 1323 860 δινεῖσθαι
1341 820 1530 870 originem
1548 821 1676 862 ducit:

537 876 704 926 Προῖτος
722 869 762 915 δ’
783 875 839 923 εἰς
860 870 966 925 φάος
972 870 1109 943 ἦλθε,
1138 871 1345 923 Διωνυσος
1366 873 1408 916 δ’
1431 874 1674 930 {weukvy‘fins

542 928 698 970 Οὕνεκα
715 931 878 971 δινεῖται
894 927 982 971 κατ’
1003 928 1192 983 απείρονα
1211 929 1360 985 μακρὸν
1377 929 1594 984 ”.Ολυμπον

320 986 444 1035 uide,
475 991 514 1024 et
532 986 582 1024 ad
603 985 680 1024 hoc
699 987 922 1039 exemplum
942 987 1058 1026 crede
1077 987 1151 1025 alia
1169 987 1286 1026 fuisse
1313 987 1525 1027 dicturum.
1581 989 1663 1028 Nec
1682 990 1770 1040 qui-

323 1042 412 1080 dem
433 1041 482 1079 de
501 1042 783 1092 significatione
800 1046 873 1082 τοῦ
893 1045 1140 1097 Ηρικεπαίου
1166 1044 1267 1082 belle
1289 1044 1474 1083 convenit
1499 1044 1769 1111 scriptoribus.

323 1071 559 1136 Secundumb
575 1099 773 1149 Malelam,
802 1099 962 1138 Suidam
991 1106 1030 1138 et
1057 1099 1275 1138 Cedrenum
1305 1106 1365 1139 est
1393 1097 1602 1153 ζωοδοτήρ.
1658 1101 1771 1140 Nosti

224 1151 257 1185 Ο
277 1152 301 1186 5
323 1153 396 1191 lios
415 1160 517 1203 tres,
548 1167 665 1204 quam
691 1154 742 1192 ad
760 1168 879 1193 unum
907 1155 1070 1194 redeant
1100 1156 1280 1207 denique.
1337 1154 1388 1194 At
1410 1156 1587 1194 Nonno
1575 1170 1618 1194 m
1655 1169 1771 1197 συνα-

323 1213 436 1264 γωγῇ
455 1211 639 1262 ἱστοριων
657 1210 808 1249 Phanas
823 1217 882 1250 est
898 1209 1103 1279 ζωοδοτήρ.
1162 1212 1397 1263 Ericepaeus
1419 1212 1534 1251 aliam
1551 1212 1630 1251 vim
1652 1212 1772 1252 habet

323 1267 456 1304 nescio
478 1279 608 1316 quam.
666 1266 840 1319 Λέγουσι
871 1267 914 1307 δὲ
945 1283 1069 1308 αυτον
1100 1283 1170 1308 τον
1198 1264 1364 1319 Φάνητα
1390 1266 1547 1321 ἔφορον,
1568 1266 1669 1309 εἶναι
1701 1272 1773 1321 τῆς

323 1318 539 1381 ζωογόνου
548 1317 775 1373 δυνάμεως,
805 1321 954 1374 ομοίως
981 1323 1049 1363 καὶ
1074 1321 1144 1364 τὸν
1172 1327 1420 1377 Ηρικεπαῖον
1446 1323 1662 1379 λέγουσιν’
1642 1323 1774 1379 ετέρας

228 1376 257 1409 V
278 1375 339 1410 5⁷
325 1377 471 1429 ἔφορον
501 1381 602 1417 εἰναι
633 1374 852 1429 δυνάμεως.
919 1378 1205 1428 Quamobrem,
1244 1380 1278 1416 si
1301 1379 1470 1431 sapiam,
1507 1392 1588 1418 non
1615 1394 1772 1444 operam

324 1433 520 1486 perdam
509 1447 551 1470 111
570 1434 816 1485 Etymologia
844 1433 918 1471 hac
945 1434 1196 1485 inquirenda:
1238 1436 1356 1485 magis
1385 1448 1435 1473 ex
1458 1449 1532 1474 usu
1562 1437 1702 1484 suerit,
1731 1437 1773 1474 in

325 1490 466 1541 quibus
487 1490 656 1540 primum
677 1490 801 1527 institi
819 1490 994 1540 vestigiis
1021 1504 1203 1542 pergere3
1233 1496 1270 1528 et
1295 1490 1407 1542 siqua
1430 1497 1576 1530 restent
1600 1492 1774 1544 Orphica

324 1546 434 1598 apud
460 1545 662 1596 medelam,
705 1559 806 1596 quae
839 1547 1082 1585 correctione
1116 1560 1216 1599 opus
1241 1546 1431 1596 habeant,
1469 1561 1546 1599 pro
1573 1548 1678 1587 virili
1712 1561 1775 1587 re-

324 1603 502 1641 stituere.

438 1658 503 1696 Sic
530 1656 653 1706 igitur
669 1655 816 1707 refingo
843 1657 993 1728 locum3
1024 1671 1140 1709 quem
1159 1657 1279 1696 habes
1295 1671 1334 1709 p.
1357 1659 1423 1699 89

545 1715 587 1753 ,Ω
616 1710 715 1763 α’να,
745 1716 906 1765 Λητοῦς
930 1710 1002 1764 υἷ’,
1032 1710 1242 1779 ἑκατηβόλε
1266 1715 1388 1766 Φοῖβε
1402 1711 1581 1781 κραταιὲ,

544 1767 790 1822 Πανδερκὲς,
824 1774 1009 1821 θνητοῖσι
1022 1770 1088 1810 καὶ
1107 1766 1369 1810 ἀθανάτοισιν
1387 1765 1586 1822 ἀνάσσων,

545 1825 685 1874 Ηέλιε,
701 1824 941 1895 χρυσέαισιν
963 1822 1162 1880 αειρόμενε
1185 1838 1449 1894 πτερυγεσσιν,

546 1877 785 1933 Δωδεκάτην
808 1879 859 1934 δη
878 1878 996 1933 τήνδε
1021 1883 1146 1934 παραί
1165 1894 1229 1923 σεο
1249 1882 1387 1922 ἔκλυον
1405 1878 1552 1948 ὀμφὴν,

548 1940 630 1977 Σεῦ
649 1938 843 1990 φαμένου,
874 1936 917 1978 σὲ
937 1937 978 1978 δέ
996 1935 1035 1990 γ’
1057 1935 1190 1988 αὐτὸν,
1219 1935 1394 1990 ἓκηβόλε,
1425 1952 1603 2000 MWQJUQ‘*
1618 1936 1749 1986 θείην.

444 1992 576 2030 Tertio
607 2001 733 2032 autem
761 1994 895 2032 veisui
926 1995 1143 2033 simillimus
1171 2000 1210 2033 et
1227 1994 1394 2033 maxime
1413 1993 1587 2045 geminus
1608 1992 1779 2045 ejusdem

336 2047 539 2100 scriptmis
558 2056 616 2087 est
633 2050 762 2087 alius·
750 2064 792 2088 ln
811 2050 966 2102 Hymno
990 2051 1039 2089 ad
1061 2052 1341 2101 Protogonum·

553 2103 813 2158 Πρωτογόνον
838 2106 962 2146 καλέω
990 2108 1117 2159 διφυῆ
1135 2106 1257 2160 μέγαν
1279 2101 1627 2173 αἰθερόπλαγκτον,

553 2162 734 2215 Ωογενη,
763 2161 985 2214 χρυσέαισιν
1008 2160 1271 2215 αγαλλόμενον
1298 2158 1563 2214 πτεούγεσσιν.

335 2215 388 2254 At.
404 2215 465 2254 vir
481 2215 609 2254 bonus
637 2218 822 2267 Jonnnes,
852 2225 968 2269 atque
993 2220 1086 2257 item
1117 2218 1330 2266 Cedrenus,
1359 2230 1408 2255 ne
1426 2218 1465 2254 in
1494 2214 1674 2254 librarios
1694 2214 1777 2251 cul-

337 2286 428 2323 pam
447 2272 551 2310 hanc
582 2274 813 2323 transseraS,
842 2289 915 2325 την
944 2274 1112 2328 πτέρυγα
1135 2274 1425 2312 arbitrabantur
1446 2282 1528 2310 esse
1549 2270 1700 2322 generis
1719 2271 1778 2307 vi-

336 2329 433 2366 rilis.
489 2327 550 2367 En
569 2343 636 2367 cor
658 2328 870 2377 Zenodoti,
901 2345 944 2367 en
969 2332 1077 2382 jecur
1099 2328 1286 2369 Cratetis!

447 2384 572 2422 Multo
591 2399 684 2423 vero
708 2385 864 2435 gravius
887 2385 1049 2423 affectus
1068 2392 1125 2424 est
1144 2387 1256 2424 locus
1274 2398 1359 2436 pag.
1377 2387 1443 2425 92.
1461 2383 1514 2420 ita
1532 2386 1672 2434 poetae
1690 2393 1781 2419 ver-

337 2440 388 2478 ba
414 2453 493 2477 non
524 2441 640 2478 modo
672 2454 760 2479 cum
788 2441 1145 2492 interpretamentis
1168 2442 1328 2479 Malelae
1357 2439 1518 2477 confusa
1548 2444 1638 2476 sunt
1665 2443 1781 2487 atque

337 2496 570 2544 commixtw,
607 2497 676 2535 sed
707 2504 744 2535 et
766 2497 927 2547 insuper
952 2498 1103 2535 mendis
1133 2498 1257 2535 obsita
1284 2502 1322 2534 et
1346 2501 1542 2548 cooperta.
1598 2494 1670 2532 Illa
1693 2493 1780 2543 qui-

339 2552 428 2590 dem
446 2559 552 2590 certe
577 2551 629 2605 μὴ
662 2550 727 2592 διοέ
759 2551 881 2605 μηδὲν
899 2553 1048 2590 veritus
1068 2559 1126 2590 est
1146 2552 1342 2592 cedrenus
1362 2550 1601 2600 describere,
1636 2549 1783 2600 quippe

340 2621 439 2659 quae
460 2609 568 2646 nullo
589 2622 754 2660 prorsus
772 2609 887 2646 modo
910 2608 1156 2647 intellexerit.
1222 2607 1275 2646 At
1299 2607 1455 2646 memini
1474 2606 1618 2645 vidisse
1638 2606 1784 2644 Excer-

338 2670 408 2716 pta
429 2665 618 2713 quaedam
647 2678 765 2703 manu
792 2664 951 2703 Patricii
981 2664 1085 2701 Junii
1104 2678 1152 2702 ex
1177 2663 1370 2702 Chronico
1392 2663 1562 2713 quodam
1582 2675 1701 2714 penes
1723 2661 1783 2699 Cl.

343 2719 553 2758 seldenum
584 2721 868 2773 manuscripto:
898 2720 963 2758 ubi
990 2720 1094 2758 inter
1122 2719 1195 2756 alia
1223 2719 1394 2771 ejusdem
1420 2720 1565 2756 farinae
1595 2718 1691 2755 haec
1710 2716 1783 2754 Or-

343 2774 463 2827 phica
493 2775 760 2827 habebantur,
802 2783 987 2828 corrupta
1016 2789 1060 2814 ea
1087 2774 1243 2826 quidem
1276 2781 1315 2813 et
1344 2775 1500 2824 mutila3
1532 2774 1783 2812 nihilominus

345 2831 385 2868 in
405 2831 545 2883 quibus
567 2840 744 2871 extarent
770 2833 930 2884 vestigia
951 2845 1066 2872 verae
1087 2831 1283 2871 lectionis:
1314 2831 1505 2883 siquidem
1521 2830 1574 2869 ibi
1596 2830 1784 2881 scriptum
