<?xml version="1.0" encoding="UTF-8"?>
<!DOCTYPE html PUBLIC "-//W3C//DTD XHTML 1.0 Transitional//EN"
    "http://www.w3.org/TR/xhtml1/DTD/xhtml1-transitional.dtd">
<html xmlns="http://www.w3.org/1999/xhtml" xml:lang="en" lang="en">
 <head>
  <title>
</title>
<meta http-equiv="Content-Type" content="text/html;charset=utf-8" />
  <meta name='ocr-system' content='tesseract 3.04.00' />
  <meta name='ocr-capabilities' content='ocr_page ocr_carea ocr_par ocr_line ocrx_word'/>
</head>
<body>
  <div class='ocr_page' id='page_1' title='image "./corpusscriptorum28niebuoft_0773.png"; bbox 0 0 1838 3230; ppageno 0'>
   <div class='ocr_carea' id='block_1_1' title="bbox 669 150 1542 210">
    <p class='ocr_par' dir='ltr' id='par_1_1' title="bbox 669 150 1542 210">
     <span class='ocr_line' id='line_1_1' title="bbox 669 150 1542 210; baseline 0.014 -14"><span class='ocrx_word' id='word_1_1' title='bbox 669 150 965 199; x_wconf 84' lang='lat' dir='ltr'><strong>EPISTOLA.</strong></span> <span class='ocrx_word' id='word_1_2' title='bbox 1444 161 1542 210; x_wconf 84' lang='lat'><strong>691</strong></span> 
     </span>
    </p>
   </div>
   <div class='ocr_carea' id='block_1_2' title="bbox 85 265 1545 491">
    <p class='ocr_par' dir='ltr' id='par_1_2' title="bbox 3 239 1545 491">
     <span class='ocr_line' id='line_1_2' title="bbox 85 265 1545 321; baseline 0.004 -15.681"><span class='ocrx_word' id='word_1_3' title='bbox 85 265 230 306; x_wconf 79' lang='lat' dir='ltr'><strong>bonam</strong></span> <span class='ocrx_word' id='word_1_4' title='bbox 251 269 388 306; x_wconf 77' lang='lat' dir='ltr'><strong>aetatis</strong></span> <span class='ocrx_word' id='word_1_5' title='bbox 409 273 561 321; x_wconf 88' lang='lat' dir='ltr'><strong>partem</strong></span> <span class='ocrx_word' id='word_1_6' title='bbox 583 268 791 319; x_wconf 79' lang='lat' dir='ltr'><strong>contrivit,</strong></span> <span class='ocrx_word' id='word_1_7' title='bbox 821 276 867 308; x_wconf 88' lang='lat' dir='ltr'><strong>ut</strong></span> <span class='ocrx_word' id='word_1_8' title='bbox 885 268 1171 309; x_wconf 78' lang='lat' dir='ltr'><strong>Suidam&#39;soras</strong></span> <span class='ocrx_word' id='word_1_9' title='bbox 1198 269 1425 311; x_wconf 78' lang='lat' dir='ltr'><strong>extruderet</strong></span> <span class='ocrx_word' id='word_1_10' title='bbox 1438 285 1545 311; x_wconf 85' lang='lat' dir='ltr'><strong>men-</strong></span> 
     </span>
     <span class='ocr_line' id='line_1_3' title="bbox 86 322 1544 419; baseline 0.003 -57"><span class='ocrx_word' id='word_1_11' title='bbox 86 322 150 419; x_wconf 59' lang='grc'><strong>3111</strong></span> <span class='ocrx_word' id='word_1_12' title='bbox 167 323 411 376; x_wconf 75' lang='lat' dir='ltr'><strong>maculisque</strong></span> <span class='ocrx_word' id='word_1_13' title='bbox 429 338 713 378; x_wconf 74' lang='lat' dir='ltr'><strong>usquequaque</strong></span> <span class='ocrx_word' id='word_1_14' title='bbox 734 325 919 376; x_wconf 86' lang='lat' dir='ltr'><strong>obsitum,</strong></span> <span class='ocrx_word' id='word_1_15' title='bbox 945 332 992 366; x_wconf 88' lang='lat' dir='ltr'><strong>ut</strong></span> <span class='ocrx_word' id='word_1_16' title='bbox 1007 325 1218 379; x_wconf 82' lang='lat' dir='ltr'><strong>aliquando</strong></span> <span class='ocrx_word' id='word_1_17' title='bbox 1237 327 1402 367; x_wconf 85' lang='lat' dir='ltr'><strong>sortasse</strong></span> <span class='ocrx_word' id='word_1_18' title='bbox 1418 335 1544 368; x_wconf 86' lang='lat' dir='ltr'><strong>osten·</strong></span> 
     </span>
     <span class='ocr_line' id='line_1_4' title="bbox 116 387 1542 491; baseline 0.004 -15"><span class='ocrx_word' id='word_1_19' title='bbox 116 387 288 487; x_wconf 49' lang='lat' dir='ltr'><strong>emussag·</strong></span> <span class='ocrx_word' id='word_1_20' title='bbox 317 435 383 478; x_wconf 87' lang='lat'><strong>51.</strong></span> <span class='ocrx_word' id='word_1_21' title='bbox 429 433 511 478; x_wconf 65' lang='lat' dir='ltr'><strong>Aac}</strong></span> <span class='ocrx_word' id='word_1_22' title='bbox 543 438 661 478; x_wconf 76' lang='grc' dir='ltr'><strong><em>τοῦτο</em></strong></span> <span class='ocrx_word' id='word_1_23' title='bbox 691 435 734 477; x_wconf 74' lang='grc' dir='ltr'><strong>δὲ</strong></span> <span class='ocrx_word' id='word_1_24' title='bbox 763 436 788 478; x_wconf 80' lang='lat' dir='ltr'><strong>o‘</strong></span> <span class='ocrx_word' id='word_1_25' title='bbox 814 435 1043 491; x_wconf 69' lang='grc' dir='ltr'><strong><em>Εὐριπίδης</em></strong></span> <span class='ocrx_word' id='word_1_26' title='bbox 1078 440 1159 479; x_wconf 76' lang='grc' dir='ltr'><strong><em>τῶν</em></strong></span> <span class='ocrx_word' id='word_1_27' title='bbox 1184 441 1350 491; x_wconf 71' lang='grc' dir='ltr'><strong><em>Βακχῶν</em></strong></span> <span class='ocrx_word' id='word_1_28' title='bbox 1386 439 1542 489; x_wconf 77' lang='grc' dir='ltr'><em>ἐξέθετο</em></span> 
     </span>
    </p>
   </div>
   <div class='ocr_carea' id='block_1_3' title="bbox 13 484 1543 548">
    <p class='ocr_par' dir='ltr' id='par_1_3' title="bbox 13 484 1543 548">
     <span class='ocr_line' id='line_1_5' title="bbox 13 484 1543 548; baseline 0.004 -16"><span class='ocrx_word' id='word_1_29' title='bbox 13 484 17 489; x_wconf 44' lang='lat'><em>⁴</em></span> <span class='ocrx_word' id='word_1_30' title='bbox 85 492 239 545; x_wconf 74' lang='grc' dir='ltr'><strong><em>δρᾶμα,</em></strong></span> <span class='ocrx_word' id='word_1_31' title='bbox 268 507 326 541; x_wconf 87' lang='grc' dir='ltr'><strong>ως</strong></span> <span class='ocrx_word' id='word_1_32' title='bbox 354 488 433 534; x_wconf 68' lang='lat' dir='ltr'><strong>dno</strong></span> <span class='ocrx_word' id='word_1_33' title='bbox 453 492 646 540; x_wconf 78' lang='grc' dir='ltr'><em>Πενθέως</em></span> <span class='ocrx_word' id='word_1_34' title='bbox 677 491 802 534; x_wconf 67' lang='grc' dir='ltr'><strong><em>εἰπών</em></strong></span> <span class='ocrx_word' id='word_1_35' title='bbox 829 498 972 535; x_wconf 83' lang='grc' dir='ltr'><strong><em>ταῦτα.</em></strong></span> <span class='ocrx_word' id='word_1_36' title='bbox 1002 494 1155 547; x_wconf 81' lang='grc' dir='ltr'><strong><em>Σεμέλη</em></strong></span> <span class='ocrx_word' id='word_1_37' title='bbox 1178 493 1220 535; x_wconf 80' lang='grc' dir='ltr'><strong>δὲ</strong></span> <span class='ocrx_word' id='word_1_38' title='bbox 1239 498 1472 548; x_wconf 85' lang='grc' dir='ltr'><strong><em>λοχευθεῖσα</em></strong></span> <span class='ocrx_word' id='word_1_39' title='bbox 1500 498 1543 538; x_wconf 79' lang='grc' dir='ltr'><strong>ἐκ</strong></span> 
     </span>
    </p>
   </div>
   <div class='ocr_carea' id='block_1_4' title="bbox 83 548 1544 675">
    <p class='ocr_par' dir='ltr' id='par_1_4' title="bbox 83 548 1544 659">
     <span class='ocr_line' id='line_1_6' title="bbox 85 548 1544 614; baseline 0.002 -25"><span class='ocrx_word' id='word_1_40' title='bbox 85 549 232 602; x_wconf 82' lang='grc' dir='ltr'><em>βροτοῦ</em></span> <span class='ocrx_word' id='word_1_41' title='bbox 257 563 388 598; x_wconf 84' lang='grc' dir='ltr'><strong><em>τινος,</em></strong></span> <span class='ocrx_word' id='word_1_42' title='bbox 428 549 484 597; x_wconf 83' lang='grc' dir='ltr'><strong><em>εἰς</em></strong></span> <span class='ocrx_word' id='word_1_43' title='bbox 512 551 628 601; x_wconf 82' lang='grc' dir='ltr'><strong><em>Ζῆνα</em></strong></span> <span class='ocrx_word' id='word_1_44' title='bbox 651 548 829 603; x_wconf 86' lang='grc' dir='ltr'><strong><em>φέρουσα</em></strong></span> <span class='ocrx_word' id='word_1_45' title='bbox 855 549 930 602; x_wconf 75' lang='grc' dir='ltr'><strong><em>τήν</em></strong></span> <span class='ocrx_word' id='word_1_46' title='bbox 960 549 1156 604; x_wconf 70' lang='grc' dir='ltr'><strong><em>ἁμαρτίαν</em></strong></span> <span class='ocrx_word' id='word_1_47' title='bbox 1182 550 1294 614; x_wconf 67' lang='grc' dir='ltr'><strong><em>λέγει.</em></strong></span> <span class='ocrx_word' id='word_1_48' title='bbox 1357 551 1544 592; x_wconf 78' lang='lat' dir='ltr'><strong>Bacchae</strong></span> 
     </span>
     <span class='ocr_line' id='line_1_7' title="bbox 83 604 1541 675; baseline 0.003 -31"><span class='ocrx_word' id='word_1_49' title='bbox 83 604 284 675; x_wconf 78' lang='lat' dir='ltr'><strong>Euripidis</strong></span> <span class='ocrx_word' id='word_1_50' title='bbox 311 606 426 643; x_wconf 82' lang='lat' dir='ltr'><strong>etiarn</strong></span> <span class='ocrx_word' id='word_1_51' title='bbox 455 612 562 644; x_wconf 86' lang='lat' dir='ltr'><strong>nunc</strong></span> <span class='ocrx_word' id='word_1_52' title='bbox 585 613 810 657; x_wconf 69' lang='lat' dir='ltr'><strong>supeisunt.</strong></span> <span class='ocrx_word' id='word_1_53' title='bbox 866 607 971 645; x_wconf 84' lang='lat' dir='ltr'><strong>Illud</strong></span> <span class='ocrx_word' id='word_1_54' title='bbox 999 614 1129 646; x_wconf 82' lang='lat' dir='ltr'><strong>autem</strong></span> <span class='ocrx_word' id='word_1_55' title='bbox 1158 608 1347 646; x_wconf 87' lang='lat' dir='ltr'><strong>mentitur</strong></span> <span class='ocrx_word' id='word_1_56' title='bbox 1369 609 1541 659; x_wconf 84' lang='lat' dir='ltr'><strong>Malelas,</strong></span> 
     </span>
    </p>
   </div>
   <div class='ocr_carea' id='block_1_5' title="bbox 5 657 1541 713">
    <p class='ocr_par' dir='ltr' id='par_1_5' title="bbox 5 657 1541 713">
     <span class='ocr_line' id='line_1_8' title="bbox 5 657 1541 713; baseline 0.003 -13"><span class='ocrx_word' id='word_1_57' title='bbox 5 687 9 693; x_wconf 81' lang='lat'><em>-</em></span> <span class='ocrx_word' id='word_1_58' title='bbox 85 659 141 709; x_wconf 71' lang='grc' dir='ltr'><strong>ὥς</strong></span> <span class='ocrx_word' id='word_1_59' title='bbox 167 657 247 702; x_wconf 67' lang='lat' dir='ltr'><strong>vind</strong></span> <span class='ocrx_word' id='word_1_60' title='bbox 264 659 500 709; x_wconf 80' lang='grc' dir='ltr'><strong>Πενθέως.</strong></span> <span class='ocrx_word' id='word_1_61' title='bbox 523 675 605 699; x_wconf 83' lang='grc'><strong>11011</strong></span> <span class='ocrx_word' id='word_1_62' title='bbox 625 661 820 701; x_wconf 85' lang='lat' dir='ltr'><strong>Pentheus</strong></span> <span class='ocrx_word' id='word_1_63' title='bbox 854 663 978 713; x_wconf 90' lang='lat' dir='ltr'><strong>enim,</strong></span> <span class='ocrx_word' id='word_1_64' title='bbox 1013 677 1154 702; x_wconf 88' lang='lat' dir='ltr'><strong>verum</strong></span> <span class='ocrx_word' id='word_1_65' title='bbox 1184 664 1356 702; x_wconf 78' lang='lat' dir='ltr'><strong>Semelae</strong></span> <span class='ocrx_word' id='word_1_66' title='bbox 1384 678 1541 704; x_wconf 86' lang='lat' dir='ltr'><strong>sorores</strong></span> 
     </span>
    </p>
   </div>
   <div class='ocr_carea' id='block_1_6' title="bbox 77 712 1666 1947">
    <p class='ocr_par' dir='ltr' id='par_1_6' title="bbox 82 712 1666 1054">
     <span class='ocr_line' id='line_1_9' title="bbox 83 712 1541 774; baseline 0.002 -17"><span class='ocrx_word' id='word_1_67' title='bbox 83 714 164 757; x_wconf 80' lang='grc' dir='ltr'><strong>1νῶ</strong></span> <span class='ocrx_word' id='word_1_68' title='bbox 185 733 212 757; x_wconf 77' lang='grc' dir='ltr'><strong><em>κ</em></strong></span> <span class='ocrx_word' id='word_1_69' title='bbox 219 712 453 767; x_wconf 72' lang='grc' dir='ltr'><strong><em>Ἀὕτονόα,</em></strong></span> <span class='ocrx_word' id='word_1_70' title='bbox 482 713 521 770; x_wconf 83' lang='grc' dir='ltr'><strong>χ’</strong></span> <span class='ocrx_word' id='word_1_71' title='bbox 550 717 578 757; x_wconf 80' lang='grc' dir='ltr'><strong>οἱ</strong></span> <span class='ocrx_word' id='word_1_72' title='bbox 593 714 850 774; x_wconf 81' lang='grc' dir='ltr'><strong><em>μαλοπάρῃος</em></strong></span> <span class='ocrx_word' id='word_1_73' title='bbox 869 716 1015 773; x_wconf 79' lang='grc' dir='ltr'><strong><em>Αγαύα</em></strong></span> <span class='ocrx_word' id='word_1_74' title='bbox 1036 721 1294 759; x_wconf 83' lang='lat' dir='ltr'><strong>contumelias</strong></span> <span class='ocrx_word' id='word_1_75' title='bbox 1319 719 1390 759; x_wconf 86' lang='lat' dir='ltr'><strong>has</strong></span> <span class='ocrx_word' id='word_1_76' title='bbox 1418 721 1454 760; x_wconf 93' lang='lat' dir='ltr'><strong>ei</strong></span> <span class='ocrx_word' id='word_1_77' title='bbox 1474 721 1541 760; x_wconf 81' lang='lat' dir='ltr'><strong>di-</strong></span> 
     </span>
     <span class='ocr_line' id='line_1_10' title="bbox 82 772 1413 826; baseline 0.002 -15"><span class='ocrx_word' id='word_1_78' title='bbox 82 779 238 814; x_wconf 82' lang='lat' dir='ltr'><strong>xerunt.</strong></span> <span class='ocrx_word' id='word_1_79' title='bbox 296 772 506 812; x_wconf 78' lang='lat' dir='ltr'><strong>Bacchus·</strong></span> <span class='ocrx_word' id='word_1_80' title='bbox 494 787 535 812; x_wconf 74' lang='lat' dir='ltr'><strong>:n</strong></span> <span class='ocrx_word' id='word_1_81' title='bbox 555 775 734 826; x_wconf 86' lang='lat' dir='ltr'><strong>prologo.</strong></span> <span class='ocrx_word' id='word_1_82' title='bbox 1410 816 1413 818; x_wconf 62' lang='grc'>,</span> 
     </span>
     <span class='ocr_line' id='line_1_11' title="bbox 301 825 1666 903; baseline 0.002 -33"><span class='ocrx_word' id='word_1_83' title='bbox 301 830 410 870; x_wconf 65' lang='lat' dir='ltr'><strong>Em!</strong></span> <span class='ocrx_word' id='word_1_84' title='bbox 432 825 480 882; x_wconf 80' lang='grc' dir='ltr'><strong>μ’</strong></span> <span class='ocrx_word' id='word_1_85' title='bbox 513 826 684 882; x_wconf 69' lang='grc' dir='ltr'><strong><em>ἀδελφαὶ</em></strong></span> <span class='ocrx_word' id='word_1_86' title='bbox 705 845 851 885; x_wconf 79' lang='grc' dir='ltr'><strong><em>μητρος</em></strong></span> <span class='ocrx_word' id='word_1_87' title='bbox 868 828 917 879; x_wconf 74' lang='grc' dir='ltr'><strong>ἃς</strong></span> <span class='ocrx_word' id='word_1_88' title='bbox 938 826 1072 884; x_wconf 75' lang='grc' dir='ltr'><strong><em>ἥκιστ’</em></strong></span> <span class='ocrx_word' id='word_1_89' title='bbox 1092 830 1211 903; x_wconf 76' lang='grc' dir='ltr'><strong><em>ἐχρῆν</em></strong></span> <span class='ocrx_word' id='word_1_90' title='bbox 1566 835 1600 870; x_wconf 89' lang='lat' dir='ltr'><strong>V</strong></span> <span class='ocrx_word' id='word_1_91' title='bbox 1624 836 1666 871; x_wconf 93' lang='grc'><strong>11</strong></span> 
     </span>
     <span class='ocr_line' id='line_1_12' title="bbox 299 882 1146 938; baseline 0.005 -13"><span class='ocrx_word' id='word_1_92' title='bbox 299 882 500 926; x_wconf 88' lang='grc' dir='ltr'><strong><em>Διόνυσον</em></strong></span> <span class='ocrx_word' id='word_1_93' title='bbox 522 902 598 927; x_wconf 81' lang='grc' dir='ltr'><strong>ουκ</strong></span> <span class='ocrx_word' id='word_1_94' title='bbox 616 886 791 938; x_wconf 73' lang='grc' dir='ltr'><strong><em>ἔφασκον</em></strong></span> <span class='ocrx_word' id='word_1_95' title='bbox 813 885 916 928; x_wconf 84' lang='grc' dir='ltr'><strong><em>εἶναι</em></strong></span> <span class='ocrx_word' id='word_1_96' title='bbox 932 891 1009 929; x_wconf 84' lang='grc' dir='ltr'><strong>τοῦ</strong></span> <span class='ocrx_word' id='word_1_97' title='bbox 1028 886 1146 938; x_wconf 84' lang='grc' dir='ltr'><strong><em>Διος,</em></strong></span> 
     </span>
     <span class='ocr_line' id='line_1_13' title="bbox 299 941 1241 996; baseline 0.003 -15"><span class='ocrx_word' id='word_1_98' title='bbox 299 941 477 994; x_wconf 83' lang='grc' dir='ltr'><strong><em>Σεμέλην</em></strong></span> <span class='ocrx_word' id='word_1_99' title='bbox 497 941 542 983; x_wconf 81' lang='grc' dir='ltr'><strong>δὲ</strong></span> <span class='ocrx_word' id='word_1_100' title='bbox 566 947 869 996; x_wconf 85' lang='grc' dir='ltr'><strong><em>νυμφευθεῖσαν</em></strong></span> <span class='ocrx_word' id='word_1_101' title='bbox 889 943 932 984; x_wconf 79' lang='grc' dir='ltr'><strong>ἐκ</strong></span> <span class='ocrx_word' id='word_1_102' title='bbox 957 948 1118 996; x_wconf 81' lang='grc' dir='ltr'><strong><em>θνητοῦ</em></strong></span> <span class='ocrx_word' id='word_1_103' title='bbox 1132 959 1241 992; x_wconf 84' lang='grc' dir='ltr'><strong><em>τινος</em></strong></span> 
     </span>
     <span class='ocr_line' id='line_1_14' title="bbox 302 994 1221 1068; baseline 0.003 -30"><span class='ocrx_word' id='word_1_104' title='bbox 302 999 378 1046; x_wconf 86' lang='grc' dir='ltr'><strong>Εἰς</strong></span> <span class='ocrx_word' id='word_1_105' title='bbox 397 994 502 1050; x_wconf 81' lang='grc' dir='ltr'><strong><em>Ζῆν’</em></strong></span> <span class='ocrx_word' id='word_1_106' title='bbox 531 995 746 1068; x_wconf 66' lang='grc' dir='ltr'><strong><em>ἀναφέρειν</em></strong></span> <span class='ocrx_word' id='word_1_107' title='bbox 763 1015 838 1051; x_wconf 89' lang='grc' dir='ltr'><strong><em>την</em></strong></span> <span class='ocrx_word' id='word_1_108' title='bbox 858 998 1052 1068; x_wconf 89' lang='grc' dir='ltr'><strong><em>αμαρτίαν</em></strong></span> <span class='ocrx_word' id='word_1_109' title='bbox 1072 999 1221 1053; x_wconf 84' lang='grc' dir='ltr'><strong><em>λέχους.</em></strong></span> 
     </span>
    </p>

    <p class='ocr_par' dir='ltr' id='par_1_7' title="bbox 77 1052 1659 1947">
     <span class='ocr_line' id='line_1_15' title="bbox 192 1052 1537 1124; baseline 0.001 -27"><span class='ocrx_word' id='word_1_110' title='bbox 192 1053 285 1105; x_wconf 79' lang='lat' dir='ltr'><strong>Pag·</strong></span> <span class='ocrx_word' id='word_1_111' title='bbox 317 1056 384 1097; x_wconf 89' lang='lat'><strong>58</strong></span> <span class='ocrx_word' id='word_1_112' title='bbox 423 1057 458 1095; x_wconf 92' lang='grc' dir='ltr'>Ο</span> <span class='ocrx_word' id='word_1_113' title='bbox 494 1069 570 1124; x_wconf 83' lang='grc' dir='ltr'><strong>γαρ</strong></span> <span class='ocrx_word' id='word_1_114' title='bbox 607 1054 836 1107; x_wconf 72' lang='grc' dir='ltr'><strong><em>σοφώτατος</em></strong></span> <span class='ocrx_word' id='word_1_115' title='bbox 866 1052 1094 1109; x_wconf 79' lang='grc' dir='ltr'><strong><em>Ευριπίὃης</em></strong></span> <span class='ocrx_word' id='word_1_116' title='bbox 1131 1071 1350 1108; x_wconf 78' lang='grc' dir='ltr'><strong><em>ποιητικως</em></strong></span> <span class='ocrx_word' id='word_1_117' title='bbox 1381 1055 1537 1106; x_wconf 78' lang='grc' dir='ltr'><strong><em>ἐξέθετο</em></strong></span> 
     </span>
     <span class='ocr_line' id='line_1_16' title="bbox 83 1107 1539 1178; baseline 0.003 -30"><span class='ocrx_word' id='word_1_118' title='bbox 83 1108 236 1161; x_wconf 71' lang='grc' dir='ltr'><strong><em>ὅραμα,</em></strong></span> <span class='ocrx_word' id='word_1_119' title='bbox 267 1109 323 1159; x_wconf 69' lang='grc' dir='ltr'><strong>οἷς</strong></span> <span class='ocrx_word' id='word_1_120' title='bbox 338 1107 396 1151; x_wconf 78' lang='grc' dir='ltr'><strong>’ὅτι</strong></span> <span class='ocrx_word' id='word_1_121' title='bbox 417 1109 438 1152; x_wconf 87' lang='grc' dir='ltr'>ὁ</span> <span class='ocrx_word' id='word_1_122' title='bbox 457 1109 560 1160; x_wconf 86' lang='grc' dir='ltr'><strong><em>Ζευς</em></strong></span> <span class='ocrx_word' id='word_1_123' title='bbox 580 1112 637 1160; x_wconf 82' lang='grc' dir='ltr'><strong><em>εἰς</em></strong></span> <span class='ocrx_word' id='word_1_124' title='bbox 665 1109 837 1178; x_wconf 91' lang='grc' dir='ltr'><strong><em>σατυρον</em></strong></span> <span class='ocrx_word' id='word_1_125' title='bbox 868 1111 1031 1166; x_wconf 76' lang='grc' dir='ltr'><strong><em>ἔφθειρε</em></strong></span> <span class='ocrx_word' id='word_1_126' title='bbox 1055 1110 1131 1165; x_wconf 82' lang='grc' dir='ltr'><strong><em>τὴν</em></strong></span> <span class='ocrx_word' id='word_1_127' title='bbox 1152 1109 1373 1165; x_wconf 82' lang='grc' dir='ltr'><strong><em>Αντιόπην.</em></strong></span> <span class='ocrx_word' id='word_1_128' title='bbox 1432 1114 1539 1153; x_wconf 88' lang='lat' dir='ltr'><strong>Cen-</strong></span> 
     </span>
     <span class='ocr_line' id='line_1_17' title="bbox 82 1165 1539 1222; baseline 0.005 -20"><span class='ocrx_word' id='word_1_129' title='bbox 82 1178 150 1203; x_wconf 82' lang='lat' dir='ltr'><strong>seo</strong></span> <span class='ocrx_word' id='word_1_130' title='bbox 177 1167 446 1218; x_wconf 85' lang='lat' dir='ltr'><strong>supplendum</strong></span> <span class='ocrx_word' id='word_1_131' title='bbox 476 1180 580 1218; x_wconf 84' lang='lat' dir='ltr'><strong>esse,</strong></span> <span class='ocrx_word' id='word_1_132' title='bbox 619 1168 676 1216; x_wconf 85' lang='grc' dir='ltr'><strong><em>εἰς</em></strong></span> <span class='ocrx_word' id='word_1_133' title='bbox 709 1165 878 1222; x_wconf 75' lang='grc' dir='ltr'><strong><em>σάτυρον</em></strong></span> <span class='ocrx_word' id='word_1_134' title='bbox 906 1168 1098 1221; x_wconf 80' lang='grc' dir='ltr'><strong><em>τρεφθεὶς</em></strong></span> <span class='ocrx_word' id='word_1_135' title='bbox 1129 1168 1301 1221; x_wconf 22' lang='grc' dir='ltr'><strong><em>εἫφθειρε</em></strong></span> <span class='ocrx_word' id='word_1_136' title='bbox 1367 1169 1539 1221; x_wconf 80' lang='lat' dir='ltr'><strong>Propter</strong></span> 
     </span>
     <span class='ocr_line' id='line_1_18' title="bbox 81 1221 1537 1274; baseline 0.003 -15"><span class='ocrx_word' id='word_1_137' title='bbox 81 1221 379 1262; x_wconf 86' lang='lat' dir='ltr'><strong>similitudinem</strong></span> <span class='ocrx_word' id='word_1_138' title='bbox 400 1223 571 1263; x_wconf 85' lang='lat' dir='ltr'><strong>duorum</strong></span> <span class='ocrx_word' id='word_1_139' title='bbox 595 1225 808 1263; x_wconf 84' lang='lat' dir='ltr'><strong>ve1borum</strong></span> <span class='ocrx_word' id='word_1_140' title='bbox 828 1224 994 1273; x_wconf 85' lang='lat' dir='ltr'><strong>accidit,</strong></span> <span class='ocrx_word' id='word_1_141' title='bbox 1027 1230 1071 1263; x_wconf 91' lang='lat' dir='ltr'><strong>ut</strong></span> <span class='ocrx_word' id='word_1_142' title='bbox 1088 1225 1173 1263; x_wconf 89' lang='lat' dir='ltr'><strong>fieri</strong></span> <span class='ocrx_word' id='word_1_143' title='bbox 1193 1225 1313 1274; x_wconf 84' lang='lat' dir='ltr'><strong>solet,</strong></span> <span class='ocrx_word' id='word_1_144' title='bbox 1342 1231 1390 1263; x_wconf 84' lang='lat' dir='ltr'><strong>ut</strong></span> <span class='ocrx_word' id='word_1_145' title='bbox 1416 1226 1537 1265; x_wconf 83' lang='lat' dir='ltr'><strong>libra-</strong></span> 
     </span>
     <span class='ocr_line' id='line_1_19' title="bbox 78 1276 1537 1333; baseline 0.003 -18"><span class='ocrx_word' id='word_1_146' title='bbox 78 1276 163 1315; x_wconf 85' lang='lat' dir='ltr'><strong>rius</strong></span> <span class='ocrx_word' id='word_1_147' title='bbox 185 1291 306 1317; x_wconf 88' lang='lat' dir='ltr'><strong>unum</strong></span> <span class='ocrx_word' id='word_1_148' title='bbox 334 1279 542 1320; x_wconf 87' lang='lat' dir='ltr'><strong>omitteret.</strong></span> <span class='ocrx_word' id='word_1_149' title='bbox 597 1281 722 1319; x_wconf 89' lang='lat' dir='ltr'><strong>Porro</strong></span> <span class='ocrx_word' id='word_1_150' title='bbox 749 1281 881 1318; x_wconf 84' lang='lat' dir='ltr'><strong>fabula</strong></span> <span class='ocrx_word' id='word_1_151' title='bbox 910 1280 1093 1333; x_wconf 76' lang='lat' dir='ltr'><strong>Antiopa</strong></span> <span class='ocrx_word' id='word_1_152' title='bbox 1123 1287 1367 1319; x_wconf 83' lang='lat' dir='ltr'><strong>memoratur</strong></span> <span class='ocrx_word' id='word_1_153' title='bbox 1391 1282 1439 1320; x_wconf 90' lang='lat' dir='ltr'><strong>ab</strong></span> <span class='ocrx_word' id='word_1_154' title='bbox 1459 1283 1537 1320; x_wconf 85' lang='lat' dir='ltr'><strong>He·-</strong></span> 
     </span>
     <span class='ocr_line' id='line_1_20' title="bbox 79 1332 1537 1387; baseline 0.005 -16"><span class='ocrx_word' id='word_1_155' title='bbox 79 1332 241 1384; x_wconf 78' lang='lat' dir='ltr'><strong>eychio,</strong></span> <span class='ocrx_word' id='word_1_156' title='bbox 271 1335 460 1387; x_wconf 72' lang='lat' dir='ltr'><strong>Stobeeo,</strong></span> <span class='ocrx_word' id='word_1_157' title='bbox 489 1335 584 1377; x_wconf 81' lang='lat' dir='ltr'><strong>aliis.</strong></span> <span class='ocrx_word' id='word_1_158' title='bbox 642 1336 806 1375; x_wconf 86' lang='lat' dir='ltr'><strong>Photius</strong></span> <span class='ocrx_word' id='word_1_159' title='bbox 837 1335 1066 1375; x_wconf 79' lang='lat' dir='ltr'><strong>Patriarcha</strong></span> <span class='ocrx_word' id='word_1_160' title='bbox 1096 1338 1139 1376; x_wconf 89' lang='lat' dir='ltr'><strong>in</strong></span> <span class='ocrx_word' id='word_1_161' title='bbox 1166 1337 1310 1375; x_wconf 85' lang='lat' dir='ltr'><strong>Lexico</strong></span> <span class='ocrx_word' id='word_1_162' title='bbox 1331 1338 1413 1376; x_wconf 78' lang='lat' dir='ltr'><strong>MS,</strong></span> <span class='ocrx_word' id='word_1_163' title='bbox 1446 1337 1537 1378; x_wconf 80' lang='grc' dir='ltr'><strong>Εὕ-</strong></span> 
     </span>
     <span class='ocr_line' id='line_1_21' title="bbox 78 1387 1534 1462; baseline 0.003 -33"><span class='ocrx_word' id='word_1_164' title='bbox 78 1404 178 1443; x_wconf 79' lang='grc' dir='ltr'><strong><em>κρας</em></strong></span> <span class='ocrx_word' id='word_1_165' title='bbox 212 1387 402 1457; x_wconf 73' lang='grc' dir='ltr'><strong><em>εὔκρατος</em></strong></span> <span class='ocrx_word' id='word_1_166' title='bbox 446 1388 763 1462; x_wconf 53' lang='lat' dir='ltr'><strong>effovsspovoiowu</strong></span> <span class='ocrx_word' id='word_1_167' title='bbox 835 1390 1021 1461; x_wconf 79' lang='grc' dir='ltr'><strong><em>Εὔκρας</em></strong></span> <span class='ocrx_word' id='word_1_168' title='bbox 1041 1389 1092 1433; x_wconf 85' lang='grc' dir='ltr'><strong>ου’</strong></span> <span class='ocrx_word' id='word_1_169' title='bbox 1117 1389 1268 1446; x_wconf 76' lang='grc' dir='ltr'><strong><em>γένοιτ’</em></strong></span> <span class='ocrx_word' id='word_1_170' title='bbox 1303 1389 1356 1433; x_wconf 67' lang='grc' dir='ltr'><strong><em>ἂν</em></strong></span> <span class='ocrx_word' id='word_1_171' title='bbox 1393 1393 1534 1446; x_wconf 80' lang='grc' dir='ltr'><strong><em>ηδέως,</em></strong></span> 
     </span>
     <span class='ocr_line' id='line_1_22' title="bbox 78 1443 1536 1519; baseline 0.004 -34"><span class='ocrx_word' id='word_1_172' title='bbox 78 1444 124 1486; x_wconf 70' lang='grc' dir='ltr'><strong><em>ἐν</em></strong></span> <span class='ocrx_word' id='word_1_173' title='bbox 140 1443 336 1503; x_wconf 81' lang='grc' dir='ltr'><strong><em>Αντιόπη</em></strong></span> <span class='ocrx_word' id='word_1_174' title='bbox 391 1448 503 1516; x_wconf 88' lang='lat' dir='ltr'><strong>Lege.</strong></span> <span class='ocrx_word' id='word_1_175' title='bbox 533 1446 695 1518; x_wconf 78' lang='grc' dir='ltr'><strong><em>Εὕκρας</em></strong></span> <span class='ocrx_word' id='word_1_176' title='bbox 717 1446 921 1500; x_wconf 75' lang='grc' dir='ltr'><strong><em>εὔκρατος·</em></strong></span> <span class='ocrx_word' id='word_1_177' title='bbox 954 1445 1102 1502; x_wconf 76' lang='grc' dir='ltr'><strong>Εὕριπ.</strong></span> <span class='ocrx_word' id='word_1_178' title='bbox 1130 1449 1174 1490; x_wconf 81' lang='grc' dir='ltr'><strong><em>ἐν</em></strong></span> <span class='ocrx_word' id='word_1_179' title='bbox 1201 1445 1404 1519; x_wconf 85' lang='grc' dir='ltr'><strong><em>Αντιόπη·</em></strong></span> <span class='ocrx_word' id='word_1_180' title='bbox 1433 1453 1536 1503; x_wconf 90' lang='grc' dir='ltr'><strong><em>Βρο-</em></strong></span> 
     </span>
     <span class='ocr_line' id='line_1_23' title="bbox 78 1490 1533 1572; baseline 0.003 -30"><span class='ocrx_word' id='word_1_181' title='bbox 78 1505 206 1542; x_wconf 83' lang='grc' dir='ltr'><strong><em>τοῖσιν</em></strong></span> <span class='ocrx_word' id='word_1_182' title='bbox 230 1500 374 1558; x_wconf 80' lang='grc' dir='ltr'><strong><em>εύκρας</em></strong></span> <span class='ocrx_word' id='word_1_183' title='bbox 400 1518 448 1543; x_wconf 94' lang='grc' dir='ltr'><strong>ου</strong></span> <span class='ocrx_word' id='word_1_184' title='bbox 478 1501 628 1572; x_wconf 59' lang='grc' dir='ltr'><strong><em>γένριτ’</em></strong></span> <span class='ocrx_word' id='word_1_185' title='bbox 659 1503 711 1546; x_wconf 84' lang='grc' dir='ltr'><strong><em>α“ν</em></strong></span> <span class='ocrx_word' id='word_1_186' title='bbox 729 1505 868 1569; x_wconf 83' lang='grc' dir='ltr'><strong><em>ηδέως.</em></strong></span> <span class='ocrx_word' id='word_1_187' title='bbox 925 1490 1434 1557; x_wconf 66' lang='grc' dir='ltr'><strong>8111ᾱι131ε1ἷκραης,αντὶ</strong></span> <span class='ocrx_word' id='word_1_188' title='bbox 1461 1522 1533 1546; x_wconf 88' lang='grc' dir='ltr'><strong>του</strong></span> 
     </span>
     <span class='ocr_line' id='line_1_24' title="bbox 79 1555 1533 1612; baseline 0.002 -14"><span class='ocrx_word' id='word_1_189' title='bbox 79 1555 281 1610; x_wconf 69' lang='grc' dir='ltr'><strong><em>εὔκρατος.</em></strong></span> <span class='ocrx_word' id='word_1_190' title='bbox 339 1559 475 1599; x_wconf 84' lang='lat' dir='ltr'><strong>Scribe</strong></span> <span class='ocrx_word' id='word_1_191' title='bbox 492 1556 668 1612; x_wconf 76' lang='grc' dir='ltr'><strong><em>Ευκροὶς,</em></strong></span> <span class='ocrx_word' id='word_1_192' title='bbox 696 1562 753 1598; x_wconf 89' lang='lat' dir='ltr'><strong>uti</strong></span> <span class='ocrx_word' id='word_1_193' title='bbox 773 1567 882 1599; x_wconf 85' lang='lat' dir='ltr'><strong>recte</strong></span> <span class='ocrx_word' id='word_1_194' title='bbox 898 1560 1005 1612; x_wconf 84' lang='lat' dir='ltr'><strong>apud</strong></span> <span class='ocrx_word' id='word_1_195' title='bbox 1020 1561 1323 1611; x_wconf 84' lang='lat' dir='ltr'><strong>Etymologicon</strong></span> <span class='ocrx_word' id='word_1_196' title='bbox 1338 1575 1533 1612; x_wconf 88' lang='lat' dir='ltr'><strong>magnum.</strong></span> 
     </span>
     <span class='ocr_line' id='line_1_25' title="bbox 79 1614 1533 1668; baseline 0.003 -16"><span class='ocrx_word' id='word_1_197' title='bbox 79 1614 291 1666; x_wconf 75' lang='lat' dir='ltr'><strong>Antiopam</strong></span> <span class='ocrx_word' id='word_1_198' title='bbox 318 1616 439 1654; x_wconf 79' lang='lat' dir='ltr'><strong>latine</strong></span> <span class='ocrx_word' id='word_1_199' title='bbox 465 1615 604 1653; x_wconf 86' lang='lat' dir='ltr'><strong>docuit</strong></span> <span class='ocrx_word' id='word_1_200' title='bbox 626 1616 841 1664; x_wconf 74' lang='lat' dir='ltr'><strong>Pacuvius,</strong></span> <span class='ocrx_word' id='word_1_201' title='bbox 871 1615 920 1653; x_wconf 86' lang='lat' dir='ltr'><strong>de</strong></span> <span class='ocrx_word' id='word_1_202' title='bbox 949 1616 1100 1654; x_wconf 87' lang='lat' dir='ltr'><strong>Graeco</strong></span> <span class='ocrx_word' id='word_1_203' title='bbox 1130 1617 1332 1668; x_wconf 81' lang='lat' dir='ltr'><strong>Emipidis</strong></span> <span class='ocrx_word' id='word_1_204' title='bbox 1362 1631 1533 1656; x_wconf 75' lang='lat' dir='ltr'><strong>convel-</strong></span> 
     </span>
     <span class='ocr_line' id='line_1_26' title="bbox 80 1645 1659 1726; baseline 0.004 -18"><span class='ocrx_word' id='word_1_205' title='bbox 80 1684 184 1708; x_wconf 81' lang='lat' dir='ltr'><strong>sam.</strong></span> <span class='ocrx_word' id='word_1_206' title='bbox 215 1671 426 1709; x_wconf 84' lang='lat' dir='ltr'><strong>citantibus</strong></span> <span class='ocrx_word' id='word_1_207' title='bbox 447 1670 647 1720; x_wconf 76' lang='lat' dir='ltr'><strong>Charisia,</strong></span> <span class='ocrx_word' id='word_1_208' title='bbox 684 1645 891 1720; x_wconf 88' lang='lat' dir='ltr'><strong>Diomede,</strong></span> <span class='ocrx_word' id='word_1_209' title='bbox 922 1672 1058 1710; x_wconf 86' lang='lat' dir='ltr'><strong>Servio</strong></span> <span class='ocrx_word' id='word_1_210' title='bbox 1087 1678 1124 1709; x_wconf 85' lang='lat' dir='ltr'><strong>et</strong></span> <span class='ocrx_word' id='word_1_211' title='bbox 1142 1672 1341 1711; x_wconf 81' lang='lat' dir='ltr'><strong>Marcello.</strong></span> <span class='ocrx_word' id='word_1_212' title='bbox 1381 1674 1423 1712; x_wconf 91' lang='lat' dir='ltr'><strong>In</strong></span> <span class='ocrx_word' id='word_1_213' title='bbox 1452 1688 1532 1726; x_wconf 89' lang='lat' dir='ltr'><strong>quo</strong></span> <span class='ocrx_word' id='word_1_214' title='bbox 1556 1678 1589 1713; x_wconf 92' lang='grc' dir='ltr'>Ο</span> <span class='ocrx_word' id='word_1_215' title='bbox 1615 1679 1659 1714; x_wconf 86' lang='grc'><strong>17</strong></span> 
     </span>
     <span class='ocr_line' id='line_1_27' title="bbox 80 1726 1531 1777; baseline 0.005 -14"><span class='ocrx_word' id='word_1_216' title='bbox 80 1726 276 1776; x_wconf 83' lang='lat' dir='ltr'><strong>admiror,</strong></span> <span class='ocrx_word' id='word_1_217' title='bbox 316 1728 372 1766; x_wconf 86' lang='lat' dir='ltr'><strong>ait</strong></span> <span class='ocrx_word' id='word_1_218' title='bbox 405 1727 540 1766; x_wconf 87' lang='lat' dir='ltr'><strong>Cicero</strong></span> <span class='ocrx_word' id='word_1_219' title='bbox 569 1727 618 1765; x_wconf 91' lang='lat' dir='ltr'><strong>de</strong></span> <span class='ocrx_word' id='word_1_220' title='bbox 644 1727 828 1773; x_wconf 84' lang='lat' dir='ltr'><strong>Finibus,</strong></span> <span class='ocrx_word' id='word_1_221' title='bbox 867 1728 1004 1765; x_wconf 91' lang='lat' dir='ltr'><strong>curin</strong></span> <span class='ocrx_word' id='word_1_222' title='bbox 1035 1728 1273 1777; x_wconf 86' lang='lat' dir='ltr'><strong>gravissimis</strong></span> <span class='ocrx_word' id='word_1_223' title='bbox 1298 1729 1416 1768; x_wconf 89' lang='lat' dir='ltr'><strong>rebus</strong></span> <span class='ocrx_word' id='word_1_224' title='bbox 1449 1743 1531 1770; x_wconf 85' lang='lat' dir='ltr'><strong>non</strong></span> 
     </span>
     <span class='ocr_line' id='line_1_28' title="bbox 80 1782 1531 1835; baseline 0.003 -15"><span class='ocrx_word' id='word_1_225' title='bbox 80 1782 254 1821; x_wconf 86' lang='lat' dir='ltr'><strong>delectet</strong></span> <span class='ocrx_word' id='word_1_226' title='bbox 281 1797 346 1821; x_wconf 87' lang='lat' dir='ltr'><strong>eos</strong></span> <span class='ocrx_word' id='word_1_227' title='bbox 373 1783 528 1835; x_wconf 83' lang='lat' dir='ltr'><strong>patrius</strong></span> <span class='ocrx_word' id='word_1_228' title='bbox 558 1796 707 1832; x_wconf 84' lang='lat' dir='ltr'><strong>sermo,</strong></span> <span class='ocrx_word' id='word_1_229' title='bbox 738 1797 827 1822; x_wconf 90' lang='lat' dir='ltr'><strong>cum</strong></span> <span class='ocrx_word' id='word_1_230' title='bbox 858 1783 975 1821; x_wconf 85' lang='lat' dir='ltr'><strong>iidem</strong></span> <span class='ocrx_word' id='word_1_231' title='bbox 1003 1784 1164 1822; x_wconf 87' lang='lat' dir='ltr'><strong>fabellas</strong></span> <span class='ocrx_word' id='word_1_232' title='bbox 1185 1785 1340 1823; x_wconf 86' lang='lat' dir='ltr'><strong>Latinas</strong></span> <span class='ocrx_word' id='word_1_233' title='bbox 1367 1786 1417 1824; x_wconf 88' lang='lat' dir='ltr'><strong>ad</strong></span> <span class='ocrx_word' id='word_1_234' title='bbox 1440 1800 1531 1826; x_wconf 87' lang='lat' dir='ltr'><strong>ver-</strong></span> 
     </span>
     <span class='ocr_line' id='line_1_29' title="bbox 78 1838 1529 1891; baseline 0 -14"><span class='ocrx_word' id='word_1_235' title='bbox 78 1838 173 1877; x_wconf 90' lang='lat' dir='ltr'><strong>bum</strong></span> <span class='ocrx_word' id='word_1_236' title='bbox 194 1839 242 1878; x_wconf 89' lang='lat' dir='ltr'><strong>de</strong></span> <span class='ocrx_word' id='word_1_237' title='bbox 265 1839 424 1878; x_wconf 77' lang='lat' dir='ltr'><strong>Graecis</strong></span> <span class='ocrx_word' id='word_1_238' title='bbox 448 1853 653 1891; x_wconf 85' lang='lat' dir='ltr'><strong>expressas</strong></span> <span class='ocrx_word' id='word_1_239' title='bbox 674 1853 751 1877; x_wconf 88' lang='lat' dir='ltr'><strong>non</strong></span> <span class='ocrx_word' id='word_1_240' title='bbox 772 1840 886 1878; x_wconf 89' lang='lat' dir='ltr'><strong>inviti</strong></span> <span class='ocrx_word' id='word_1_241' title='bbox 907 1840 1049 1890; x_wconf 86' lang='lat' dir='ltr'><strong>legant.</strong></span> <span class='ocrx_word' id='word_1_242' title='bbox 1108 1840 1206 1887; x_wconf 85' lang='lat' dir='ltr'><strong>Quis</strong></span> <span class='ocrx_word' id='word_1_243' title='bbox 1235 1841 1336 1879; x_wconf 89' lang='lat' dir='ltr'><strong>enim</strong></span> <span class='ocrx_word' id='word_1_244' title='bbox 1357 1849 1435 1881; x_wconf 78' lang='lat' dir='ltr'><strong>tam</strong></span> <span class='ocrx_word' id='word_1_245' title='bbox 1455 1843 1529 1881; x_wconf 86' lang='lat' dir='ltr'><strong>ini-</strong></span> 
     </span>
     <span class='ocr_line' id='line_1_30' title="bbox 77 1895 1528 1947; baseline 0.003 -14"><span class='ocrx_word' id='word_1_246' title='bbox 77 1896 205 1933; x_wconf 85' lang='lat' dir='ltr'><strong>micus</strong></span> <span class='ocrx_word' id='word_1_247' title='bbox 222 1909 345 1947; x_wconf 86' lang='lat' dir='ltr'><strong>paene</strong></span> <span class='ocrx_word' id='word_1_248' title='bbox 363 1895 509 1934; x_wconf 89' lang='lat' dir='ltr'><strong>nomini</strong></span> <span class='ocrx_word' id='word_1_249' title='bbox 529 1897 703 1934; x_wconf 86' lang='lat' dir='ltr'><strong>Romano</strong></span> <span class='ocrx_word' id='word_1_250' title='bbox 730 1902 808 1943; x_wconf 84' lang='lat' dir='ltr'><strong>est,</strong></span> <span class='ocrx_word' id='word_1_251' title='bbox 840 1895 907 1947; x_wconf 91' lang='lat' dir='ltr'><strong>qui</strong></span> <span class='ocrx_word' id='word_1_252' title='bbox 935 1896 1053 1933; x_wconf 89' lang='lat' dir='ltr'><strong>Ennii</strong></span> <span class='ocrx_word' id='word_1_253' title='bbox 1071 1896 1269 1945; x_wconf 83' lang='lat' dir='ltr'><strong>Medeam,</strong></span> <span class='ocrx_word' id='word_1_254' title='bbox 1299 1904 1366 1936; x_wconf 86' lang='lat' dir='ltr'><strong>aut</strong></span> <span class='ocrx_word' id='word_1_255' title='bbox 1386 1900 1528 1937; x_wconf 86' lang='lat' dir='ltr'><strong>Antio-</strong></span> 
     </span>
    </p>
   </div>
   <div class='ocr_carea' id='block_1_7' title="bbox 4 1950 1526 2005">
    <p class='ocr_par' dir='ltr' id='par_1_8' title="bbox 4 1950 1526 2005">
     <span class='ocr_line' id='line_1_31' title="bbox 4 1950 1526 2005; baseline 0.004 -17"><span class='ocrx_word' id='word_1_256' title='bbox 4 1950 6 1954; x_wconf 75' lang='grc'>’</span> <span class='ocrx_word' id='word_1_257' title='bbox 77 1965 171 2003; x_wconf 83' lang='lat' dir='ltr'><strong>pam</strong></span> <span class='ocrx_word' id='word_1_258' title='bbox 186 1952 346 1990; x_wconf 83' lang='lat' dir='ltr'><strong>Pacuvii</strong></span> <span class='ocrx_word' id='word_1_259' title='bbox 366 1958 525 2004; x_wconf 89' lang='lat' dir='ltr'><strong>spernat</strong></span> <span class='ocrx_word' id='word_1_260' title='bbox 546 1958 613 1990; x_wconf 85' lang='lat' dir='ltr'><strong>aut</strong></span> <span class='ocrx_word' id='word_1_261' title='bbox 628 1952 810 2004; x_wconf 72' lang='lat' dir='ltr'><strong>rejiciat?</strong></span> <span class='ocrx_word' id='word_1_262' title='bbox 841 1952 908 2003; x_wconf 88' lang='lat' dir='ltr'><strong>qui</strong></span> <span class='ocrx_word' id='word_1_263' title='bbox 925 1965 963 1990; x_wconf 89' lang='lat' dir='ltr'><strong>se</strong></span> <span class='ocrx_word' id='word_1_264' title='bbox 987 1952 1126 1990; x_wconf 88' lang='lat' dir='ltr'><strong>iisdem</strong></span> <span class='ocrx_word' id='word_1_265' title='bbox 1152 1952 1355 2005; x_wconf 80' lang='lat' dir='ltr'><strong>Euripidis</strong></span> <span class='ocrx_word' id='word_1_266' title='bbox 1381 1955 1526 1994; x_wconf 85' lang='lat' dir='ltr'><strong>fabulis</strong></span> 
     </span>
    </p>
   </div>
   <div class='ocr_carea' id='block_1_8' title="bbox 75 2007 1565 2737">
    <p class='ocr_par' dir='ltr' id='par_1_9' title="bbox 79 2007 1293 2173">
     <span class='ocr_line' id='line_1_32' title="bbox 79 2007 1219 2058; baseline 0 -12"><span class='ocrx_word' id='word_1_267' title='bbox 79 2007 268 2048; x_wconf 83' lang='lat' dir='ltr'><strong>delectari</strong></span> <span class='ocrx_word' id='word_1_268' title='bbox 288 2009 415 2058; x_wconf 86' lang='lat' dir='ltr'><strong>dicat,</strong></span> <span class='ocrx_word' id='word_1_269' title='bbox 447 2009 602 2046; x_wconf 84' lang='lat' dir='ltr'><strong>Latinas</strong></span> <span class='ocrx_word' id='word_1_270' title='bbox 623 2007 780 2046; x_wconf 74' lang='lat' dir='ltr'><strong>oderit?</strong></span> <span class='ocrx_word' id='word_1_271' title='bbox 815 2008 930 2046; x_wconf 77' lang='lat' dir='ltr'><strong>Nosti</strong></span> <span class='ocrx_word' id='word_1_272' title='bbox 946 2007 1049 2046; x_wconf 85' lang='lat' dir='ltr'><strong>illud</strong></span> <span class='ocrx_word' id='word_1_273' title='bbox 1073 2008 1219 2058; x_wconf 87' lang='lat' dir='ltr'><strong>Persii,</strong></span> 
     </span>
     <span class='ocr_line' id='line_1_33' title="bbox 295 2064 1293 2116; baseline 0.001 -14"><span class='ocrx_word' id='word_1_274' title='bbox 295 2066 394 2102; x_wconf 90' lang='lat' dir='ltr'><strong>Sunt</strong></span> <span class='ocrx_word' id='word_1_275' title='bbox 411 2078 509 2116; x_wconf 87' lang='lat' dir='ltr'><strong>quos</strong></span> <span class='ocrx_word' id='word_1_276' title='bbox 534 2064 804 2116; x_wconf 80' lang='lat' dir='ltr'><strong>Pacuviusque</strong></span> <span class='ocrx_word' id='word_1_277' title='bbox 831 2071 869 2102; x_wconf 88' lang='lat' dir='ltr'><strong>et</strong></span> <span class='ocrx_word' id='word_1_278' title='bbox 887 2077 1099 2103; x_wconf 83' lang='lat' dir='ltr'><strong>verrucosa</strong></span> <span class='ocrx_word' id='word_1_279' title='bbox 1116 2071 1293 2104; x_wconf 83' lang='lat' dir='ltr'><strong>moretur</strong></span> 
     </span>
     <span class='ocr_line' id='line_1_34' title="bbox 295 2120 1204 2173; baseline 0.001 -15"><span class='ocrx_word' id='word_1_280' title='bbox 295 2121 488 2173; x_wconf 81' lang='lat' dir='ltr'><strong>Antiopa,</strong></span> <span class='ocrx_word' id='word_1_281' title='bbox 518 2120 711 2159; x_wconf 82' lang='lat' dir='ltr'><strong>aerumnis</strong></span> <span class='ocrx_word' id='word_1_282' title='bbox 734 2135 804 2159; x_wconf 92' lang='lat' dir='ltr'><strong>cor</strong></span> <span class='ocrx_word' id='word_1_283' title='bbox 824 2120 1074 2158; x_wconf 87' lang='lat' dir='ltr'><strong>luctificabile</strong></span> <span class='ocrx_word' id='word_1_284' title='bbox 1093 2121 1204 2159; x_wconf 86' lang='lat' dir='ltr'><strong>fulta.</strong></span> 
     </span>
    </p>

    <p class='ocr_par' dir='ltr' id='par_1_10' title="bbox 78 2172 1523 2511">
     <span class='ocr_line' id='line_1_35' title="bbox 190 2172 1522 2230; baseline 0.005 -16"><span class='ocrx_word' id='word_1_285' title='bbox 190 2176 280 2228; x_wconf 85' lang='lat' dir='ltr'><strong>Pag.</strong></span> <span class='ocrx_word' id='word_1_286' title='bbox 315 2180 381 2219; x_wconf 83' lang='lat'><strong>63.</strong></span> <span class='ocrx_word' id='word_1_287' title='bbox 432 2180 466 2217; x_wconf 90' lang='grc' dir='ltr'><em>Ο</em></span> <span class='ocrx_word' id='word_1_288' title='bbox 490 2193 565 2230; x_wconf 82' lang='grc' dir='ltr'><strong>γαρ</strong></span> <span class='ocrx_word' id='word_1_289' title='bbox 608 2174 835 2227; x_wconf 75' lang='grc' dir='ltr'><strong><em>σοφώτατος</em></strong></span> <span class='ocrx_word' id='word_1_290' title='bbox 863 2172 1088 2229; x_wconf 70' lang='grc' dir='ltr'><strong><em>Εὐριπίδης</em></strong></span> <span class='ocrx_word' id='word_1_291' title='bbox 1122 2179 1337 2230; x_wconf 73' lang='grc' dir='ltr'><strong><em>ποιητικαῖς</em></strong></span> <span class='ocrx_word' id='word_1_292' title='bbox 1366 2176 1522 2227; x_wconf 77' lang='grc' dir='ltr'><strong><em>ἐξέθετο</em></strong></span> 
     </span>
     <span class='ocr_line' id='line_1_36' title="bbox 78 2230 1519 2287; baseline 0.003 -16"><span class='ocrx_word' id='word_1_293' title='bbox 78 2232 210 2283; x_wconf 73' lang='grc' dir='ltr'><strong><em>δρᾶμα</em></strong></span> <span class='ocrx_word' id='word_1_294' title='bbox 238 2232 329 2285; x_wconf 81' lang='grc' dir='ltr'><strong><em>περὶ</em></strong></span> <span class='ocrx_word' id='word_1_295' title='bbox 365 2235 440 2273; x_wconf 75' lang='grc' dir='ltr'><strong>τοῦ</strong></span> <span class='ocrx_word' id='word_1_296' title='bbox 466 2234 680 2280; x_wconf 81' lang='grc' dir='ltr'><strong><em>Οἰδίποδος</em></strong></span> <span class='ocrx_word' id='word_1_297' title='bbox 712 2233 780 2273; x_wconf 83' lang='grc' dir='ltr'><strong>καὶ</strong></span> <span class='ocrx_word' id='word_1_298' title='bbox 815 2235 887 2285; x_wconf 79' lang='grc' dir='ltr'><strong>τῆς</strong></span> <span class='ocrx_word' id='word_1_299' title='bbox 917 2230 1106 2286; x_wconf 85' lang='grc' dir='ltr'><strong><em>Ιοκαστης</em></strong></span> <span class='ocrx_word' id='word_1_300' title='bbox 1136 2234 1202 2274; x_wconf 80' lang='grc' dir='ltr'><strong>καὶ</strong></span> <span class='ocrx_word' id='word_1_301' title='bbox 1236 2249 1307 2285; x_wconf 85' lang='grc' dir='ltr'><strong>της</strong></span> <span class='ocrx_word' id='word_1_302' title='bbox 1333 2231 1519 2287; x_wconf 84' lang='grc' dir='ltr'><strong>Σφιγγός.</strong></span> 
     </span>
     <span class='ocr_line' id='line_1_37' title="bbox 79 2287 1523 2342; baseline 0.002 -17"><span class='ocrx_word' id='word_1_303' title='bbox 79 2287 255 2339; x_wconf 77' lang='lat' dir='ltr'><strong>Oedipus</strong></span> <span class='ocrx_word' id='word_1_304' title='bbox 277 2296 316 2327; x_wconf 88' lang='lat' dir='ltr'><strong>et</strong></span> <span class='ocrx_word' id='word_1_305' title='bbox 338 2289 525 2328; x_wconf 81' lang='lat' dir='ltr'><strong>Jocasta</strong></span> <span class='ocrx_word' id='word_1_306' title='bbox 514 2304 554 2328; x_wconf 86' lang='grc'><strong>111</strong></span> <span class='ocrx_word' id='word_1_307' title='bbox 567 2289 786 2328; x_wconf 87' lang='lat' dir='ltr'><strong>Phoenissis</strong></span> <span class='ocrx_word' id='word_1_308' title='bbox 806 2289 856 2327; x_wconf 89' lang='lat' dir='ltr'><strong>ad</strong></span> <span class='ocrx_word' id='word_1_309' title='bbox 874 2296 1008 2342; x_wconf 89' lang='lat' dir='ltr'><strong>partes</strong></span> <span class='ocrx_word' id='word_1_310' title='bbox 1030 2297 1244 2328; x_wconf 83' lang='lat' dir='ltr'><strong>vocantur.</strong></span> <span class='ocrx_word' id='word_1_311' title='bbox 1276 2289 1372 2340; x_wconf 89' lang='lat' dir='ltr'><strong>quin</strong></span> <span class='ocrx_word' id='word_1_312' title='bbox 1394 2297 1430 2328; x_wconf 93' lang='lat' dir='ltr'><strong>et</strong></span> <span class='ocrx_word' id='word_1_313' title='bbox 1449 2291 1523 2328; x_wconf 89' lang='lat' dir='ltr'><strong>ibi-</strong></span> 
     </span>
     <span class='ocr_line' id='line_1_38' title="bbox 78 2343 1522 2397; baseline 0.001 -15"><span class='ocrx_word' id='word_1_314' title='bbox 78 2343 167 2382; x_wconf 80' lang='lat' dir='ltr'><strong>dem</strong></span> <span class='ocrx_word' id='word_1_315' title='bbox 186 2344 234 2383; x_wconf 89' lang='lat' dir='ltr'><strong>de</strong></span> <span class='ocrx_word' id='word_1_316' title='bbox 252 2344 422 2397; x_wconf 87' lang='lat' dir='ltr'><strong>Sphinge</strong></span> <span class='ocrx_word' id='word_1_317' title='bbox 441 2346 585 2384; x_wconf 87' lang='lat' dir='ltr'><strong>mentio</strong></span> <span class='ocrx_word' id='word_1_318' title='bbox 606 2346 650 2384; x_wconf 84' lang='lat' dir='ltr'><strong>fit</strong></span> <span class='ocrx_word' id='word_1_319' title='bbox 670 2360 747 2384; x_wconf 89' lang='lat' dir='ltr'><strong>non</strong></span> <span class='ocrx_word' id='word_1_320' title='bbox 768 2347 896 2385; x_wconf 87' lang='lat' dir='ltr'><strong>semel.</strong></span> <span class='ocrx_word' id='word_1_321' title='bbox 953 2346 1087 2384; x_wconf 86' lang='lat' dir='ltr'><strong>Potuit</strong></span> <span class='ocrx_word' id='word_1_322' title='bbox 1102 2347 1223 2395; x_wconf 79' lang='lat' dir='ltr'><strong>igitur</strong></span> <span class='ocrx_word' id='word_1_323' title='bbox 1246 2344 1522 2384; x_wconf 88' lang='lat' dir='ltr'><strong>Antiochensis</strong></span> 
     </span>
     <span class='ocr_line' id='line_1_39' title="bbox 79 2399 1522 2454; baseline 0.003 -17"><span class='ocrx_word' id='word_1_324' title='bbox 79 2399 129 2437; x_wconf 88' lang='lat' dir='ltr'><strong>ad</strong></span> <span class='ocrx_word' id='word_1_325' title='bbox 146 2399 374 2439; x_wconf 86' lang='lat' dir='ltr'><strong>Phoenissas</strong></span> <span class='ocrx_word' id='word_1_326' title='bbox 391 2402 608 2454; x_wconf 86' lang='lat' dir='ltr'><strong>respicere,</strong></span> <span class='ocrx_word' id='word_1_327' title='bbox 640 2403 767 2454; x_wconf 87' lang='lat' dir='ltr'><strong>potnit</strong></span> <span class='ocrx_word' id='word_1_328' title='bbox 786 2402 835 2440; x_wconf 84' lang='lat' dir='ltr'><strong>ad</strong></span> <span class='ocrx_word' id='word_1_329' title='bbox 862 2402 1034 2441; x_wconf 85' lang='lat' dir='ltr'><strong>fabulam</strong></span> <span class='ocrx_word' id='word_1_330' title='bbox 1055 2402 1251 2453; x_wconf 87' lang='lat' dir='ltr'><strong>Oedipum</strong></span> <span class='ocrx_word' id='word_1_331' title='bbox 1264 2431 1276 2451; x_wconf 93' lang='lat'><strong>,</strong></span> <span class='ocrx_word' id='word_1_332' title='bbox 1305 2414 1405 2453; x_wconf 84' lang='lat' dir='ltr'><strong>quae</strong></span> <span class='ocrx_word' id='word_1_333' title='bbox 1432 2403 1522 2441; x_wconf 89' lang='lat' dir='ltr'><strong>lau-</strong></span> 
     </span>
     <span class='ocr_line' id='line_1_40' title="bbox 79 2455 1277 2511; baseline 0.001 -16"><span class='ocrx_word' id='word_1_334' title='bbox 79 2455 197 2495; x_wconf 81' lang='lat' dir='ltr'><strong>datur</strong></span> <span class='ocrx_word' id='word_1_335' title='bbox 214 2456 261 2494; x_wconf 84' lang='lat' dir='ltr'><strong>ab</strong></span> <span class='ocrx_word' id='word_1_336' title='bbox 281 2457 500 2510; x_wconf 87' lang='lat' dir='ltr'><strong>Hesychio,</strong></span> <span class='ocrx_word' id='word_1_337' title='bbox 527 2473 550 2496; x_wconf 88' lang='lat' dir='ltr'><strong>a</strong></span> <span class='ocrx_word' id='word_1_338' title='bbox 570 2459 736 2497; x_wconf 87' lang='lat' dir='ltr'><strong>Stobaeo</strong></span> <span class='ocrx_word' id='word_1_339' title='bbox 756 2459 983 2511; x_wconf 82' lang='lat' dir='ltr'><strong>aliquoties,</strong></span> <span class='ocrx_word' id='word_1_340' title='bbox 1014 2458 1061 2496; x_wconf 89' lang='lat' dir='ltr'><strong>ab</strong></span> <span class='ocrx_word' id='word_1_341' title='bbox 1078 2457 1277 2497; x_wconf 74' lang='lat' dir='ltr'><strong>Elotiano.</strong></span> 
     </span>
    </p>

    <p class='ocr_par' dir='ltr' id='par_1_11' title="bbox 75 2512 1565 2737">
     <span class='ocr_line' id='line_1_41' title="bbox 190 2512 1518 2586; baseline -0.003 -29"><span class='ocrx_word' id='word_1_342' title='bbox 190 2512 280 2563; x_wconf 68' lang='lat' dir='ltr'><strong>Pag</strong></span> <span class='ocrx_word' id='word_1_343' title='bbox 311 2516 374 2556; x_wconf 90' lang='lat'><strong>88</strong></span> <span class='ocrx_word' id='word_1_344' title='bbox 423 2514 506 2554; x_wconf 86' lang='grc' dir='ltr'><strong>Καὶ</strong></span> <span class='ocrx_word' id='word_1_345' title='bbox 539 2530 633 2567; x_wconf 84' lang='grc' dir='ltr'><strong><em>μετα</em></strong></span> <span class='ocrx_word' id='word_1_346' title='bbox 652 2512 850 2586; x_wconf 81' lang='grc' dir='ltr'><strong><em>Αἰσχύλον</em></strong></span> <span class='ocrx_word' id='word_1_347' title='bbox 868 2516 1116 2583; x_wconf 76' lang='grc' dir='ltr'><strong><em>ἐβασίλευσεν</em></strong></span> <span class='ocrx_word' id='word_1_348' title='bbox 1136 2530 1205 2554; x_wconf 89' lang='grc' dir='ltr'><strong>αυ·</strong></span> <span class='ocrx_word' id='word_1_349' title='bbox 1199 2516 1266 2554; x_wconf 76' lang='grc' dir='ltr'><strong><em>’ὤν</em></strong></span> <span class='ocrx_word' id='word_1_350' title='bbox 1286 2512 1390 2566; x_wconf 73' lang='grc' dir='ltr'><strong><em>(τῶν</em></strong></span> <span class='ocrx_word' id='word_1_351' title='bbox 1406 2518 1518 2566; x_wconf 81' lang='grc' dir='ltr'><strong><em>Αθη-</em></strong></span> 
     </span>
     <span class='ocr_line' id='line_1_42' title="bbox 77 2565 1518 2640; baseline 0.001 -32"><span class='ocrx_word' id='word_1_352' title='bbox 77 2566 226 2620; x_wconf 85' lang='grc' dir='ltr'><strong><em>ναίων)</em></strong></span> <span class='ocrx_word' id='word_1_353' title='bbox 251 2571 442 2621; x_wconf 85' lang='grc' dir='ltr'><strong><em>Ακμαίων</em></strong></span> <span class='ocrx_word' id='word_1_354' title='bbox 448 2570 527 2640; x_wconf 75' lang='grc' dir='ltr'><strong>ἔτη</strong></span> <span class='ocrx_word' id='word_1_355' title='bbox 549 2568 646 2620; x_wconf 79' lang='grc' dir='ltr'><strong><em>δύο,</em></strong></span> <span class='ocrx_word' id='word_1_356' title='bbox 675 2571 765 2625; x_wconf 75' lang='grc' dir='ltr'><strong><em>περὶ</em></strong></span> <span class='ocrx_word' id='word_1_357' title='bbox 784 2587 832 2613; x_wconf 92' lang='grc' dir='ltr'><strong>ου</strong></span> <span class='ocrx_word' id='word_1_358' title='bbox 851 2568 1076 2638; x_wconf 82' lang='grc' dir='ltr'><strong><em>Ευριπίδης</em></strong></span> <span class='ocrx_word' id='word_1_359' title='bbox 1097 2569 1118 2611; x_wconf 85' lang='grc' dir='ltr'>ὁ</span> <span class='ocrx_word' id='word_1_360' title='bbox 1139 2565 1368 2635; x_wconf 80' lang='grc' dir='ltr'><strong><em>σοφώτατος</em></strong></span> <span class='ocrx_word' id='word_1_361' title='bbox 1387 2571 1518 2622; x_wconf 83' lang='grc' dir='ltr'><strong><em>δραμα</em></strong></span> 
     </span>
     <span class='ocr_line' id='line_1_43' title="bbox 75 2621 1565 2680; baseline 0 -16"><span class='ocrx_word' id='word_1_362' title='bbox 75 2624 255 2673; x_wconf 80' lang='grc' dir='ltr'><strong><em>ἐξέθετο·</em></strong></span> <span class='ocrx_word' id='word_1_363' title='bbox 283 2625 350 2665; x_wconf 85' lang='grc' dir='ltr'><strong>καὶ</strong></span> <span class='ocrx_word' id='word_1_364' title='bbox 368 2641 461 2678; x_wconf 87' lang='grc' dir='ltr'><strong><em>μετα</em></strong></span> <span class='ocrx_word' id='word_1_365' title='bbox 477 2628 707 2680; x_wconf 85' lang='grc' dir='ltr'><strong><em>Ακμαίοντα</em></strong></span> <span class='ocrx_word' id='word_1_366' title='bbox 723 2628 977 2680; x_wconf 79' lang='grc' dir='ltr'><strong><em>ἐβασίλευσαν</em></strong></span> <span class='ocrx_word' id='word_1_367' title='bbox 995 2623 1128 2666; x_wconf 68' lang='grc' dir='ltr'><strong><em>αὐτῶν</em></strong></span> <span class='ocrx_word' id='word_1_368' title='bbox 1145 2623 1255 2666; x_wconf 75' lang='grc' dir='ltr'><strong><em>ι’ίλλοι</em></strong></span> <span class='ocrx_word' id='word_1_369' title='bbox 1276 2621 1367 2665; x_wconf 90' lang='lat' dir='ltr'><em>IH&#39;.</em></span> <span class='ocrx_word' id='word_1_370' title='bbox 1397 2627 1516 2664; x_wconf 85' lang='lat' dir='ltr'><strong>Ama-</strong></span> <span class='ocrx_word' id='word_1_371' title='bbox 1563 2634 1565 2637; x_wconf 79' lang='grc'><strong>“</strong></span> 
     </span>
     <span class='ocr_line' id='line_1_44' title="bbox 76 2680 1516 2737; baseline 0.002 -19"><span class='ocrx_word' id='word_1_372' title='bbox 76 2680 128 2719; x_wconf 87' lang='lat' dir='ltr'><strong>bo</strong></span> <span class='ocrx_word' id='word_1_373' title='bbox 146 2687 206 2729; x_wconf 84' lang='lat' dir='ltr'><strong>te,</strong></span> <span class='ocrx_word' id='word_1_374' title='bbox 235 2682 410 2732; x_wconf 83' lang='lat' dir='ltr'><strong>Syrisce,</strong></span> <span class='ocrx_word' id='word_1_375' title='bbox 439 2684 591 2722; x_wconf 86' lang='lat' dir='ltr'><strong>serione</strong></span> <span class='ocrx_word' id='word_1_376' title='bbox 609 2681 706 2722; x_wconf 80' lang='lat' dir='ltr'><strong>haec</strong></span> <span class='ocrx_word' id='word_1_377' title='bbox 726 2698 776 2723; x_wconf 89' lang='lat' dir='ltr'><strong>an</strong></span> <span class='ocrx_word' id='word_1_378' title='bbox 796 2684 920 2737; x_wconf 81' lang='lat' dir='ltr'><strong>joco&#39;?</strong></span> <span class='ocrx_word' id='word_1_379' title='bbox 951 2696 1049 2734; x_wconf 89' lang='lat' dir='ltr'><strong>quae</strong></span> <span class='ocrx_word' id='word_1_380' title='bbox 1067 2688 1107 2720; x_wconf 83' lang='lat' dir='ltr'><strong>te</strong></span> <span class='ocrx_word' id='word_1_381' title='bbox 1128 2682 1229 2720; x_wconf 89' lang='lat' dir='ltr'><strong>enim</strong></span> <span class='ocrx_word' id='word_1_382' title='bbox 1250 2682 1382 2720; x_wconf 82' lang='lat' dir='ltr'><strong>larvae</strong></span> <span class='ocrx_word' id='word_1_383' title='bbox 1399 2688 1516 2733; x_wconf 88' lang='lat' dir='ltr'><strong>atque</strong></span> 
     </span>
    </p>
   </div>
   <div class='ocr_carea' id='block_1_9' title="bbox 75 2736 1515 2849">
    <p class='ocr_par' dir='ltr' id='par_1_12' title="bbox 75 2736 1515 2849">
     <span class='ocr_line' id='line_1_45' title="bbox 76 2736 1515 2790; baseline 0.003 -16"><span class='ocrx_word' id='word_1_384' title='bbox 76 2736 329 2788; x_wconf 85' lang='lat' dir='ltr'><strong>intemperiae</strong></span> <span class='ocrx_word' id='word_1_385' title='bbox 347 2739 562 2789; x_wconf 82' lang='lat' dir='ltr'><strong>agitabant,</strong></span> <span class='ocrx_word' id='word_1_386' title='bbox 588 2754 677 2778; x_wconf 88' lang='lat' dir='ltr'><strong>cum</strong></span> <span class='ocrx_word' id='word_1_387' title='bbox 694 2739 791 2779; x_wconf 86' lang='lat' dir='ltr'><strong>haec</strong></span> <span class='ocrx_word' id='word_1_388' title='bbox 810 2739 1030 2779; x_wconf 78' lang='lat' dir='ltr'><strong>scriberes?</strong></span> <span class='ocrx_word' id='word_1_389' title='bbox 1058 2753 1137 2779; x_wconf 87' lang='grc' dir='ltr'><strong>που</strong></span> <span class='ocrx_word' id='word_1_390' title='bbox 1156 2754 1217 2780; x_wconf 86' lang='grc' dir='ltr'><strong>τοι</strong></span> <span class='ocrx_word' id='word_1_391' title='bbox 1237 2736 1381 2790; x_wconf 82' lang='grc' dir='ltr'><strong><em>φρένες</em></strong></span> <span class='ocrx_word' id='word_1_392' title='bbox 1398 2738 1515 2778; x_wconf 78' lang='grc' dir='ltr'><strong><em>ἔκπε-</em></strong></span> 
     </span>
     <span class='ocr_line' id='line_1_46' title="bbox 75 2790 1515 2849; baseline -0.001 -16"><span class='ocrx_word' id='word_1_393' title='bbox 75 2790 281 2843; x_wconf 75' lang='grc' dir='ltr'><strong><em>πᾶτανταις</em></strong></span> <span class='ocrx_word' id='word_1_394' title='bbox 307 2795 498 2847; x_wconf 81' lang='grc' dir='ltr'><strong><em>Ακμαίων</em></strong></span> <span class='ocrx_word' id='word_1_395' title='bbox 527 2802 566 2835; x_wconf 84' lang='lat' dir='ltr'><strong>et</strong></span> <span class='ocrx_word' id='word_1_396' title='bbox 582 2798 813 2848; x_wconf 82' lang='grc' dir='ltr'><strong><em>Ακμαίοντα</em></strong></span> <span class='ocrx_word' id='word_1_397' title='bbox 841 2809 915 2849; x_wconf 89' lang='lat' dir='ltr'><strong>pro</strong></span> <span class='ocrx_word' id='word_1_398' title='bbox 948 2795 1161 2847; x_wconf 77' lang='grc' dir='ltr'><strong><em>Λλκμαίων</em></strong></span> <span class='ocrx_word' id='word_1_399' title='bbox 1182 2800 1220 2834; x_wconf 89' lang='lat' dir='ltr'><strong>et</strong></span> <span class='ocrx_word' id='word_1_400' title='bbox 1245 2794 1515 2847; x_wconf 74' lang='grc' dir='ltr'><strong><em>ΑλκμαίωναΡ</em></strong></span> 
     </span>
    </p>
   </div>
  </div>
 </body>
</html>
