1838 3230
589 162 1062 212 ANNOTATIONES.
1453 167 1554 216 537

214 286 308 339 Peg.
337 283 429 329 159.
453 285 522 327 20.
566 280 620 332 ὥς
637 277 831 324 καθεύδει
859 276 949 333 μετ’
971 276 1099 322 αὐτοῦ
1127 277 1291 333 νυκτός]
1317 279 1423 322 Haec
1442 281 1555 322 aliter

99 347 313 382 natantur
331 339 513 380 Judjthae
528 339 599 380 lib.
624 353 710 392 cap.
733 341 798 381 13.

187 423 190 426 ’
213 410 310 461 Peg.
340 411 433 452 160.
463 411 504 451 6.
549 403 616 449 διοὲ
641 402 849 459 δυνάμεώς
876 420 985 454 τινος
1011 406 1131 446 τοῦτο
1155 403 1342 459 ἔγένετο.]
1382 402 1558 457 δύναμις.

98 477 175 517 pro
201 464 346 518 spiritu
371 463 568 516 quodam,
595 477 663 503 seu
691 463 909 513 Daemone,
942 462 1003 501 uti
1029 462 1127 501 alias
1156 462 1314 514 saepius
1344 461 1452 515 apud
1480 475 1555 500 no-

99 525 241 570 strum,
268 520 456 560 hocloco
479 519 658 561 sumitur.

134 616 137 621 ·
213 588 312 641 Peg.
343 591 435 631 160.
466 590 507 631 8.
551 587 595 630 ἐν
623 591 710 635 ταῖς
731 587 956 639 Εβραῖκαῖς
979 585 1186 639 ἐμφέρεται
1210 585 1406 639 γραφαῖς]
1443 584 1553 625 Nihil

97 643 245 684 minus:
274 643 436 684 Librum
456 645 556 684 enim
575 644 713 683 Judith
731 643 952 682 Hebraeum
967 642 1102 681 Judaei
1122 643 1275 682 nullum
1295 656 1466 695 unquam
1484 641 1555 683 ha.

97 699 283 740 buerunt.
337 700 431 740 vide
456 701 600 753 Scalig.
618 701 661 739 in
678 701 822 743 Euseb.
846 700 993 740 Chron.
1015 713 1055 752 p.
1074 702 1140 742 89.

210 767 310 821 Pag.
342 770 434 812 160.
466 773 530 812 10.
558 766 1311 821 ἐβασίλευσενΑσσυρίωνΑρταξέρξης]
1340 768 1555 823 Ασσυρίων

96 824 215 864 etiam
235 837 381 876 supra,
409 839 485 877 pro
508 828 679 878 Περσῶν
694 825 819 876 ponit.
880 824 1081 862 Caeterum
1099 824 1338 863 Artaxerxes
1359 825 1447 874 ille,
1477 838 1554 864 cu·-

94 881 160 934 jus
190 879 380 920 Pincerna
407 881 614 922 Neheniias
643 888 746 931 erat,
783 874 852 933 q'ui
875 886 914 919 et
939 880 1123 919 Mnemon
1151 881 1451 932 cognominatus
1481 888 1555 931 est,

92 942 185 990 post
211 938 443 990 cambysem
473 938 654 991 quidem,
683 951 799 990 quem
819 938 962 976 Noster
981 937 1140 976 Darium
1162 937 1228 976 hic
1254 944 1394 987 vocat,
1424 939 1555 977 Persis

93 993 319 1048 imperavit,
346 1002 576 1034 nontamen
597 994 829 1043 immediate,
864 993 935 1032 sed
953 993 1167 1047 interjectis
1187 994 1347 1045 regibus
1364 995 1450 1033 aliis
1470 1009 1552 1035 sex.

211 1065 304 1116 Pag.
339 1066 431 1105 160.
459 1065 525 1106 13.
575 1061 643 1103 καὶ
661 1060 794 1115 ἄρχειν
817 1059 939 1103 αὐτόν
959 1065 1040 1102 τῶν
1060 1057 1264 1114 εὐνούχων
1284 1062 1467 1115 ἐποίησε]
1495 1063 1556 1101 Ita

97 1118 215 1158 etiam
237 1118 460 1170 Cedrenus;
501 1119 578 1158 nisi
597 1119 718 1171 quod,
751 1133 824 1171 pro
840 1119 964 1158 nostri
988 1116 1135 1170 ἄρχειν,
1164 1119 1219 1156 ibi
1239 1115 1364 1171 οἷρχήν
1382 1120 1553 1171 legatur3

44 1213 54 1218 ,
95 1174 296 1214 mendose.
352 1176 465 1216 Unde
483 1182 613 1215 tamen
631 1175 885 1215 Enuchorum
903 1175 1192 1227 praefecturam
1212 1175 1380 1227 adeptus
1403 1182 1461 1214 est
1477 1177 1512 1214 Ν
1516 1190 1554 1215 e-

92 1229 274 1270 hemias'?
302 1231 535 1272 Artaxerxis
557 1232 715 1284 quidem
737 1228 928 1284 οἰνοχόος,
951 1232 1163 1278 Pincerna,
1194 1232 1260 1270 vel
1286 1232 1464 1271 fortassis
1489 1229 1556 1285 ἅρ-

94 1284 336 1340 χιοινοχόος,
365 1296 412 1328 ut
440 1289 640 1328 Cedrenus
659 1289 753 1327 alibi
782 1301 871 1327 eum
892 1294 1032 1339 vocat,
1061 1289 1252 1341 Princeps
1272 1288 1554 1329 Pincernarum

94 1349 200 1394 erat,
228 1351 347 1397 atque
372 1345 466 1384 hinc
492 1345 761 1398 proculdubio
789 1344 1002 1385 Nehemiae
1024 1345 1276 1398 praefectura
1299 1360 1320 1384 a
1347 1346 1554 1386 Graeculis

94 1401 383 1441 recentioribus
403 1402 532 1441 efficta
555 1408 624 1444 est.

204 1467 303 1523 Pag.
339 1472 432 1513 161.
462 1473 502 1512 6.
543 1471 699 1526 πρῶτος
728 1469 979 1523 ἐβασίλευσεν
1006 1468 1031 1510 ὅ
1058 1466 1269 1522 Κραναός]
1305 1470 1391 1511 Scr.
1422 1473 1555 1523 Καρα-

92 1520 180 1574 νός.
238 1525 411 1565 caranus
437 1526 565 1578 enim,
595 1541 677 1566 non
706 1527 880 1567 cranaus
909 1526 1022 1579 regni
1043 1526 1288 1565 Macedonici
1312 1527 1440 1578 prima
1461 1526 1557 1580 jecit

92 1581 360 1623 fundamenta.

203 1637 302 1693 Pag.
332 1642 424 1682 161.
452 1643 492 1683 7.
536 1637 611 1693 τήν
633 1636 797 1693 Λῦγὴν,
839 1636 913 1692 τήν
939 1637 1069 1679 Αλέου
1088 1636 1313 1692 θυγατέρα]
1354 1638 1554 1680 Cedrenus

91 1693 225 1743 habet,
252 1693 329 1749 τήν
344 1693 526 1749 Λύτβην,
553 1694 630 1748 τήν
650 1696 822 1737 Ατλέτου
837 1695 1050 1749 θυγατέρα,
1081 1694 1279 1736 mendose.

210 1754 306 1805 Pag.
338 1755 432 1794 162.
466 1756 505 1794 3.
548 1750 659 1793 ἄλλοι
675 1752 814 1793 πολλοὶ
838 1752 910 1799 ἕως
931 1752 1104 1804 Δαρείου
1123 1754 1198 1791 τοῦ
1218 1750 1439 1805 νεωτέρου]
1470 1756 1554 1793 Δα-

94 1810 202 1859 ρεῖος
223 1806 244 1848 ὁ
261 1803 454 1862 νεώτερος
474 1815 612 1847 nostro
638 1815 696 1848 est
716 1809 855 1847 Darius
874 1808 1050 1856 Nothus,
1078 1813 1124 1846 ut
1147 1807 1247 1846 infra
1269 1815 1452 1860 apparet:
1493 1810 1555 1848 in.

93 1870 156 1902 ter
174 1876 291 1915 quem
309 1870 440 1903 tamen
461 1872 500 1904 et
517 1866 780 1905 Artaxerxem
799 1866 1100 1904 intervenerunt
1116 1871 1267 1904 tantum
1286 1866 1454 1915 Xerxes,
1485 1868 1555 1918 qui

93 1933 215 1960 mens.
232 1923 273 1962 2.
304 1927 344 1960 et
374 1921 614 1974 Sogdianus,
664 1923 732 1975 qui
750 1935 872 1963 mens.
888 1925 927 1965 7.
957 1927 1186 1974 regnarunt.
1243 1921 1337 1961 vide
1355 1922 1496 1965 Euseb.
1516 1929 1556 1962 et

92 1975 248 2016 Hane

214 2036 305 2086 Pag.
339 2036 433 2076 162.
461 2038 502 2077 7.
542 2032 636 2084 τούς
655 2035 867 2083 Σκιτὶνους
895 2032 1193 2087 καλουμένους]
1222 2034 1305 2074 Hos
1327 2035 1552 2088 Κτηταίους

91 2095 214 2129 vocat
232 2089 445 2141 Cedrenus,
475 2093 630 2130 nomine
646 2099 811 2144 uterque
831 2105 954 2143 aeque
970 2091 1116 2142 ignoto.

203 2144 301 2199 Pag-
333 2149 425 2190 162.
465 2151 530 2190 17.
581 2145 658 2189 οἷπό
688 2145 836 2196 πόλεως
868 2151 1034 2202 μικρᾶς,
1073 2146 1285 2201 λεγομένης
1321 2147 1547 2200 Χαρτίμας]

94 2201 309 2251 Cedrenus‚
339 2202 382 2242 ἐκ
401 2207 543 2258 μικρᾶς
558 2202 711 2254 πόλεως
733 2208 943 2257 Χαρτικῆς.
985 2204 1089 2243 hanc
1109 2205 1247 2243 urbem
1267 2203 1449 2242 Chartam
1478 2217 1550 2242 vo-

94 2265 182 2308 cat,
211 2258 260 2297 de
290 2259 523 2312 Carthagine
549 2262 672 2300 verba
699 2261 866 2311 habens,
898 2261 967 2313 qui
995 2275 1077 2300 eam
1106 2261 1159 2300 ita
1192 2261 1336 2299 dietam
1357 2260 1495 2298 asserit
1524 2273 1552 2297 α.

97 2313 242 2354 Cartha
263 2314 408 2369 oppido
423 2346 434 2365 ,
463 2315 565 2356 unde
581 2317 666 2374 fuit
689 2317 822 2370 Dido,
849 2319 948 2356 inier-
975 2319 1105 2370 Tyron
1127 2328 1162 2356 et
1182 2316 1366 2356 Beriihon
1380 2332 1394 2356 .·
1430 2322 1550 2369 atque

92 2369 171 2409 hoc
192 2373 307 2410 etjam
328 2386 378 2410 ex
395 2372 559 2412 historia
586 2375 820 2424 Poenorum,
849 2375 909 2413 uti
926 2374 1011 2427 ipse
1030 2375 1122 2413 alibi
1142 2380 1321 2413 testatur.

206 2426 308 2481 Γᾶς.
338 2432 429 2471 163-
458 2435 497 2474 8.
525 2429 594 2471 καὶ
614 2427 870 2484 βαστάζοντες
890 2427 1107 2484 βήναβλα]
1140 2427 1344 2483 βήναβλον
1366 2427 1414 2467 V
1407 2426 1550 2467 enaba-

93 2479 177 2521 lum
214 2490 259 2522 Ut
294 2482 497 2539 βηνάτωρ,
538 2486 736 2527 Venator.-
778 2494 896 2539 atque
931 2487 1028 2526 haec
1052 2493 1159 2526 recta
1185 2493 1242 2525 est
1282 2486 1392 2524 vocis
1426 2484 1548 2536 hujus

95 2539 306 2590 scriptura.
364 2542 506 2581 Graeci
529 2549 659 2582 tamen
682 2544 920 2583 recentiores
942 2544 1160 2585 Μέναυλον
1185 2543 1375 2591 scribunt,
1406 2554 1456 2579 ex
1472 2541 1550 2579 Vo-

94 2594 226 2632 cabuli
255 2595 408 2636 scilicet
438 2599 600 2651 originis
629 2601 870 2651 ignorantia,
902 2608 1019 2652 atque
1054 2601 1166 2639 etiam
1195 2614 1242 2638 ex
1269 2598 1550 2637 characterum

92 2650 262 2700 horum,
293 2668 320 2702 μ
339 2660 376 2692 et
396 2655 436 2708 β,
465 2656 740 2706 similitudine3
775 2659 817 2696 in
835 2658 913 2696 MS.
934 2658 1036 2696 enim
1060 2656 1290 2707 Codicibus,
1320 2654 1550 2708 praesertim

93 2708 390 2759 antiquioribus,
419 2711 489 2750 vix
507 2713 610 2751 inter
623 2728 663 2752 se
685 2713 871 2765 distingui
893 2718 1072 2766 possunt.

210 2766 303 2816 Pag.
336 2765 426 2808 165.
467 2771 504 2809 3.
550 2765 716 2820 ὀνόματι
747 2767 940 2822 Φορβᾶν]
988 2769 1172 2808 Fluvium
1222 2767 1331 2806 hunc
1378 2764 1446 2807 Εὕ
1474 2782 1548 2816 νον

94 2825 207 2860 antea
224 2820 374 2861 dictum
392 2823 528 2863 asserit
547 2825 767 2878 Cedrenus,
797 2826 1053 2878 Plutarchus,
1084 2824 1288 2865 Thestium
1325 2837 1348 2862 a
1373 2783 1545 2873 The-⁰450,
