1838 3230
297 195 398 245 642
791 187 1254 234 ANNOTATIONES.

410 303 505 358 Pag.
535 304 628 347 420
648 307 686 347 7.
714 298 768 356 ἦν
787 318 860 356 γαρ
880 300 910 354 ἦ
924 298 1070 355 μεγάλη
1090 300 1204 355 ἓορτη
1223 304 1397 355 Χριστοῦ
1412 305 1487 344 τοῦ
1503 303 1611 344 Θεοῦ
1618 299 1740 366 ἦμῳν

298 362 327 415 ἦ
346 364 419 414 τῆς
440 357 691 412 ἀναλήψεως.
702 360 715 410 ]
747 360 836 397 Non
853 366 936 397 erat
958 359 1045 410 ipsa
1067 359 1355 410 Assumptionis
1382 359 1486 406 dies3
1514 358 1614 398 haec
1639 358 1743 398 enim

299 424 495 471 perpetuo
525 417 623 455 feria
653 418 787 467 quinta
819 421 896 453 est:
936 414 1005 452 sed
1031 415 1222 466 postridie
1249 415 1394 454 accidit
1418 414 1646 463 nemendus
1667 415 1743 455 iste

299 482 427 513 terrae
447 480 590 521 motus,
609 485 748 522 nempe
766 471 857 509 Maii
878 470 941 508 die
957 484 1072 518 ΧΧῙΧ,
1099 472 1163 522 qui
1183 478 1266 508 tum
1287 472 1386 509 feria
1407 477 1516 510 sexta
1536 476 1633 520 erat,
1661 470 1746 509 sive

302 531 385 570 dies
408 530 587 567 Veneris:
617 528 729 580 cujus
752 527 811 567 rei
831 532 970 565 testem
985 526 1173 565 habemus
1197 528 1419 577 Evagrfflm,
1449 528 1517 566 lib.
1539 527 1578 569 4.
1599 540 1688 578 cap.
1707 525 1746 568 5.

412 584 506 638 Pag
535 584 628 627 420.
661 587 725 626 13.
754 582 822 623 καὶ
843 578 1047 634 η’πηντουν
1070 579 1206 631 αὐτοῖς
1225 583 1418 637 γεωργοὶ.]
1449 583 1604 635 Scribo,
1621 579 1749 648 ἀπήν-

301 656 393 683 των.

413 695 514 746 Pag
543 695 637 738 421.
668 698 736 737 20.
765 693 833 734 καὶ
851 690 995 741 πάντες
1019 693 1062 734 οἱ
1078 693 1327 747 συγκλητικοὶ
1350 693 1418 735 καὶ
1445 696 1636 748 πορφυρᾶ
1657 690 1749 745 ἐφό-

304 769 414 807 ρουν.
406 753 436 803 .]
469 752 586 799 Quod
616 757 750 789 noster
768 753 957 800 πορφυρᾶ
977 765 1217 802 φορουντες,
1249 750 1449 795 Cedrenus
1470 751 1589 799 dicit,
1620 765 1747 801 φαιαν

306 806 449 859 στολην
466 803 744 859 ἐνδυσάμενοι,
773 804 942 855 Pullati,
972 806 1055 844 sive
1077 806 1258 844 Vestibus
1292 807 1575 856 nigricantibus
1606 807 1749 845 induti.

305 867 485 916 Purpura
507 863 663 914 quidem
693 864 861 913 Regum,
892 869 930 899 et
954 862 1252 912 Magistratuum
1283 863 1436 912 Insigne
1462 870 1540 902 est·-
1569 863 1687 901 etiam
1709 867 1750 901 et

307 920 450 959 Luctui
467 919 746 972 appropriatus
767 918 898 956 color.
927 931 1066 969 nempe
1086 918 1194 969 quod
1216 918 1265 957 ad
1285 919 1437 968 nigrum
1463 920 1635 958 colorem
1654 931 1750 970 pro-

306 978 396 1028 pius
415 976 598 1014 accedat:
629 975 697 1013 sed
716 981 755 1012 et
771 974 1004 1026 quibusdam
1028 972 1278 1028 πορφύρεον,
1308 974 1477 1026 Nigrum
1504 982 1569 1014 est.
1624 972 1750 1026 Hesy-

309 1033 437 1071 chius:
474 1026 718 1083 Πορφύρεον
737 1033 994 1083 πορφυροῦν,
1026 1029 1166 1097 μέλαν·
1198 1028 1431 1084 Πορφύρει,
1465 1031 1667 1083 μελανίζει.

417 1086 511 1140 Pag.
541 1088 634 1129 422.
667 1090 731 1128 10.
762 1086 829 1126 καὶ
854 1089 990 1137 μηνῶν
1011 1082 1087 1137 152]
1117 1087 1290 1125 Justinus
1317 1087 1537 1139 Imperator
1563 1087 1752 1126 salutatus

310 1149 368 1182 est
396 1143 484 1181 Julii
514 1143 576 1180 d-ie
604 1157 661 1190 lx,
690 1142 748 1180 uti
778 1156 895 1193 supla
927 1142 1120 1181 diximus.
1150 1143 1285 1207 Aprili
1303 1143 1434 1194 itaque
1455 1143 1722 1183 Justinianus
1710 1155 1754 1180 m

309 1199 469 1251 Imperii
492 1198 715 1236 societatem
741 1213 761 1236 a
784 1199 936 1236 Jusxino
965 1198 1136 1236 adscitus
1168 1205 1247 1247 εει,
1275 1201 1308 1237 is
1330 1200 1432 1237 enim
1451 1215 1471 1237 a
1487 1200 1590 1237 Julio
1611 1199 1752 1238 mensis

312 1262 396 1295 erat
416 1268 556 1293 nonus.
618 1255 745 1302 Atque
765 1253 882 1305 hujus
899 1254 955 1291 rei
973 1261 1110 1292 testem
1129 1254 1318 1293 habemus
1338 1256 1631 1295 Marcellinum:
1658 1254 1754 1294 An—

310 1325 362 1350 no
377 1309 524 1363 Regiae
541 1308 646 1348 urbis
666 1308 846 1347 conditae
867 1323 1010 1347 cxcvu.
1033 1309 1206 1348 Iustinus
1235 1309 1465 1361 Imperator,
1494 1310 1757 1350 Justinianum

312 1381 366 1405 ex
386 1380 516 1404 sorore
537 1380 607 1402 sua
626 1375 810 1415 nepotem,
834 1364 1067 1416 jamdudum
1090 1380 1114 1402 α
1135 1382 1175 1403 se
1186 1365 1480 1405 Nobilissimum
1503 1366 1756 1419 designatum,

314 1423 423 1472 regni
454 1434 604 1474 quoque
628 1421 688 1458 sui
714 1434 964 1459 successorem
997 1422 1161 1470 creavit,
1197 1419 1294 1460 Kal.
1321 1421 1490 1474 Aprilis.
1545 1423 1758 1473 Evagrium

315 1478 453 1525 etiam,
483 1475 554 1516 lib.
573 1476 612 1518 4.
633 1489 720 1527 cap.
737 1479 774 1518 9.
804 1475 1015 1527 Nicephor.
1039 1477 1107 1515 lib.
1137 1480 1201 1517 17.
1226 1490 1309 1528 cap.
1323 1482 1360 1519 7.
1380 1484 1417 1516 et
1438 1477 1526 1517 Chr.
1543 1478 1756 1518 Alexandr.

425 1535 528 1583 Pag.
553 1531 646 1573 422.
678 1535 740 1574 16.
777 1530 920 1572 ὁποίου
950 1528 989 1572 δ’
1018 1529 1069 1572 ἂν
1099 1529 1304 1584 ’ὑπάρχωσι
1338 1532 1515 1586 μέρους.]
1547 1534 1670 1572 Immo
1697 1535 1756 1572 in-

317 1588 562 1627 sanissimum
583 1588 617 1625 ei
640 1588 760 1625 fuisse
778 1588 1016 1627 Venetorum
1045 1588 1238 1638 studium,
1268 1589 1486 1628 luculenter
1516 1590 1608 1628 satis
1636 1596 1757 1629 testa-

316 1651 382 1683 tur
403 1643 611 1693 Emgrius,
641 1643 710 1681 lib.
740 1647 777 1685 4.
803 1657 887 1695 cap.
917 1647 982 1685 31.
1011 1645 1226 1696 Procopius
1256 1645 1388 1695 etiam,
1418 1646 1459 1684 in
1477 1645 1631 1685 Arcana
1655 1647 1757 1688 Hist.

319 1714 419 1752 quos
435 1700 537 1740 vide.

435 1759 527 1807 Pag.
556 1754 651 1798 423.
682 1754 721 1797 5.
751 1753 819 1795 καὶ
844 1753 1109 1808 κιγστὲρνας.]
1152 1754 1372 1809 κιγστὲρνα,
1410 1756 1632 1810 κινστέρνα,
1660 1760 1757 1809 sive,

320 1818 366 1850 ut
393 1811 616 1877 Hesychius
647 1810 786 1859 habet,
800 1810 1016 1878 κιστέρνα,
1049 1810 1220 1851 Cisterna
1249 1820 1328 1851 est.
1369 1813 1582 1867 Κιστὲρνα,
1617 1811 1761 1864 λάκκος

323 1867 509 1921 φρέατος,
538 1862 748 1919 βάραθρα,
778 1863 807 1917 ἢ
831 1864 968 1919 βυθός.

434 1921 532 1975 Pag·
561 1923 654 1964 423.
683 1926 751 1964 20.
783 1919 1052 1975 αναγκασθεις
1057 1923 1347 1990 προεχειρίσθη
1366 1921 1632 1992 πατριαρχης]
1661 1926 1762 1964 Eva-

324 1980 430 2030 grius
447 1978 561 2028 longe
579 1978 702 2027 aliter,
731 1978 799 2020 lib.
819 1979 856 2021 4.
879 1993 963 2030 cap.
982 1981 1019 2020 6
1054 1976 1101 2019 ὂν
1123 1979 1397 2032 [Εφραίμιον]
1428 1978 1646 2049 κᾷντεῦθεν
1667 1998 1760 2034 αγα-

325 2031 491 2085 σάμενοι
509 2033 730 2099 Αντιοχέων
747 2036 906 2083 παῖδες,
933 2034 1010 2081 ἐς
993 2034 1095 2087 ιερέα
1120 2038 1381 2087 ψηφίζονται·
1411 2038 1478 2076 καὶ
1509 2035 1574 2077 τὸν
1598 2033 1763 2078 αποστο-

325 2086 436 2130 λικον
454 2085 636 2140 λαγχανει
656 2087 821 2156 θρόνον,
846 2087 973 2143 ω’σπερ
994 2088 1141 2141 μισθὸν
1159 2091 1226 2131 καὶ
1242 2091 1356 2143 γέρας
1373 2095 1442 2144 τῆς
1458 2088 1650 2143 τοσαύτης
1665 2108 1761 2157 προ-

326 2146 438 2191 νοίας
457 2147 597 2184 τοῦτον
614 2142 937 2197 κληρωσαμενος.·
970 2160 1109 2198 nempe
1138 2147 1186 2184 ob
1213 2161 1400 2185 summam
1421 2148 1503 2200 ejus
1527 2148 1569 2185 in
1588 2148 1714 2186 urbe'
1703 2163 1762 2187 m-

328 2199 538 2239 stauranda
571 2213 727 2250 curam,
756 2202 1088 2250 Pat11a1chatum
1124 2209 1306 2253 tanquam
1330 2203 1640 2251 benevolentiae,
1668 2205 1763 2242 Pro-

329 2256 600 2306 videntiaeque
620 2269 712 2294 suae
737 2258 976 2306 mercedem,
1008 2258 1055 2295 ab
1079 2258 1402 2297 Antiochensibus
1421 2260 1637 2311 Episcopus
1659 2260 1764 2298 dele-

331 2319 441 2360 ctus,
469 2312 697 2362 reportavit.
754 2312 852 2351 Vide
876 2320 914 2351 et
944 2313 1156 2365 Nicephor.
1190 2314 1262 2356 lib.
1297 2319 1361 2358 17.
1393 2329 1475 2366 cap.
1496 2319 1533 2357 3.
1563 2321 1603 2354 et
1622 2315 1763 2355 Cedre-

330 2381 436 2408 num.

440 2424 540 2474 Pag.
570 2422 664 2464 424.
694 2420 732 2463 4.
760 2419 834 2473 τὴν
852 2422 1067 2475 γενομένην
1086 2421 1231 2466 ἅλωσιν
1247 2428 1318 2478 τῆς
1334 2422 1507 2477 πόλεως.]
1527 2425 1647 2465 Forte
1667 2427 1764 2466 scri.

331 2478 522 2525 bendum,
546 2481 718 2527 πτῶσιν,
747 2479 806 2516 uti
823 2492 941 2529 supra
958 2478 1088 2518 habet.

445 2533 664 2584 Pag.424.
697 2537 760 2575 17.
800 2538 955 2589 τελευτᾷ
987 2533 1029 2574 δὲ
1061 2535 1252 2576 ἐνιαυτῶν
1282 2532 1345 2576 σε’.
1356 2537 1369 2586 ]
1410 2535 1499 2577 Chr.
1529 2536 1639 2576 Alex.
1662 2537 1763 2576 duos

334 2594 536 2639 praeterea
562 2589 666 2628 vitae
700 2589 780 2641 ejus
809 2575 943 2628 addit
946 2603 1085 2629 annos:
1114 2594 1272 2646 τελευτᾷ
1293 2590 1335 2631 δὲ
1364 2592 1459 2632 ἐτῶν
1491 2589 1561 2641 οζ’.
1590 2592 1765 2633 Moritur

335 2658 436 2682 anno
457 2645 594 2682 aetatis
613 2659 702 2682 suae
717 2659 871 2684 LXXVII.

451 2701 543 2750 Pag
573 2700 667 2741 425.
698 2701 736 2742 5.
774 2704 840 2748 ῌν
865 2700 907 2741 δὲ
927 2704 978 2755 τῆ
996 2700 1080 2756 ἰδέα
1096 2699 1332 2754 κοντοειδης.
1343 2700 1358 2753 ]
1387 2703 1492 2741 Fasti
1510 2702 1766 2742 Alexandrini

337 2766 358 2791 a
375 2754 569 2803 Scaligero
597 2755 692 2793 editi
712 2755 857 2795 habent
883 2757 1104 2810 κονδοιδης.
1139 2757 1484 2811 801·.κονδοειδης.·
1513 2773 1652 2811 nempe
1672 2774 1765 2799 κον·-

337 2806 423 2856 τός,
453 2810 517 2847 vel
535 2809 696 2858 κονδος,
730 2812 868 2852 Curius
894 2820 952 2853 est
974 2814 1273 2853 recentioribus:
1303 2815 1408 2853 Fasti
1438 2815 1533 2854 dicti
1561 2829 1584 2853 a
1610 2814 1765 2854 Radere
