1838 3230
312 189 410 237 434
713 186 993 232 IOANNIS
1020 187 1351 249 MALALAE

312 303 434 360 λέγων
455 302 515 346 ὅτι
529 302 623 348 Ἐὰν
645 301 794 360 νικήσω
814 305 970 359 Λίμνον
988 305 1058 349 τὸν
1083 305 1254 359 βασιλέα
1284 310 1366 348 τῶν
1381 304 1622 363 Ἀμεριτῶν,
1648 323 1747 364 ,χρι-

313 371 473 421 στιανὸς
490 373 672 427 γι’νο,ιιαι’
707 370 806 429 ὑπὲρ
824 373 900 429 γὰρ
926 378 1007 416 τῶν
1031 378 1274 430 χριστιανῶν
1299 377 1461 427 πολεμῶ
1487 373 1612 431 αὐτῷ.
1679 376 1747 418 καὶ

311 437 475 494 νικήσας
508 437 528 481 ὅ
552 439 743 494 βασιλεὺς
761 444 841 482 τῶν
864 441 1131 495 Αὗξουμιτῶν
1174 443 1240 483 καὶ
1267 441 1517 496 παραλαβὼν
1537 441 1661 485 αὐτὸν
1679 443 1745 484 αῖ-

307 505 541 561 χμάλωτον,
579 507 729 550 ἀνεῖλεν
749 507 871 550 αὐτὸν
903 510 969 551 καὶ
995 514 1131 551 πᾶσαν
1161 509 1234 563 τὴν
1258 506 1455 564 βοήθειαν
1481 508 1632 563 αὐτοῦ,
1677 510 1745 551 καὶ

310 575 384 629 τὴν
404 572 543 629 χώραν
560 576 627 616 καὶ
646 575 696 617 τὰ
714 576 897 626 βασίλεια
918 576 1043 618 αὐτοῦ
1064 576 1194 627 ἔλαβε.
1754 586 1776 621 5

410 643 493 684 Καὶ
521 642 624 695 μετὰ
657 642 730 697 τὴν
761 643 874 697 νίκην
903 642 1054 697 ἔπεμψε
1084 642 1368 698 συγκλητικοὺς
1399 642 1525 685 αὖτοῦ
1557 639 1630 685 δύο
1677 643 1745 691 καὶ

309 708 392 761 μετ’
424 708 556 751 αὐτῶν
585 711 812 759 διακοσίους
838 711 879 752 ἓν
904 710 1200 768 Ἀλεξανδρείᾳ,
1239 708 1423 763 δεόμενος
1449 714 1522 752 τοῦ
1548 709 1745 762 βασιλέως

304 775 587 818 ’Ῑουστινιανοῢ
633 776 734 819 ὥστε
765 782 901 830 λαβεῖν
939 778 1060 820 αὐτὸν
1091 779 1304 820 ἐπίσκοπον
1330 779 1396 819 καὶ
1425 777 1637 833 κληρικούς
1676 778 1744 820 καὶ

310 848 590 898 κατηχηθῆναι
618 847 685 886 καὶ
715 847 958 899 διδαχθῆναι
989 845 1041 887 τὰ
1064 849 1306 900 χριστιανῶν
1323 843 1525 901 μυστήρια
1568 846 1634 886 καὶ
1654 861 1743 901 φω-

168 914 200 947 Ο
226 915 290 950 165
313 915 502 966 τισθῆναι
524 914 589 953 καὶ
615 916 748 954 πᾶσαν
768 912 842 967 τὴν
866 912 1033 967 Ἰνδικὴν
1047 911 1185 968 χώραν
1203 910 1282 954 ὗπὸ
1299 911 1520 965 Ῥωμαίους
1540 912 1740 967 γενέσθαι.
1755 916 1799 950 10

258 979 288 1012 Β
312 980 376 1020 καὶ
396 977 579 1034 ἐμηνύθη
598 984 655 1036 τῷ
672 984 835 1031 βασιλεῖ’
853 979 1118 1038 Ἰουστινιανῷ
1147 977 1279 1022 πάντα
1317 978 1384 1020 διὰ
1410 980 1623 1031 Λικινίου,
1668 979 1744 1022 αὗ-

307 1047 547 1101 γουσταλιόυ
565 1047 885 1103 Ἀλεξανδρείας·
922 1049 987 1090 καὶ
1018 1048 1227 1090 ἐθέσπισεν
1259 1045 1279 1089 ὃ
1308 1046 1430 1096 αὐτὸς
1455 1045 1642 1100 βασιλεὺς
1675 1044 1744 1089 ὅν-

307 1130 398 1155 τινα
419 1111 636 1167 βούλονται
656 1116 869 1157 ἐπίσκοπον
889 1119 1027 1167 λαβεῖν
1047 1113 1208 1164 αὐτούς.
1278 1115 1344 1156 καὶ
1362 1114 1593 1164 ἐπελέξαντο
1611 1113 1651 1156 οἳ
1669 1112 1745 1156 αὖ·-

306 1183 369 1223 τοὶ
389 1183 628 1237 πρεσβευταὶ
654 1182 770 1224 Ἰνδοὶ
791 1182 860 1224 τὸν
880 1181 1184 1239 παραμονάριον
1213 1185 1286 1223 τοῦ
1317 1179 1429 1236 ἁγίου
1452 1179 1640 1224 Ἰωάννου
1671 1184 1744 1223 τοῦ

309 1249 349 1290 ἓν
372 1247 668 1307 Ἀλεξανδρείᾳ,
704 1249 833 1305 ἄνδρα
860 1250 1011 1305 εὐλαβῆ
1020 1282 1033 1302 ,
1071 1249 1292 1306 παρθένον,
1339 1246 1506 1301 ὄνόματι
1538 1240 1739 1303 Ἰωάννην,
1755 1250 1796 1290 15

311 1314 409 1357 ὄντα
435 1316 625 1358 ἐνιαυτῶν
648 1315 702 1366 ὡς
724 1315 914 1371 ἑξήκοντα
945 1316 1032 1359 δύο.
1112 1319 1177 1359 καὶ
1209 1313 1400 1369 λαβόντες
1430 1315 1499 1358 τὸν
1530 1317 1742 1358 ἐπίσκοπον

310 1384 375 1424 καὶ
405 1382 499 1431 τοὺς
531 1382 764 1439 κληρικούς,
811 1383 880 1432 οὓς
910 1384 1032 1433 αὐτὸς
1069 1384 1304 1435 ἐπελέξατο,
1353 1381 1555 1438 ἀπήγαγον
1587 1383 1643 1433 εἰς
1668 1383 1742 1437 τὴν

304 1449 472 1504 Ἰνδικὴν
487 1447 626 1506 χώραν
659 1450 917 1507 πρὸςἌνδαν
938 1451 1010 1494 τὸν
1029 1451 1198 1504 βασιλέα
1223 1450 1369 1492 αὐτῶν.

405 1517 471 1559 Ἐν
490 1517 600 1576 αὐτῷ
620 1519 666 1560 δὲ
689 1523 745 1576 τῷ
770 1516 902 1575 χρόνῳ
922 1519 1068 1574 συνέβη
1100 1518 1254 1574 ἔχθραν
1282 1516 1467 1572 γενέσθαι
1497 1520 1570 1559 τοῦ
1599 1515 1743 1566 δουκὸς

308 1585 586 1640 Παλαιστίνης
604 1584 815 1640 Λιομήδου
827 1618 840 1638 ,
875 1587 1136 1641 σιλεντιαρίου
1178 1584 1280 1639 μετὰ
1304 1588 1377 1627 τοῦ
1405 1582 1614 1641 φυλάρχου
1630 1583 1796 1640 Ἀρί-20

259 1656 289 1689 C
311 1656 385 1698 θα.
458 1650 541 1695 ὅδὲ
555 1652 727 1708 Ἀρέθας
747 1654 945 1709 φοβηθεὶς
989 1655 1174 1708 εἰσῆλθεν
1202 1654 1255 1700 εἷς
1289 1651 1335 1693 τὸ
1363 1650 1568 1707 ἐνδότερον
1591 1652 1745 1704 λίμιτον

310 1720 375 1761 ἐπὶ
398 1719 449 1761 τὰ
475 1718 632 1762 Ἰνδικά.
702 1722 768 1762 καὶ
800 1720 950 1774 μαθὼν
981 1725 1102 1763 τοῦτο
1136 1718 1157 1763 ὅ
1189 1716 1514 1772 Ἀλαμούνὸαρος
1547 1716 1568 1760 ὅ
1605 1722 1744 1774 Σαρα-

309 1786 429 1842 κηνός
447 1791 528 1830 τῶν
547 1790 735 1845 Περσῶν,
765 1788 979 1845 ἕπιῤῥίψας
997 1788 1107 1846 αὐτῷ
1129 1790 1186 1847 τῷ
1207 1784 1401 1845 φυλάρχῳ
1415 1785 1636 1841 Ῥωμαίων,
1663 1802 1744 1828 πα-

397 1909 454 1942 20.
487 1904 699 1951 Διομήδου]
724 1905 782 1939 Sic
806 1904 974 1952 Διομήδῃ
997 1906 1064 1941 vol.
1087 1906 1114 1940 Ι.
1145 1917 1180 1951 p.
1201 1903 1257 1941 46.
1282 1906 1324 1947 C,
1372 1901 1576 1949 Παλαμήδῃ
1598 1902 1680 1938 ibid.
1702 1913 1738 1948 p.

398 1949 455 1987 45.
478 1952 523 1995 D,
546 1952 667 1994 omnia,
685 1956 723 1986 ut
739 1951 898 1994 arbitror,
917 1952 1083 1986 mendose.
1129 1953 1186 1988 23.
1211 1949 1383 1997 φυλάρχῳ
1395 1951 1470 1992 ch„
1493 1948 1655 1996 φιλάρχῳ
1673 1949 1740 1982 Ox.

306 2052 508 2087 Christianis
542 2053 644 2095 enim,
678 2053 808 2099 inquit,
843 2051 1003 2088 adversus
1024 2064 1096 2087 eum
1119 2064 1212 2087 arma
1233 2063 1334 2087 sumo.
1388 2051 1637 2087 Auxumitarum
1659 2060 1739 2084 vero

309 2109 370 2131 rex
392 2097 535 2131 victoria
567 2099 700 2132 tandem
730 2100 874 2144 potitus,
918 2099 1165 2133 Homeritarum
1196 2109 1310 2142 regem
1341 2097 1428 2132 bello
1450 2103 1582 2141 captum
1603 2093 1739 2136 occidit,

309 2142 421 2176 deleto
446 2143 596 2177 exercitu
619 2144 689 2187 ejus
711 2147 783 2178 toto
807 2144 999 2188 regionibus
1022 2143 1124 2178 etiam
1145 2143 1321 2188 regnisque
1343 2143 1415 2187 ejus
1438 2141 1619 2186 occupatis.

399 2188 480 2221 Post
509 2192 640 2232 partam
671 2199 752 2222 vero
775 2189 951 2223 victoriam
975 2189 1078 2230 duos,
1123 2200 1164 2222 ex
1185 2188 1379 2233 proceribus
1409 2188 1474 2221 suis
1497 2185 1646 2221 ducentis
1667 2183 1740 2218 aliis

309 2231 468 2277 stipatos,
501 2232 735 2266 Alexandriam
757 2234 861 2273 misit3
898 2245 960 2279 per
982 2245 1066 2278 quos
1086 2233 1307 2267 Justinianum
1329 2233 1563 2277 Imperatorem
1584 2234 1739 2273 rogatum

309 2277 448 2319 habuit,
470 2277 522 2311 uti
543 2277 730 2322 Episcopus
751 2278 814 2311 sibi
837 2279 1028 2323 Clericique
1050 2279 1230 2319 darentur,
1256 2289 1276 2311 a
1297 2278 1415 2323 quibus
1437 2275 1647 2310 Christianae
1668 2274 1739 2308 Re-

307 2322 441 2366 ligionis
463 2320 655 2356 rudimentis
675 2326 710 2357 et
733 2323 902 2366 Mysteriis
923 2323 1088 2365 imbutus,
1123 2334 1219 2357 sacro
1242 2321 1452 2367 Baptismatis
1481 2321 1616 2354 lavacro
1637 2319 1739 2353 intin-

309 2371 470 2411 geretur:
499 2367 635 2412 insuper
657 2367 757 2401 etiam
779 2372 916 2412 petens,
938 2368 989 2402 uti
1011 2373 1085 2402 tota
1106 2368 1261 2401 Indorum
1284 2367 1377 2411 regio
1399 2366 1459 2400 sub
1480 2365 1629 2398 Romano
1652 2368 1739 2399 esset

309 2412 460 2457 imperio.
505 2413 691 2457 Imperator
713 2416 824 2446 autem
847 2424 867 2445 a
900 2413 1071 2455 Licinnio,
1104 2413 1276 2456 Augustali
1310 2410 1550 2451 Alexandriae,
1578 2421 1641 2454 per
1662 2409 1740 2444 lite—

309 2468 364 2491 ras
387 2458 430 2491 de
459 2457 510 2492 his
534 2458 660 2492 certior
679 2458 809 2498 factus,
843 2457 1021 2502 Rescripto
1044 2469 1101 2491 suo
1128 2457 1243 2501 jussit,
1277 2456 1480 2501 Episcopum
1513 2465 1740 2500 quemcunque

308 2502 435 2536 vellent
453 2502 518 2537 sibi
550 2502 753 2548 acciperent.
798 2502 999 2546 Deligebant
1018 2502 1134 2547 itaque
1163 2502 1317 2535 Indorum
1339 2500 1461 2545 Legati
1481 2500 1660 2542 Joannem,
1699 2500 1739 2534 S.

308 2547 446 2581 Joannis
467 2548 502 2581 in
524 2547 728 2582 Alexandria
748 2547 1032 2589 Paramonarium‚
1067 2547 1174 2581 virum
1195 2547 1296 2591 pium,
1321 2550 1356 2580 et
1378 2545 1549 2588 caelibem,
1571 2555 1738 2589 annosque

307 2591 448 2625 circiter
469 2603 554 2626 an.
586 2597 710 2629 natum.
753 2593 853 2626 Hunc
873 2591 998 2636 igitur,
1031 2603 1099 2625 una
1121 2602 1194 2624 cum
1228 2590 1368 2625 Clericis
1392 2590 1594 2636 Episcopum
1615 2588 1738 2634 Legati

309 2641 471 2671 sumentes
493 2648 623 2679 secum,
650 2637 685 2671 in
706 2636 835 2671 Indiam
857 2639 900 2671 ad
922 2636 1048 2680 Regem
1070 2648 1165 2670 suum
1187 2636 1313 2669 Andam
1336 2635 1559 2670 abduxerunt.

400 2682 554 2726 Contigit
576 2687 686 2716 autem
705 2694 768 2727 per
788 2682 824 2716 id
846 2686 973 2726 tempus
994 2681 1150 2714 Diomedi
1172 2681 1375 2722 silentiario,
1405 2680 1617 2715 Palaestinae
1638 2677 1736 2719 Duci,

311 2737 383 2760 cum
412 2728 541 2761 Aretha
570 2728 761 2771 Phylarcho
795 2726 980 2761 inimicitias
1012 2725 1232 2760 intercedere.
1278 2727 1422 2760 Arethas
1455 2729 1563 2759 autem
1585 2724 1647 2758 sibi
1669 2734 1737 2757 me-

310 2775 423 2814 tuens,
457 2771 494 2805 in
515 2772 692 2806 interiores
715 2772 831 2806 Indiae
851 2773 933 2806 fines
954 2783 991 2805 se
1012 2771 1162 2815 recepit,
1198 2770 1287 2815 quod
1309 2771 1368 2805 ubi
1390 2770 1610 2804 Alamundaro
1631 2769 1736 2802 Sara-

310 2826 403 2858 ceno,
425 2817 601 2852 Persarum
621 2816 721 2859 Duci,
750 2816 942 2853 nunciatum
961 2815 1036 2862 fuit,
1060 2816 1283 2862 Phylarchum
1303 2816 1375 2863 ipse
1395 2816 1616 2851 Romanorum
1638 2812 1737 2849 ador-
