1838 3230
323 177 422 224 592
807 171 1268 219 ANNOTATIONES.

324 287 404 325 tius
442 285 662 335 transtulit,
709 298 824 337 quam
853 286 958 326 fecit.
1028 287 1243 339 Vopiscus,
1282 288 1324 328 in
1363 281 1606 328 Aureliano?

322 352 514 382 vastatum
534 341 730 394 Illyricum
744 373 756 391 ,
785 356 834 380 ac
856 343 1048 384 Moesiam
1068 342 1304 397 deperditam
1323 343 1482 392 fideret,
1511 344 1753 391 Provinciam

322 408 431 438 trans
447 397 667 435 Danubium
687 396 856 436 Daciam
878 413 903 436 a
926 400 1094 451 Trojano
1122 401 1388 450 constitutam,
1419 399 1572 440 sublato
1599 403 1754 441 exerci-

321 463 384 501 tu,
413 462 448 490 et
466 450 791 504 provincialibus,
821 452 994 507 reliquit,
1024 453 1227 506 desperans
1248 469 1330 493 eam
1358 469 1470 508 posse
1485 457 1636 495 retineri
1643 471 1655 508 3
1684 457 1755 494 ab-

321 507 531 560 ductosque
549 521 603 545 eae
618 521 661 544 ea
675 505 840 560 populos
861 510 908 548 in.
921 508 1075 547 Moesia
1093 508 1319 556 collocavit,
1349 508 1631 564 appellavitque
1643 526 1755 550 auam

320 563 510 601 Daciam.-
539 576 638 614 quae
658 560 758 601 nunc
780 562 876 602 duas
903 564 1078 603 Moesias
1101 563 1251 603 dividit.
1306 565 1366 603 Ita
1401 567 1502 604 enim
1527 567 1754 620 EutropiuS,

319 618 388 656 lib.
410 631 466 655 1x.
484 618 524 655 in
541 618 772 656 Aureliano:
818 621 1058 658 Provinciam
1077 619 1246 658 Daciam
1258 651 1269 668 ,
1299 635 1414 673 quam
1440 623 1634 674 Trajanue
1650 621 1755 662 ultra

319 672 541 711 Danubium
546 671 727 727 jecerat,
757 675 979 723 intermisit,
1010 684 1160 714 vastato
1187 676 1292 714 omni
1318 674 1502 727 Illyrico,
1530 686 1566 715 et
1581 678 1623 716 in
1637 677 1755 717 Moe-

319 730 379 767 sia
398 726 602 767 collocavit
615 743 629 767 .·
657 738 691 765 et
712 739 765 767 est
787 730 827 767 in
848 728 1010 768 dextera
1024 729 1207 769 Danubio
1226 732 1266 770 in
1282 745 1387 769 mare
1398 733 1549 786 fluenti,
1579 747 1665 773 cum
1682 748 1754 772 an-

320 793 382 822 tea
391 783 521 840 fuerit
540 784 579 821 in
602 782 726 823 laeva,
1652 820 1655 822 Α

430 841 531 890 Pag.
560 842 652 880 301.
688 842 727 881 8.
764 836 844 880 ’ὕπὸ
857 842 931 880 τοῦ
949 840 1052 880 ἰδίου
1069 843 1235 893 στρατοῦ
1247 839 1616 895 ἐδολοφονεύθη*)]
1646 843 1754 882 Mne-

321 894 444 944 sthei,
474 894 579 932 servi
601 894 660 932 sui
678 895 835 943 fraude,
862 896 1036 934 libellum
1063 896 1373 939 Caesarismanu
1400 898 1593 950 scriptum
1609 898 1753 949 fingen-

321 952 391 999 tis,
423 963 500 1001 quo
519 951 638 989 multa
657 952 742 989 neci
760 951 1040 1002 destinatorum
1069 952 1226 990 nomina
1254 954 1572 1004 continebantur,
1602 955 1754 993 occisus

323 1012 396 1044 est:
425 1006 483 1043 uti
503 1020 582 1044 rem
601 1006 720 1044 habes
744 1007 940 1058 copiosius
961 1013 1156 1045 narratam
1173 1007 1280 1059 apud
1298 1009 1523 1061 Vopiscum.

433 1060 535 1100 Ibid.
593 1062 635 1102 ἐν
664 1059 773 1115 τόπῳ
801 1062 1046 1118 καλουμένῳ,
1077 1066 1192 1117 Κενῷ
1222 1065 1425 1119 Φρουρίῳ]
1453 1066 1512 1103 lta
1539 1064 1652 1102 etiam
1672 1064 1754 1102 Eu-

322 1117 495 1168 tropius,
524 1118 589 1155 lib.
614 1121 653 1160 9.
711 1117 945 1172 Interfectus
972 1129 1026 1157 est
1043 1119 1084 1156 in
1104 1119 1249 1156 itineris
1268 1118 1393 1159 medio
1412 1118 1517 1174 quod
1536 1120 1634 1158 inter
1657 1117 1756 1159 Con-

321 1171 612 1225 stantinopolim
641 1183 674 1211 et
702 1172 934 1212 Heracleam
959 1183 1035 1221 est,
1067 1183 1211 1211 stratae
1239 1177 1371 1213 veteris
1402 1174 1510 1214 locus
1541 1173 1756 1227 Genophru-

321 1229 419 1266 rium
435 1226 673 1280 appellatur.-
693 1229 767 1266 Ubi
786 1235 915 1267 tamen
932 1229 1191 1277 scribendum,
1218 1230 1565 1284 Caenophrurium:
1595 1237 1634 1268 et
1649 1230 1756 1282 apud

321 1290 522 1331 nostrum,
551 1287 675 1338 καινῷ
692 1286 893 1338 φρουρίῳ,
920 1286 980 1322 uti
1004 1284 1122 1322 habet
1150 1285 1341 1324 Eusebius
1373 1293 1412 1324 et
1442 1285 1658 1333 Cedrenus3
1687 1286 1756 1337 qui

324 1339 438 1378 etiam
461 1340 669 1378 Castellum
688 1339 764 1378 hoc
785 1340 831 1378 ab
851 1341 1009 1389 incolis,
1038 1336 1320 1392 Κενοφλώριον
1344 1342 1479 1380 vocari
1496 1347 1672 1380 testatur.

434 1397 537 1448 Pag.
567 1399 659 1437 301.
704 1399 766 1438 11.
809 1399 937 1448 μῆνας
956 1394 1028 1447 ζ’.]
1069 1396 1149 1433 Imo
1179 1396 1282 1433 intra
1318 1404 1469 1436 sextum
1500 1397 1660 1448 Imperii
1691 1397 1755 1436 sui

320 1465 510 1500 mensem,
542 1451 700 1490 militari
726 1452 895 1490 tumultu
916 1464 1148 1503 oppressus,
1176 1451 1332 1491 interiit.
1360 1452 1452 1491 vide
1470 1453 1632 1503 Eutrop.

429 1505 524 1560 Pag.
553 1510 645 1548 301.
679 1510 743 1547 13.
779 1511 1006 1559 Μανιχαῐος
1035 1522 1115 1554 τις,
1146 1502 1307 1558 ὀνόματι
1335 1504 1522 1560 Κερδών]
1551 1507 1612 1545 Ita
1639 1508 1754 1546 etiam

320 1562 411 1601 Chr.
434 1563 543 1604 Alex.
566 1563 726 1600 Auctor.
783 1562 928 1601 Verum
956 1569 1053 1613 quot
1083 1562 1276 1600 Cerdones
1303 1563 1413 1601 nobis
1431 1564 1638 1614 proferunt
1654 1563 1753 1602 scri—

319 1626 455 1671 ptores
480 1618 573 1656 isti?
606 1620 734 1669 Supra
757 1618 857 1656 enim
879 1618 1083 1656 habuimus
1118 1618 1355 1656 Marcionem
1384 1618 1652 1667 Haereticum,
1680 1619 1752 1657 sub

319 1674 518 1714 Hadriano
546 1674 729 1725 Imperat.
801 1675 976 1712 Marcion
1004 1680 1132 1711 autem
1160 1674 1233 1711 iste
1269 1673 1455 1712 Cerdonis
1490 1673 1595 1711 illius
1631 1675 1754 1721 unici,

322 1744 437 1782 quem
456 1731 682 1782 producunt
698 1730 905 1780 Historici‚
935 1729 1101 1768 nominis
1120 1728 1237 1781 hujus
1259 1728 1559 1768 Haeresiarchae
1578 1728 1753 1781 discipu·-

320 1787 383 1824 lus
402 1792 495 1824 erat.
557 1785 803 1824 Manichaeus
830 1786 982 1837 itaque,
1012 1798 1124 1836 quem
1152 1784 1217 1822 hic
1247 1785 1387 1824 Noster
1413 1785 1623 1835 indigetat‚
1654 1786 1754 1824 forte

324 1848 382 1880 est
405 1843 536 1880 Manes
565 1843 675 1894 ipse,
713 1841 1031 1881 Manichaeorum
1055 1839 1274 1890 Choregus,
1313 1841 1556 1891 nominisque
1582 1844 1752 1879 Auctor:

325 1911 438 1948 quern
456 1898 558 1936 circa
577 1898 674 1936 haec
695 1904 894 1950 tempora,
927 1898 1048 1949 impia
1077 1910 1147 1934 sua
1177 1896 1357 1946 dogmata
1383 1897 1674 1943 disseminasse,
1703 1909 1753 1934 ex

324 1953 582 2004 scriptoribus
606 1954 887 1992 Ecclesiasticis
922 1959 1087 1992 constat.
1153 1952 1251 1990 Vide
1279 1952 1508 2001 Eusebium,
1547 1951 1648 1990 Hist.
1677 1951 1751 1989 Ec-

325 2009 416 2047 cles.
439 2009 464 2046 l.
481 2014 518 2052 8.
538 2023 622 2062 cap.
644 2011 709 2052 25.
766 2009 927 2048 Cedren.
952 2009 1129 2059 Glycam,
1157 2007 1294 2046 Annal.
1311 2014 1411 2060 part.
1432 2010 1471 2049 3.
1485 2008 1626 2045 Zonar.
1643 2007 1751 2046 Tom.

324 2069 364 2106 2.
395 2066 545 2102 socrat.
566 2065 754 2103 Scholast.
775 2065 876 2104 Hist.
894 2066 1039 2104 Eccles.
1058 2064 1124 2104 lib.
1148 2068 1184 2105 1.
1217 2077 1301 2114 cap.
1333 2068 1395 2106 17.
1426 2063 1620 2112 aliosque,
1658 2060 1750 2100 Chr.

323 2126 452 2158 tamen
471 2120 580 2158 Alex.
599 2120 761 2171 Auctor,
790 2122 929 2159 unicus
950 2120 1057 2172 quod
1069 2119 1201 2169 sciam,
1229 2119 1419 2157 Manetem
1435 2115 1751 2156 Haeresiarcham

323 2175 394 2214 sub
424 2175 554 2213 Nerva
571 2176 667 2226 lmp.
685 2177 809 2227 ponit.

432 2232 533 2283 Pag.
561 2233 655 2273 302.
683 2234 721 2272 3.
764 2235 887 2278 Ηλιος
915 2227 1100 2283 Πρόβος]
1137 2228 1308 2280 Probum
1337 2228 1437 2279 Imp.
1463 2226 1638 2276 Helium,
1667 2228 1751 2266 sive

322 2286 471 2325 Aelium
498 2287 645 2329 dictum
671 2287 811 2324 nullibi
838 2287 1008 2326 invenio.
1066 2285 1143 2324 Sed
1168 2298 1239 2322 nec
1266 2297 1406 2322 nomen
1436 2281 1514 2320 hoc
1539 2289 1751 2333 agnoscunt

323 2341 424 2392 Imp.
442 2342 558 2394 hujus
577 2342 736 2390 nummi,
766 2342 833 2392 qui
851 2342 905 2379 ita
925 2342 1222 2380 inscribuntur:-
1236 2340 1335 2378 IMP.
1358 2339 1398 2376 C.
1419 2337 1468 2377 M.
1489 2338 1606 2376 ΔΗΒ.
1627 2338 1751 2376 PRO-

322 2397 429 2437 BUS.
450 2398 491 2435 P.
508 2399 551 2438 F.
569 2398 687 2438 AUG.
717 2396 759 2435 id
779 2403 856 2445 est;
886 2395 1098 2448 Imperator
1115 2395 1254 2435 Caesar
1264 2393 1430 2434 Marcus
1449 2392 1634 2432 Aurelius
1653 2392 1750 2432 Pro·

324 2451 415 2499 bus,
447 2454 560 2503 Pius,
587 2452 749 2502 Foelix,
779 2451 993 2502 Augustus.
1049 2451 1241 2490 Antonius
1266 2450 1378 2493 Piso,
1407 2448 1448 2485 in
1469 2449 1658 2487 Tractatu
1678 2461 1750 2486 suo

323 2506 370 2545 de
400 2507 578 2546 Nummis
602 2509 741 2561 Aniiq.
801 2507 947 2545 Gallice
977 2507 1144 2557 scripto,
1173 2507 1445 2556 Imperatorem
1475 2503 1607 2554 hunc,
1634 2503 1750 2543 Mar..

323 2577 408 2602 cum
428 2562 685 2602 Aurelianum
706 2561 955 2602 Valerianum
974 2561 1142 2601 Probum
1156 2590 1168 2612 ,
1198 2559 1378 2611 appellat.

431 2620 534 2671 Pag·
560 2622 653 2660 302.
683 2620 719 2662 4.
752 2618 815 2670 ἔτη
838 2615 884 2672 γ’,
913 2616 980 2657 καὶ
1012 2620 1138 2668 μῆνας
1163 2613 1231 2669 y'‚]
1273 2614 1488 2663 cedrenus,
1527 2619 1564 2652 et
1592 2614 1748 2664 Glycas‚

321 2673 449 2711 Probo
471 2674 683 2726 Imperanti
704 2688 824 2714 annos
845 2687 889 2726 11,
918 2679 956 2714 et
973 2685 1122 2712 menses
1139 2685 1195 2712 ιν.
1216 2676 1364 2710 tantum
1382 2670 1584 2710 tribuunt:
1610 2670 1749 2709 Eutro-

369 2794 400 2837 ‘)
424 2795 485 2829 Sic
507 2795 562 2831 ed.
586 2797 655 2831 Ox.
