1838 3230
426 161 1061 209 ‚CHRONOGRAPH1A.
1119 159 1169 204 L.
1199 157 1253 202 X.
1486 163 1587 212 249

116 289 246 329 πικῶν
275 285 342 328 καὶ
370 281 632 340 μονομάχιον.
703 283 770 324 καὶ
799 281 874 331 τὰς
899 281 974 336 μὲν
1005 281 1135 338 ἀρχὰς
1155 281 1390 325 ἐπετέλεσαν
1410 281 1450 323 οἷ
1471 280 1588 324 αὐτοὶ
1614 288 1647 323 Ο
1671 289 1738 324 321

117 351 445 408 πολιτευόμενοι,
481 352 586 407 μετὰ
605 353 799 394 δὲταῦτα
825 348 1110 407 ὗπερετίθεντο
1135 350 1211 401 τὰς
1230 348 1461 407 προσόδους
1483 350 1589 393 ἁπο-

119 423 417 480 κερδαίνοντες,
448 422 528 464 ἀπὸ
558 422 678 470 θείας
712 417 928 469 κελεύσεως
963 419 1002 462 οἶ
1032 420 1148 463 αὗτοὶ
1179 417 1480 474 πολιτευόμενοι
1495 418 1590 462 Ἀν-

117 493 294 547 τιοχείας
310 491 414 546 μετὰ
431 492 498 534 καὶ
520 495 602 533 τῶν
627 487 836 544 κτητόρων
869 487 1077 544 ἠγόρασαν
1105 489 1160 531 τὰ
1174 487 1381 543 Ὀλύμπια
1403 488 1483 532 ἀπὸ
1505 492 1588 531 τῶν
1612 494 1643 529 C

85 561 322 606 51Ῑισαίων.
387 561 455 602 καὶ
486 558 645 616 ᾔτησαν
670 558 708 601 οἳ
726 557 843 600 αὐτοὶ
863 559 1084 610 βουλευταὶ
1105 558 1202 609 τούς
1218 563 1292 613 τῆς
1311 556 1464 608 πόλεως
1485 556 1590 600 πάν-

118 646 218 682 τας,
254 627 310 679 ὥς
340 626 396 671 ἂν
418 628 570 683 ἕτοιμοι
602 627 715 677 ὄντες
743 627 930 669 ἐνδοῦναι
960 627 1099 677 αὐτοῖς
1134 629 1176 670 ἒν
1200 633 1259 686 τῷ
1287 627 1387 677 τέως
1414 626 1488 682 τὴν
1507 631 1589 670 τῶν

113 697 349 752 Ὀλυμπίων
365 696 511 752 ἑορτὴν
533 697 806 739 ἐπιτελεῖσθαι
827 695 978 745 αὐτοῖς.
1032 698 1099 738 καὶ
1120 698 1370 740 πεισθέντων
1387 700 1470 739 τῶν
1491 713 1590 752 κτη-

116 765 252 823 τόρων
270 767 336 809 καὶ
359 770 433 809 τοῦ
454 764 588 821 δήμου
609 765 762 814 παντὸς
785 766 851 807 καὶ
872 769 954 807 τῶν
973 765 1123 821 ἱερέων,
1145 764 1318 821 ἐνεδόθη
1338 765 1477 815 αὐτοῖς
1490 779 1500 789 ·
1522 767 1591 808 καὶ

117 835 354 879 ἐπετέλεσαν
384 835 423 878 οἱ
451 834 567 878 αὗτοὶ
602 831 903 888 πολιτευόμενοι
943 834 1046 877 κατὰ
1080 834 1128 878 τὸ
1162 833 1304 893 πρῴην
1336 834 1436 885 ἔθος
1468 832 1590 877 πάλιν

61 916 107 950 10
117 904 189 948 τὸν
211 909 294 948 τῶν
311 908 509 960 σκηνικῶν
532 905 598 947 καὶ
619 903 840 958 ἀθλητῶν,
871 907 1106 957 θυμελικῶν
1126 905 1193 946 καὶ
1213 908 1415 960 τραγικῶν
1434 905 1500 946 καὶ
1521 903 1590 945 ἶπ-

114 977 244 1016 πικῶν
266 973 427 1030 ἀγῶνα,
466 975 532 1015 καὶ
553 972 696 1016 λοιπὸν
719 971 793 1022 τὰς
813 969 849 1013 λ’
869 969 1026 1028 ἠμέρας
1058 972 1139 1015 ἀπὸ
1167 977 1241 1028 τῆς
1266 973 1483 1027 νεομηνίας
1514 976 1588 1015 τοῦ

113 1040 430 1098 ὖπερβερεταιόυ
456 1042 587 1098 μηνὸς
616 1040 722 1085 κατὰ
748 1041 864 1084 πέντε
885 1041 954 1097 ἔτη
978 1042 1053 1092 ἕως
1070 1045 1144 1085 τοῦ
1162 1046 1305 1100 καιροῦ
1324 1045 1398 1084 τοῦ
1419 1057 1588 1084 πενταε-

115 1115 214 1162 τοῦς
228 1108 487 1168 φθάσαντος.

217 1181 304 1224 Καὶ
333 1178 456 1223 πάλιν
489 1177 740 1236 εὑρίσκοντες
769 1177 962 1236 ἀφορμὴν
984 1177 1150 1235 εὔλογον
1170 1178 1209 1222 οἳ
1233 1178 1351 1222 αὐτοὶ
1372 1175 1584 1222 πολιτευό-
1608 1192 1641 1227 D

63 1257 245 1304 15μενοι,
271 1247 482 1305 διαφόρων
502 1249 691 1302 πολέμων
710 1247 960 1302 κινηθέντων
978 1248 1021 1290 ἐν
1044 1253 1096 1306 τῇ
1116 1248 1309 1305 ἀνατολῇ,
1339 1247 1388 1291 οὗ
1406 1248 1490 1303 μὴν
1513 1247 1589 1291 ἆλ-

118 1317 171 1361 λοὶ
205 1319 273 1360 καὶ
303 1322 380 1373 τῆς
410 1317 539 1373 αὐτῆς
573 1316 729 1367 πόλεως
753 1316 997 1371 Ἀντιοχείας
1028 1319 1259 1373 ληφθείσης
1281 1315 1358 1359 ὕπὸ
1380 1318 1587 1370 ἐναντίων,

118 1384 316 1436 ὡσαύτως
344 1387 390 1429 δὲ
417 1388 484 1429 καὶ
511 1387 739 1441 θεομηνίας
763 1385 977 1442 γενομένης
1000 1388 1068 1429 καὶ
1089 1385 1300 1443 διαφόρων
1324 1391 1500 1441 σεισμῶν
1522 1388 1590 1428 καὶ

116 1456 383 1511 ἓμπρησμῶν,
420 1452 665 1509 ἀνεβάλοντο
685 1457 752 1498 καὶ
769 1454 844 1509 τὴν
860 1454 966 1497 κατὰ
983 1460 1179 1511 πενταετῆ
1195 1453 1346 1513 χρόνον
1363 1454 1484 1498 πάλιν
1503 1456 1589 1497 3711-

115 1529 243 1568 τελεῖν
271 1523 412 1574 αὐτοῖς
438 1522 700 1582 πολύτροπον
731 1523 889 1580 ἀγῶνος
917 1523 1046 1578 θέαν,
1091 1524 1176 1567 ἀλλ’
1209 1524 1443 1568 ἐπετέλεσαν
1465 1523 1593 1574 ἄλλας

60 1591 346 1651 Ξοὸιαφόρους
371 1591 583 1648 περιόδους
601 1592 647 1644 ἓξ
676 1593 753 1648 τὴν
784 1592 911 1647 αὐτὴν
941 1594 1234 1650 προειρημένην
1264 1591 1489 1649 πανήγυριν
1530 1592 1590 1635 δι’
1616 1607 1649 1642 0
1672 1608 1741 1644 322

117 1663 315 1705 ἐνιαυτῶν
349 1659 393 1704 ιε’
428 1660 453 1716 ἢ
485 1663 552 1704 καὶ
580 1660 631 1715 κ’,
668 1660 723 1711 ῶς
750 1661 820 1703 ἐὰν
847 1661 986 1711 αὐτοῖς
1014 1662 1124 1713 ἔδοξε
1153 1662 1256 1717 μετὰ
1290 1662 1337 1705 τὸ
1368 1661 1442 1716 τὴν
1475 1658 1594 1705 πόλιν

118 1734 202 1775 τῶν
214 1730 451 1785 Ἀντιοχέων
468 1734 550 1774 τῶν
570 1735 705 1774 κακῶν
725 1729 1009 1786 ἀπαλλαγῆναι
1027 1733 1094 1774 καὶ
1113 1732 1154 1774 ἐν
1175 1729 1313 1789 εἰρήνῃ
1331 1728 1493 1786 διάγειν.

213 1865 246 1900 1.
269 1860 491 1908 μονομάχων
506 1861 586 1904 ch„
609 1863 782 1908 μοναχῶν
796 1863 865 1897 Ox.
891 1861 991 1898 Conf.
1012 1862 1056 1897 ad
1073 1874 1109 1908 p.
1124 1865 1180 1899 91.
1199 1862 1243 1898 D.
1335 1864 1370 1899 3.
1396 1859 1492 1908 οἷπό]
1518 1863 1590 1898 Ex-

209 1909 502 1992 {giissgx'videtur
536 1906 614 1950 ἕως.
730 1911 785 1945 10.
822 1906 889 1945 τόν
920 1909 1006 1966 ῼΙι.,
1039 1910 1105 1955 τῆς
1135 1910 1205 1945 Ox.
1323 1911 1377 1948 18.
1409 1909 1478 1956 τήν
1511 1909 1591 1955 Ch„

117 2071 261 2108 solebat.
307 2071 357 2106 Et
389 2071 545 2117 primitus
576 2070 710 2117 quidem
740 2071 854 2107 Ludos
882 2072 986 2108 hosce
1013 2071 1306 2117 Gymnasiarchae
1336 2071 1404 2107 rite
1433 2071 1590 2106 celebra-

118 2119 222 2153 bantz
247 2117 409 2163 deinceps
430 2129 526 2160 vero,
548 2118 703 2152 lucellum
727 2122 919 2164 captantes,
945 2118 1205 2153 celebrationem
1228 2119 1316 2154 hanc
1338 2118 1471 2164 penitus
1490 2118 1590 2152 omit-

118 2165 259 2206 tebant3
295 2164 404 2199 donec
426 2164 583 2206 tandem,
616 2163 730 2200 divino
754 2165 976 2210 Imperatoris
1001 2165 1148 2207 Edicto,
1184 2164 1460 2208 Primoribusque
1495 2163 1590 2197 urbis

118 2209 391 2257 postulantibus,
426 2211 471 2245 ad
494 2210 530 2245 id
555 2210 686 2252 coacti,
723 2211 886 2255 Olympia
916 2223 937 2245 a
962 2211 1089 2246 Pisaeis
1110 2211 1333 2246 redimebant.
1393 2211 1483 2245 Tum
1505 2221 1589 2243 vero

121 2256 213 2292 cives
237 2256 411 2292 universos
433 2258 636 2299 monebant,
671 2269 707 2292 se
730 2257 892 2291 Solennia
916 2257 1120 2304 Olympica‚
1155 2258 1273 2302 (quae
1297 2260 1399 2291 antea
1422 2254 1589 2298 fuerant)

119 2301 186 2337 illis
210 2303 376 2337 exhibere
410 2308 552 2347 paratos
586 2314 678 2344 esse3
722 2302 843 2348 quibus
867 2314 924 2337 eos
958 2315 995 2338 se
1018 2303 1199 2348 accingere
1221 2304 1461 2338 hortabantur.
1518 2303 1591 2335 An·-

119 2349 300 2384 nuentibus
331 2347 453 2393 itaque
491 2348 583 2383 urbis
617 2349 842 2391 Primoribus‚
885 2361 958 2383 cum
999 2349 1231 2385 sacerdotibus
1261 2348 1419 2393 omnique
1451 2346 1593 2393 populo,

119 2394 211 2430 Ludi
230 2394 281 2429 ini
304 2394 456 2437 Scenici,
479 2395 659 2437 Athletid,
685 2394 887 2439 Thymelici,
912 2395 1068 2440 Tragici,
1104 2395 1356 2440 Equestriaque
1382 2392 1593 2433 certamina,

121 2439 210 2476 siout
231 2440 330 2482 olim,
365 2452 429 2486 per
451 2451 520 2475 xxx
543 2441 616 2475 dies
650 2442 824 2476 celebrata
846 2444 942 2476 suut=
974 2443 1068 2477 facto
1092 2441 1190 2476 initio
1215 2453 1236 2476 a
1258 2439 1446 2476 Novilunio
1471 2438 1592 2473 mensis

122 2485 283 2521 Octobris
305 2486 446 2532 singulis
469 2487 602 2521 Lustris
626 2486 887 2524 recurrentibus.

213 2530 340 2567 Rursus
364 2537 476 2566 autem
499 2533 603 2567 variis
626 2534 793 2568 bellorum
817 2533 962 2569 motibus
984 2533 1020 2567 in
1043 2532 1188 2568 Oriente
1212 2530 1388 2571 excitatis,
1423 2542 1497 2565 cum
1520 2531 1593 2565 An·-

121 2576 251 2611 tiochia
273 2582 311 2612 et
331 2578 407 2624 ipsa
437 2578 495 2612 vel
518 2579 561 2613 ab
585 2579 736 2614 hostibus
759 2590 842 2614 occu
869 2584 948 2621 ata,
986 2584 1044 2614 aut
1066 2579 1169 2614 etiam
1192 2578 1277 2612 iram
1300 2575 1457 2610 Divinam
1481 2587 1593 2622 passa,

123 2621 253 2657 crebris
284 2624 543 2659 terraemotibus
581 2629 618 2660 et
648 2624 811 2659 incendiis
845 2591 1058 2660 fabefactata
1087 2625 1226 2664 fuisset3
1268 2622 1385 2656 oblata
1406 2622 1488 2656 inde
1509 2627 1594 2668 apta

123 2667 323 2711 occasione,
357 2669 461 2704 iidem
484 2670 709 2715 Magistratus
732 2670 945 2716 omnigenum
977 2671 1059 2706 illud
1083 2668 1309 2716 spectaculum
1335 2667 1595 2713 Quinquennale

122 2713 412 2756 intermittebant3
435 2726 501 2751 nec
523 2716 684 2763 deinceps
700 2716 812 2759 statis,
835 2721 875 2751 ut
897 2720 999 2752 antea
1018 2716 1239 2762 temporibus,
1262 2714 1321 2749 sed
1344 2725 1388 2748 xv
1403 2714 1509 2760 puta,
1532 2716 1594 2751 aut

123 2759 225 2795 etiam
248 2771 294 2794 xx
317 2771 453 2805 quoque
475 2773 574 2804 anno,
603 2774 666 2809 pro
691 2761 834 2798 arbitrio
858 2774 929 2804 suo,
953 2762 1086 2807 (idque
1109 2761 1218 2797 sexies
1241 2761 1416 2804 tantum,)
1440 2760 1594 2795 celebra-

122 2807 227 2847 bant;
252 2805 352 2840 etiam
371 2810 408 2839 et
428 2810 510 2841 tunc
533 2819 682 2854 quoque,
706 2820 780 2845 cum
803 2808 987 2844 Antiochia
1009 2809 1101 2850 urbs,
1124 2806 1220 2843 malis
1242 2806 1308 2842 illis·
1330 2805 1507 2849 defuncta,
1531 2818 1594 2853 pa-

123 2864 164 2888 ce
187 2864 248 2888 sua
271 2851 415 2899 pristina
445 2853 623 2897 gauderet.
