1838 3230
257 167 359 215 280
667 158 953 206 IOANNIS
982 159 1320 204 MALALAE

260 293 349 337 ψας
368 278 565 336 Ἕλληνας
593 281 660 324 καὶ
687 278 912 330 Ἰουδαίους
945 281 1012 323 καὶ
1035 279 1296 338 χριστιανοῦς
1321 281 1377 331 εἷς
1404 278 1550 324 ἑαυτὸν
1574 295 1724 338 προσε-

263 347 412 404 λάβετο
424 382 437 401 ,
475 349 619 398 καθὼς
639 346 659 391 ὃ
680 345 920 404 σοφώτατος
938 346 1111 405 Κλήμης
1131 349 1307 400 ἐξέθετο.
1649 352 1651 354 ’

363 415 412 460 ‘O
434 417 477 459 δὲ
497 417 619 466 αὐτὸς
635 415 845 472 Ἀδριανὸς
868 415 994 459 ἔκτισε
1013 415 1130 460 πόλιν
1152 418 1194 460 ἓν
1212 421 1263 474 τῇ
1287 412 1447 476 Θρᾴκῃ,
1468 414 1519 471 ἣν
1538 412 1725 459 ἐπεκάλε-

267 500 334 528 σεν
343 482 674 540 Ἀδριανούπολιν
686 498 696 508 ·
719 485 785 525 καὶ
805 483 931 539 ἄλλην
950 485 993 527 δὲ
1010 483 1136 528 ἔκτισε
1149 482 1277 538 πόλιν,
1299 484 1349 540 ’ἢν
1364 483 1547 527 ἐκάλεσεν
1559 483 1741 541 Ἀδριαο-

266 557 339 596 νοῦ
365 551 518 608 Θήρας.
568 551 695 594 ἔκτισε
717 552 760 594 δὲ
779 550 894 596 πόλιν
914 553 955 595 ἓν
974 557 1024 610 τῇ
1043 551 1255 611 Αἰγύπτῳ,
1277 552 1328 607 ἢν
1347 551 1529 595 ἐκάλεσεν
1542 551 1720 595 Ἀντίνω.
1734 559 1758 596 6

217 630 248 665 C
269 618 533 677 ὑδρωπιάσας
565 621 609 662 δὲ
640 618 661 664 ὃ
685 619 809 670 αὐτὸς
825 619 1035 678 Ἀδριανὸς
1053 625 1218 682 τελευτᾷ
1240 622 1281 665 ἓν
1304 624 1473 674 Βαΐαις,
1512 618 1569 663 ὢν
1589 620 1725 664 ἐνιαυ-

265 693 348 731 τῶν
373 686 438 738 ‘gast

368 755 495 799 Μετὰ
515 757 560 799 δὲ
581 756 653 811 τὴν
676 756 885 810 βασιλείαν
904 756 1117 813 Ἀδριανοῦ
1140 758 1395 811 ἐβασίλευσεν
1411 756 1556 806 ’Ἠλιος
1573 755 1725 799 Ἀντω-

268 830 377 873 νῖνος
405 828 512 873 Πῖος
541 824 709 878 εὐσεβὴς
740 824 808 880 ἔτη
839 822 910 880 κγ’.
981 820 1031 880 ἧν
1060 826 1104 868 δὲ
1129 825 1282 880 εὔῆλιξ,
1320 823 1532 877 εὕστολος,
1568 820 1722 876 λευκός,

269 892 410 941 πολιὸς
431 894 497 934 καὶ
517 892 591 947 τὴν
616 890 747 947 κάραν
766 893 834 935 καὶ
854 892 901 934 τὸ
929 892 1098 948 γένειον,
1136 892 1310 949 εὕρινος,
1346 890 1552 946 πλάτοψις
1562 924 1577 945 ,
1615 893 1725 934 οἶνο-
1738 899 1781 933 10

270 961 378 1015 παὴς
399 959 495 1010 τοὺς
516 958 763 1017 ὀφθαλμούς
772 994 784 1013 ,
823 959 1055 1017 πυῤῥακής,
1088 958 1293 1015 ὖπογελῶν
1318 961 1404 1020 ἀεί,
1440 957 1727 1016 μεγαλόψυχος

124 1039 156 1072 Ο
179 1039 248 1075 367
272 1027 391 1070 πάνυ.
463 1027 572 1078 ὅστις
601 1028 750 1071 ἔκτισεν
782 1029 823 1071 ἓν
846 1026 1100 1071 (Ηλιουπόλει
1128 1033 1200 1084 τῆς
1224 1030 1415 1084 Φοινίκης
1436 1032 1508 1071 τοῦ
1530 1025 1725 1082 Λιβάνου
1751 1038 1755 1041 Ν

269 1096 370 1138 ναὸν
390 1100 448 1152 τῷ
469 1098 538 1138 Διὶ
559 1097 684 1152 μέγαν
695 1129 708 1149 ,
742 1097 811 1138 ἕνα
834 1098 899 1138 καὶ
920 1097 1043 1139 αὐτὸν
1066 1097 1165 1139 ὅντα
1191 1101 1273 1140 τῶν
1293 1094 1528 1151 θεαμάτων.
1599 1095 1727 1138 ἴκτισε

245 1169 256 1177 ““
271 1164 316 1205 δὲ
336 1165 401 1206 καὶ
421 1164 462 1205 ἐν
481 1166 710 1222 Λαοδικείᾳ
732 1169 805 1218 τῆς
828 1166 980 1221 Συρίας
1003 1165 1073 1208 τὸν
1093 1163 1243 1223 φόρον,
1279 1165 1382 1221 μέγα
1405 1164 1560 1219 θέαμα,
1591 1165 1659 1207 καὶ
1678 1162 1725 1206 τὸ

264 1230 566 1274 Ἀντωνινιανόν
588 1231 783 1287 δημόσιον
805 1231 991 1287 λουτρόν.
1739 1238 1782 1274 15

372 1297 685 1355 Ἐπεστράτευσε
719 1301 763 1342 δὲ
795 1301 898 1342 κατὰ
922 1301 1161 1356 Αἷγυπτίων
1189 1295 1529 1355 τυραννησάντων
1557 1300 1624 1341 καὶ
1648 1315 1729 1355 φο-

217 1375 251 1416 1)
274 1365 502 1410 νευσάντων
534 1367 604 1410 τὸν
634 1366 923 1423 αὖγουστάλιον
943 1370 1168 1423 Δείναρχον
1181 1382 1190 1392 ·
1227 1370 1293 1410 καὶ
1311 1366 1413 1421 μετὰ
1432 1367 1506 1421 τὴν
1527 1368 1729 1422 ἐκδίκησιν

273 1436 339 1476 καὶ
369 1435 441 1489 τὴν
468 1437 580 1489 νίκην
611 1434 760 1478 ἔκτισεν
790 1437 831 1478 ἐν
847 1436 1124 1494 Ἀλεξανδρείᾳ
1152 1440 1203 1493 τῇ
1234 1433 1387 1491 μεγάλῃ
1418 1435 1629 1478 κατελθὼν
1652 1434 1727 1489 τὴν

268 1500 463 1556 Ἡλιακὴν
484 1501 613 1557 πύλην
632 1506 697 1545 καὶ
719 1504 789 1558 τὴν
809 1504 1054 1559 Σεληνιακὴν
1073 1506 1139 1546 καὶ
1164 1504 1235 1546 τὸν
1253 1501 1418 1559 δρόμον.

370 1570 531 1612 Ἐλθὼν
551 1572 595 1612 δὲ
614 1573 680 1613 καὶ
701 1572 741 1613 ἐν
765 1571 982 1630 Ἀντιοχείᾳ
1001 1576 1050 1628 τῇ
1068 1570 1221 1628 μεγάλῃ
1246 1572 1405 1625 ἐποίησε
1423 1569 1498 1624 τὴν
1520 1565 1783 1612 πλάκωσινὲο

273 1641 347 1693 τῆς
366 1639 556 1688 πλατείας
577 1643 659 1681 τῶν
686 1637 871 1695 μεγάλων
898 1637 1082 1694 ἐμβόλων
1116 1644 1198 1682 τῶν
1229 1637 1307 1681 ὖπό
1332 1639 1520 1694 Τιβερίου
1540 1636 1729 1680 κτισθέν-

364 1736 396 1769 6.
419 1730 654 1780 ’ὑδρωπιάσας
676 1735 761 1776 Ch.‚
786 1732 1013 1780 ὖδροπιοὶσας
1036 1736 1103 1770 ΟΧ.
1218 1735 1301 1770 ibid.
1326 1733 1458 1775 Βαΐαις
1481 1733 1567 1774 Ch.‚
1591 1729 1731 1773 Βάταις

366 1780 434 1814 Ox.
551 1784 605 1817 11.
637 1779 827 1826 πυῤῥοῖκης
850 1783 912 1816 Ch.
927 1807 936 1824 ,
960 1780 1126 1826 πυρακής
1149 1782 1216 1815 Ox.·
1334 1782 1386 1818 13.
1413 1779 1499 1824 ἕνα]
1523 1778 1601 1812 Vid.
1625 1778 1670 1812 ad
1693 1790 1740 1824 p..

365 1826 618 1860 antecedentem
642 1838 673 1860 v.
699 1829 732 1861 9.
828 1827 879 1862 14.
909 1827 999 1874 μέγα
1022 1828 1106 1869 ch„
1130 1826 1242 1871 μέγαν
1266 1827 1334 1861 Ox·
1429 1828 1485 1862 15.
1507 1823 1728 1860 Ἀντωνινια-

363 1868 449 1916 νὸν]
474 1869 706 1907 Ἀυτωνιανὸν
729 1874 796 1907 ΟΧ.
890 1876 944 1909 17.
970 1874 1190 1918 Δείναρχον]
1216 1873 1400 1918 Δι’ναρχον
1422 1872 1491 1906 Ox.

275 1948 497 2029 Qhristian‘ils,
510 1962 699 1995 ’perversos
723 1951 766 1986 ad
790 1963 825 1986 se
848 1951 1012 1987 attraxit:
1041 1951 1126 1986 sicut
1148 1951 1408 1998 sapientissimus
1430 1949 1581 1984 Clemens
1603 1958 1728 1983 memo-

273 2005 346 2029 nae
368 2006 442 2028 man
467 1996 550 2030 avit.
1276 1997 1279 2000 ’

301 2062 303 2065 -
365 2041 458 2074 Idem
482 2041 647 2076 Adrianus
668 2044 785 2076 urbem
808 2042 842 2076 in
868 2042 1020 2077 Thracia
1042 2042 1204 2084 condidit,
1231 2053 1328 2087 quam
1352 2039 1601 2085 Adrianopolim
1624 2050 1730 2072 voca-

275 2084 344 2119 vit:
381 2085 478 2120 aliam
502 2097 635 2131 quoque
658 2089 773 2123 urbem
798 2088 970 2130 condidit3
1007 2092 1061 2128 et,
1098 2089 1246 2123 Adriani
1274 2088 1495 2126 Venationes,
1531 2084 1727 2119 nominavit.

273 2130 314 2164 In
338 2132 497 2176 Aegypto
522 2131 623 2165 etiam
645 2134 760 2166 urbem
784 2134 955 2175 extruxit,
989 2133 1120 2166 nomine
1143 2133 1319 2166 Antinoen.
1365 2136 1463 2176 Aqua
1485 2134 1596 2164 autem
1618 2130 1728 2163 inter-

275 2180 355 2210 cute
377 2176 534 2210 laborans
557 2176 732 2218 Adrianus,
758 2178 850 2212 Baiis
873 2185 1019 2213 mortuus
1043 2183 1105 2220 est,
1128 2179 1249 2212 aetatis
1272 2188 1341 2211 va
1365 2187 1465 2210 anno.

365 2222 548 2255 Adrianum
578 2222 711 2266 excepit
742 2223 1006 2267 religiosissimus
1046 2224 1234 2268 Imperator
1264 2223 1376 2257 Aelius
1410 2219 1594 2255 Antoninus
1625 2219 1726 2261 Pius3

276 2266 337 2310 qui
359 2269 518 2311 regnavit
540 2279 643 2301 annos
665 2278 761 2300 xxm.
819 2269 908 2302 Erat
931 2274 1040 2303 autem
1063 2273 1192 2303 statura
1210 2269 1321 2312 justa,
1353 2267 1514 2306 decorus,
1550 2265 1725 2307 candidus,

278 2323 381 2346 canus
407 2311 529 2358 capite,
551 2318 743 2357 mentoque,
769 2323 849 2346 naso
873 2313 1033 2358 eleganti,
1058 2314 1146 2348 facie
1168 2314 1250 2355 lata,
1275 2312 1377 2347 ocul÷s
1399 2310 1608 2351 rubentibus,
1632 2310 1727 2344 rubi-

279 2357 423 2398 cundus,
457 2358 551 2392 vultu
575 2357 770 2399 ridibundo,
804 2358 974 2402 valdeque
996 2359 1232 2403 magnanimus.
1280 2357 1444 2392 Extruxit
1466 2356 1521 2390 hic
1544 2355 1727 2400 Heliopoli‚

276 2414 364 2445 quae
386 2404 464 2437 urbs
495 2408 546 2437 est
569 2402 772 2437 Phoeniciae
803 2403 946 2444 Libani,
984 2405 1143 2448 templum
1168 2403 1246 2437 Jovi
1279 2413 1452 2447 magnum3
1493 2401 1583 2435 inter
1614 2401 1727 2435 mundi

275 2446 443 2481 Miracula
466 2452 502 2482 et
523 2449 586 2482 hoc
608 2448 855 2482 numerandum.
912 2449 1075 2482 Extruxit
1107 2450 1207 2483 etiam
1232 2448 1422 2482 Laodiceae
1444 2447 1566 2492 Syriae
1590 2447 1726 2487 Forum,

277 2504 360 2537 opus
390 2504 541 2538 magnum
565 2498 600 2528 et.
630 2493 834 2539 spectabile:
871 2493 1033 2527 Balneum
1067 2493 1167 2528 etiam
1197 2494 1393 2535 Publicum,
1430 2492 1650 2527 Antonianum
1673 2491 1727 2525 di-

277 2543 379 2575 ctum,

369 2584 496 2618 Contra
519 2583 703 2628 Aegyptios
726 2595 819 2627 vero,
844 2582 902 2628 qui
924 2583 960 2616 in
982 2582 1186 2617 Dinarchum
1212 2583 1359 2627 Aegypti
1378 2582 1593 2627 Augustalem
1617 2582 1722 2616 insur-

276 2634 405 2671 gentes,
431 2641 502 2662 eum
526 2632 601 2663 neci
623 2629 798 2671 dederant,
822 2640 914 2662 arma
937 2629 1061 2662 movit:
1087 2640 1169 2673 quos
1187 2629 1243 2662 ubi
1265 2630 1352 2662 ultus
1369 2629 1492 2669 fuerat,
1515 2628 1627 2662 victor
1644 2627 1725 2661 Ale-

276 2674 449 2707 xandriam
482 2686 635 2719 magnam
658 2674 770 2709 venite
805 2673 863 2708 ubi
886 2673 974 2708 Solis
998 2678 1033 2707 et
1057 2673 1171 2707 Lunae
1194 2675 1335 2715 Portas,
1369 2674 1510 2707 Cursum
1540 2673 1642 2707 etiam
1664 2683 1724 2706 ex-

273 2719 389 2751 truxit.

365 2764 578 2798 Antiochiam
602 2776 736 2809 quoque
758 2775 910 2808 magnam
934 2762 1086 2805 veniens,
1121 2764 1266 2809 plateam
1289 2764 1378 2798 inter
1400 2763 1555 2798 Porticus
1575 2762 1648 2796 illas
1670 2761 1721 2795 in-

279 2811 415 2852 gentes,
453 2821 474 2844 a
495 2809 636 2845 Tiberio
661 2814 853 2853 extructas;
890 2810 1006 2845 urbem
1028 2809 1130 2844 etiam
1153 2814 1259 2845 totam
1281 2809 1394 2857 lapide
1422 2808 1542 2845 molari
1563 2818 1604 2843 ex
1627 2807 1725 2845 '1'le-v
