1838 3230
660 142 960 189 EPISTOLA.
1440 145 1543 193 7211

0 302 11 318 ὁ
66 259 308 317 ,βεβυσμένος
321 260 517 302 Hei-odet.
537 260 630 300 inde
650 255 895 312 ἆμφίβωτος.
938 257 1046 297 Idem
1063 256 1170 306 alibi,
1199 258 1445 312 Αμφιραῗτις,
1474 273 1542 300 πε.

23 320 26 323 “
78 317 274 373 ριβόητος.
327 319 477 358 Iterum
508 317 603 367 tibi,
639 317 694 354 mi
721 315 916 367 Hesychi,
947 329 969 353 a
996 312 1195 354 stulticida
1220 315 1290 352 illo
1319 314 1540 356 cavendum

79 382 163 426 est,·
189 389 282 414 nam
308 388 380 414 cur
398 388 491 413 non·
510 387 581 424 ego
599 386 675 425 par
696 374 787 424 pari
816 372 1004 420 referam,
1034 378 1073 410 et
1094 370 1317 409 barbariam
1345 377 1456 409 tuam
1474 372 1541 410 ul-
1564 365 1567 371 ’

78 433 206 472 ciscar
230 445 336 470 nunc
352 430 512 471 demum
530 435 622 468 nato
638 428 866 468 vocabulo?
901 429 1156 468 ΟΜΦΑΛΗ.
1187 425 1538 480 Schol.A1·istoph.

77 487 379 541 Harpocration.
418 484 658 538 Hesychius:
687 485 986 538 Ερῤωπίζομεν,
1018 487 1096 524 Ιων
1119 478 1303 539 Ομφάλῃ.
1339 481 1443 531 τινὲς
1465 485 1542 535 ῤ’ω-

80 546 208 594 πίζειν
236 540 441 585 ἀπέδοσαν
465 540 511 584 τό
546 537 846 594 ἄτεχνεύεσθαι,
874 539 942 580 καὶ
967 535 1272 592 ἅμαθεύεσθαι,
1301 538 1399 593 (pro
1432 536 1542 592 οἶμα-

77 602 261 649 θαίνειν)
291 600 436 648 κακῶς.
495 601 596 639 Εστι
624 595 700 651 γὰρ
725 598 860 650 ῥ’ὦπος
884 595 905 637 ὅ
929 593 1065 644 λεπτὸς
1091 595 1159 636 καὶ
1180 597 1360 644 ποικίλος
1382 593 1541 650 φόρτος,

77 657 147 699 καὶ
166 657 348 710 βέβαιος,
375 654 446 697 καὶ
471 652 521 695 τοὶ
545 654 619 695 ἔσω
641 657 721 694 τῶν
745 654 893 705 ῥωπῶν
920 652 1121 705 πλέγματα
1150 655 1255 693 κανᾶ
1288 652 1355 694 καὶ
1386 657 1542 706 σεῖστρα

76 715 237 767 κυρίως.
294 713 417 764 Lego:
459 707 798 763 ἆτεχνιτεύεσθαι·
860 710 925 748 Et:
964 712 1064 749 Εστι
1081 705 1157 762 γοῖρ
1183 709 1320 760 ῥῶπος
1349 707 1375 750 ὅ
1401 707 1573 758 λεπτός·

77 770 146 812 καὶ
171 769 352 818 ποικίλος
378 763 549 822 φόρτος,
577 766 646 808 καὶ
661 766 807 820 γέλγαι,
837 765 906 806 καὶ
934 761 984 806 τοὶ
1012 765 1055 806 ἐκ
1072 768 1154 805 τῶν
1173 766 1322 818 ῥ’ωπῶν
1343 765 1543 818 πλέγματα

71 828 186 868 ’κανεῖ
201 825 269 867 καὶ
288 828 439 878 σῆστρα
460 825 618 877 κυρίως.
679 823 838 871 Quanto
870 821 967 860 haec
990 821 1153 860 meliora
1173 835 1290 873 quam
1306 821 1374 860 illa
1394 822 1542 861 Palme-

78 883 150 922 rii!
188 881 409 935 Hesychius
428 881 534 920 alibi.
584 875 887 932 Εριωπιζόμην,
916 875 945 930 ἢ
964 874 1266 931 τεχνητευόμην,
1297 874 1328 930 ἢ
1345 874 1544 931 σύμμικτοι

21 973 25 976 .
79 935 258 992 σχήματα
281 935 400 992 εἶχον.
456 938 603 976 Iterum
632 951 654 974 a
673 936 844 974 librariis
865 935 1056 987 deceptus
1078 940 1148 973 est.
1206 936 1306 972 Sana
1325 934 1444 974 lectio
1464 943 1545 975 est:

79 996 378 1049 Εῤῥωπίζομεν,
404 989 716 1046 η’τεχνιτεύομεν,
744 988 774 1045 ἦ
797 987 995 1044 σύμμικτοι
1017 988 1202 1044 χρώματα
1220 991 1385 1044 εἴχομεν.
1443 991 1546 1043 Ety-

78 1052 224 1103 molog.
243 1064 448 1102 magnum:
479 1050 779 1101 Εῤῥωπίζομεν,
812 1046 974 1100 εὔμικτα
990 1047 1060 1088 καὶ
1080 1047 1419 1100 συμπεφορημένα
1440 1048 1546 1088 ἔποι-

79 1111 223 1162 οὕμεν·
253 1107 364 1160 quod
380 1107 475 1146 ferri
494 1105 653 1158 quidem
670 1111 825 1157 potest3
853 1104 924 1143 sed
942 1103 1184 1143 emendatius
1203 1104 1370 1143 fortasse
1387 1105 1546 1156 profer-

77 1172 147 1205 tm·
162 1165 210 1204 ab
232 1163 460 1204 Eustathioz
505 1161 671 1215 Φέρεται
697 1160 741 1202 δὲ
764 1161 831 1201 καὶ
861 1162 971 1214 ῥῆμα
999 1158 1044 1201 τὸ
1075 1161 1281 1211 ῥωπίζειν,
1310 1157 1331 1201 ὃ
1360 1161 1478 1212 δηλοῖ
1498 1157 1562 1201 το“.

81 1217 281 1275 σύμμικτοι
310 1219 379 1261 καὶ
408 1218 722 1271 συμπεφυρμένα
749 1220 893 1258 ποιεῖν.
966 1216 1088 1264 Quod
1117 1216 1168 1255 ad
1202 1215 1364 1269 βέβαιος
1389 1216 1545 1267 attinet,

78 1278 300 1317 terminatio
343 1278 417 1318 ΟΣ
449 1275 491 1314 in
518 1275 631 1313 libris
651 1275 758 1312 MSS.
784 1277 937 1312 minuto
969 1272 1081 1324 apice
1110 1273 1304 1324 signatur:
1348 1273 1418 1311 illa
1446 1287 1547 1312 vero

78 1348 161 1374 non
183 1333 333 1387 oppido
354 1331 556 1371 dissimilia
577 1330 710 1384 γέλγαι
728 1331 792 1369 vel
811 1329 943 1383 γέλγια
968 1335 1007 1367 et
1027 1328 1154 1382 βέβαι.
1211 1329 1310 1368 Aliis
1333 1336 1391 1368 est
1411 1330 1546 1381 potius

78 1390 195 1445 γέλγη
223 1402 387 1428 numero
411 1387 614 1438 singulari.
669 1385 919 1425 Eustathius:
962 1388 1126 1435 Ραῒπος,
1155 1383 1291 1434 λεπτὸς
1309 1385 1378 1426 καὶ
1406 1382 1545 1437 ἀτελὴς

81 1445 180 1502 (leg.
203 1442 388 1499 εὐτελής)
419 1439 589 1497 φόρτος,
619 1441 675 1490 οἷς
703 1440 746 1482 δὲ
765 1442 904 1490 Αἴλιος
925 1437 1140 1490 Διονύσιος
1165 1441 1287 1495 λέγει,
1317 1442 1387 1482 καὶ
1415 1443 1548 1482 ποικί-

80 1507 167 1552 λος·
197 1502 339 1558 γέλγην
355 1499 412 1551 δὲ,
443 1499 582 1552 φησὶν,
613 1495 740 1551 αὐτήν
760 1498 891 1553 ἔλεγον
912 1498 954 1538 οἵ
970 1499 1141 1538 παλαιοί.
1198 1497 1371 1549 Hesych.
1405 1497 1544 1549 Γέλγη,

80 1559 104 1602 ὅ
132 1560 288 1614 ῤἀῒπος,
324 1557 394 1598 καὶ
423 1553 628 1610 βάμματα,
666 1554 732 1595 καὶ
762 1552 948 1605 ἄτρακτοι
970 1553 1039 1593 καὶ
1066 1553 1209 1602 κτένες.
1274 1554 1442 1593 Photius
1469 1556 1546 1593 Pa-

79 1615 277 1656 triarcha:
309 1617 461 1662 Ρῶπος,
477 1609 648 1665 μηδενὸς
666 1609 792 1660 ἄξιον,
815 1613 954 1658 Ρῶπος
974 1609 1042 1649 καὶ
1061 1609 1189 1664 γέλγη»
1221 1608 1245 1651 ὅ
1265 1612 1456 1658 ποικίλος,
1486 1615 1547 1652 λε·
1570 1621 1603 1655 Ο
1627 1623 1673 1659 56

81 1671 176 1721 πυὸς
206 1667 366 1725 φόρτος.
423 1670 509 1707 Jam
541 1670 690 1721 σῆστρα
716 1666 932 1704 certissima
963 1666 1203 1705 emendatio:
1235 1680 1278 1705 ea
1308 1673 1400 1705 sunt
1428 1667 1547 1705 Cani-
1620 1675 1623 1682 “

82 1735 164 1768 stra
186 1726 373 1779 virgultis
403 1731 472 1764 aut
489 1724 620 1776 juncis
656 1729 852 1761 contexta.
910 1721 1150 1772 Hesychius:
1195 1725 1356 1776 Σῆστρα
1376 1719 1546 1764 κόσκινα

81 1782 111 1855 ἢ
131 1782 328 1838 κύμβαλα.
363 1781 444 1821 duo
469 1781 590 1819 verba
612 1779 820 1818 confundit
843 1780 990 1832 σῆστρα
1011 1785 1050 1816 et
1071 1783 1245 1831 σεῖστρα,
1276 1793 1444 1831 quorum
1466 1779 1544 1819 hoc

83 1839 164 1883 απὸ
178 1844 252 1882 τοῦ
269 1840 388 1881 σείειν
409 1839 616 1884 formatur,
645 1836 747 1875 illud
765 1831 843 1876 οἷπό
861 1838 933 1876 τοῦ
952 1830 1108 1887 σήθειν.
1170 1835 1347 1874 Achaeus
1366 1831 1544 1875 vetustus

82 1898 256 1949 tragicus
283 1896 419 1935 <locuit
445 1893 662 1946 Omphalen
688 1892 925 1944 Satyricam:
967 1905 1046 1943 quo
1073 1891 1120 1930 de
1149 1904 1289 1942 genere
1311 1906 1557 1944 persuasum·

82 1968 249 2008 prorsus
275 1953 403 1992 habeo
431 1951 545 1990 etiam
575 1950 678 1988 hanc
707 1950 812 1987 Ionis
845 1949 977 1986 fuisse.
1034 1947 1227 1990 Hercules
1254 1948 1419 1988 servivit
1450 1949 1544 1987 Om-

81 2010 237 2064 phalae,
269 2009 392 2048 Genio
415 2014 454 2046 et
470 2007 613 2046 Veneri
633 2006 787 2045 assidue
803 2005 952 2044 litavit:
980 2005 1112 2057 jussus
1135 2011 1174 2044 et
1187 2005 1290 2044 inter
1309 2005 1543 2045 ancillarum

85 2081 220 2119 greges
250 2079 372 2120 pensa
397 2077 580 2116 carpere,
610 2062 736 2101 sicubi
763 2062 864 2100 duro
887 2068 926 2100 et
945 2061 1104 2100 indocto
1126 2062 1270 2113 pollice
1294 2061 1358 2100 fila
1376 2075 1543 2114 rumpe·
1567 2077 1598 2109 v
1625 2080 1670 2115 29

83 2124 166 2171 bat,
193 2138 215 2163 e
234 2122 401 2174 vestigio
418 2120 588 2159 hominis
607 2126 727 2172 caput
748 2118 973 2157 Sandalium
995 2118 1297 2168 commitigabat.
1353 2117 1461 2156 Nihil
1476 2118 1543 2157 hic

84 2180 199 2220 triste
219 2193 346 2231 neque
372 2178 586 2228 tragicum:
616 2176 734 2215 ludus
759 2176 952 2228 jocusque
983 2175 1122 2214 omnia.
1179 2175 1325 2213 Favent
1342 2174 1436 2212 huic
1456 2188 1543 2213 sen.

84 2237 231 2276 tentiae
253 2237 494 2286 fragmenta,
525 2239 719 2285 quotquot
737 2237 970 2284 supersunt3
1007 2245 1107 2284 quae
1128 2231 1225 2269 nihil
1246 2231 1321 2268 nisi
1342 2230 1539 2279 convivia,

86 2293 405 2341 comessationes,
431 2297 471 2329 et
490 2290 743 2343 symphonias
759 2290 1005 2340 pollicentur.
1063 2287 1235 2340 Hesych.
1258 2283 1540 2338 Μεσόμφαλοι,

86 2346 238 2400 φιάλαι.
294 2350 425 2400 Etym.
461 2350 568 2387 Πῐθι
595 2349 816 2387 Πακτωλοῦ
840 2341 946 2398 ῥοάς.
1003 2345 1163 2384 Pollux:
1202 2342 1284 2384 Καὶ
1313 2339 1388 2396 τὴν
1407 2342 1538 2396 μέλαι-

85 2420 162 2447 ναν
179 2406 339 2459 στίμμιν
362 2399 686 2456 ὄμματογράφον.
745 2401 989 2441 Athenaeus:

357 2482 414 2490 —
441 2480 498 2489 --
524 2480 581 2489 —-
612 2456 732 2508 Οἶνος
748 2455 823 2500 οὐκ
843 2458 902 2500 ἔνι

359 2520 421 2557 Εν
448 2519 502 2571 τῷ
530 2512 675 2567 σκύφει
705 2537 755 2546 -·
788 2537 838 2544 -

198 2579 238 2612 et
361 2574 582 2614 Ενιαυσίαν
609 2570 684 2626 γάρ
713 2573 776 2612 δεῖ
798 2586 846 2624 με
872 2569 947 2624 τήν
974 2566 1114 2622 ἑορτὴν
1143 2565 1268 2622 ἄγειν.

197 2635 237 2668 et
367 2625 505 2677 Λυδός
532 2644 572 2670 τε
599 2626 768 2683 μαγάδις
796 2624 911 2675 αὐλὸς
938 2625 1115 2679 ἡγείσθω
1144 2626 1256 2677 βοῆς.

141 2691 180 2724 et
198 2684 269 2724 lib.
289 2698 330 2723 x.
364 2681 465 2724 Αλλ’
493 2682 555 2726 εἶα
585 2685 719 2727 Λυδαὶ
746 2683 955 2738 ψάλτριαι,
982 2680 1234 2723 παλαιθέτων

365 2743 508 2792 Τμνων
536 2738 685 2789 ἀοιδοὶ,
712 2739 782 2784 τόν
810 2741 924 2790 ξένον
953 2733 1191 2791 κοσμήσατε.

87 2796 144 2836 Ita
163 2797 258 2847 lege,
287 2810 366 2835 non
385 2793 484 2837 Αλλ’
505 2798 550 2839 αἱ
565 2797 714 2849 Λυδαὶ,
750 2798 860 2850 quod
875 2809 1016 2837 versus
1040 2799 1209 2836 recusat.
1266 2792 1316 2833 Et
1337 2792 1471 2833 eodem
1492 2791 1541 2830 li-

146 2857 289 2893 Ioannes
317 2858 483 2893 Matutae.
1217 2849 1272 2892 46
