1838 3230
293 191 840 251 IOANNIS'MALALAE
869 191 1203 237 CHRONOGR.
1261 192 1308 237 L.
1342 192 1453 237 V111.
1511 198 1606 245 193

138 318 229 359 λεσε
247 312 296 357 τὸ
315 309 593 370 Στρατήγιον“
629 312 712 355 ἐκεῖ
722 311 801 368 γὰρ
822 310 1110 370 στρατηγήσας
1134 312 1189 356 τὰ
1218 317 1292 356 τοῦ
1321 313 1500 368 πολέμου
1532 332 1607 369 με-

138 382 194 426 τὰ
214 386 290 426 τοῦ
319 383 426 425 ῗδίου
446 384 626 438 στρατοῦ
654 382 720 423 καὶ
750 385 833 423 τῶν
865 379 1093 436 συμμάχων
1123 381 1252 425 αὐτοῦ’
1286 383 1478 439 ἐπέρασεν
1506 383 1607 427 ἐκεῖ·

138 455 218 495 θεν
246 450 323 494 σῦν
349 454 408 508 τῷ
429 451 519 508 ἰδίῳ
545 447 694 504 πλήθει
716 448 907 506 ἄντικρυς
926 453 982 500 εἰς
1005 447 1198 508 ἐμπόριον
1220 454 1295 507 τῆς
1315 453 1520 503 Βιθυνίας
1540 456 1607 496 λε-

136 517 308 576 γόμενον
336 519 498 562 Δίσκοι.
568 515 821 572 βουλόμενος
849 520 894 561 δὲ
926 519 1248 576 προτρέψασθαι
1274 520 1322 564 τὸ
1347 520 1452 564 ἴδιον
1476 519 1605 576 στρά-

105 599 270 642 5τευμα
298 585 533 645 ἓρρόγευσεν
562 586 703 636 αὐτοῖς
730 587 812 630 ἐκεῖ
838 588 967 630 πολύν
989 586 1168 644 χρυσόν,
1207 589 1275 631 καὶ
1298 587 1536 644 μετεκάλεσε
1555 590 1604 634 τὸ

137 655 242 700 αὐτὸ
272 653 466 712 ἐμπόριον
488 653 780 712 Χρυσόπολιν·
816 655 914 713 ὅπερ
946 656 1078 707 οὕτως
1104 661 1284 700 καλεῖται
1315 658 1391 708 ἕως
1416 663 1490 715 τῆς
1513 663 1599 704 νῦν.
1626 665 1660 701 Ο
1683 664 1752 703 246

137 726 206 769 καὶ
239 722 470 781 ἐξορμήσας
498 725 652 767 ἐκεῖθεν
680 725 722 766 ἐν
749 727 800 782 τῇ
831 727 964 784 Τροίᾳ
994 721 1123 781 ἦλθε·
1158 728 1225 768 καὶ
1255 726 1428 782 ποιήσας
1450 729 1607 772 θυσίαν

139 796 197 844 εἷς
224 793 296 837 τὸν
327 790 487 847 τύμβον
513 797 588 836 τοῦ
608 792 822 848 Ἀχιλλέως
853 792 908 844 ὡς
935 796 979 836 ἐκ
1003 795 1145 850 γένους
1167 794 1298 838 αὐτοῦ
1316 793 1603 853 καταγόμενος,

137 862 264 920 ᾔτησε
285 861 333 905 τὸ
355 865 515 916 πνεῦμα
533 861 660 904 αὐτοῦ
681 870 908 917 συμμαχεῖν
930 863 1043 921 αὐτῷ
1063 864 1105 905 ἓν
1127 867 1187 922 τῷ
1207 864 1384 923 πολέμῳ.
1454 866 1498 908 ἐκ
1530 870 1606 909 τοῦ

82 931 216 988 1ογἃρ
244 933 475 974 Μολοσσοῦ
504 934 578 974 τοῦ
608 931 702 973 υἱοῦ
729 930 904 988 Πύῤῥου
934 933 1001 974 καὶ
1022 936 1096 987 τῆς
1112 931 1393 989 Ἀνδρομάχης
1412 931 1603 991 κατήχθη
1627 945 1657 979 C

136 998 162 1056 ἦ
191 999 420 1054 Ὀλυμπιὰς
451 996 476 1053 ἦ
502 997 640 1055 μήτηρ
671 1004 747 1042 τοῦ
779 999 907 1042 αὐτοῦ
933 998 1202 1057 Ἀλεξάνδρου
1233 1006 1308 1043 τοῦ
1343 1003 1602 1053 Μακεδόνος.

137 1070 206 1112 καὶ
236 1067 390 1118 εὐθέως
421 1065 478 1117 ὥς
508 1066 711 1125 πάρδαλις
741 1068 894 1111 ἐκεῖθεν
924 1066 1112 1124 ὁρμήσας
1143 1067 1164 1112 ὃ
1189 1068 1479 1127 Ἀλέξανδρος,
1516 1070 1605 1126 ἅμα

137 1143 225 1188 τοῖς
251 1136 326 1180 σὺν
345 1135 459 1195 αὐτῷ
480 1143 723 1193 στρατηγοῖς
745 1137 952 1192 παρέλαβε
976 1136 1114 1187 πάσας
1133 1137 1210 1187 τὰς
1231 1136 1384 1194 χώρας.
1455 1141 1522 1181 καὶ
1542 1158 1605 1182 νι-

137 1204 268 1262 κήσας
290 1204 361 1249 τὸν
376 1206 571 1261 Δαρεῖον,
589 1205 762 1260 βασιλέα
775 1209 965 1262 Περσῶν,
989 1205 1060 1249 τὸν
1074 1204 1352 1261 Ἀσσαλάμου,
1375 1208 1606 1263 παρέλαβεν

83 1281 130 1319 15
141 1274 267 1318 αὐτὸν
297 1275 364 1317 καὶ
402 1279 541 1318 πᾶσαν
571 1275 647 1330 τὴν
674 1276 887 1328 βασιλείαν
927 1274 1055 1317 αὐτοῦ
1090 1276 1158 1317 καὶ
1195 1280 1334 1318 πᾶσαν
1364 1275 1439 1331 τὴν
1461 1275 1605 1334 χώραν

132 1343 360 1398 Ἀσσυρίων
379 1344 447 1385 καὶ
464 1341 629 1398 Μήδων
648 1344 715 1385 καὶ
734 1341 930 1399 Πάρθων
950 1345 1017 1386 καὶ
1040 1345 1320 1398 Βαβυλωνίων
1340 1346 1407 1387 καὶ
1427 1349 1605 1402 Περσῶν

138 1413 207 1456 καὶ
224 1410 362 1461 πάσας
380 1410 456 1461 τὰς
472 1413 685 1466 βασιλείας
704 1416 777 1467 τῆς
795 1416 892 1467 γῆς,
931 1412 1075 1462 καθὼς
1104 1410 1278 1462 Βόττιος
1310 1411 1331 1456 ὃ
1361 1412 1604 1470 σοφώτατος

136 1478 448 1537 συνεγράψατο,
487 1478 768 1536 ἐλευθερώσας
795 1479 815 1523 ὃ
848 1481 971 1531 αὐτὸς
994 1481 1256 1537 Ἀλέξανδρος
1274 1483 1342 1524 καὶ
1369 1483 1445 1532 τὰς
1470 1482 1604 1533 πόλεις

139 1551 207 1593 καὶ
228 1549 304 1599 τὰς
319 1546 460 1605 χώρας
487 1551 555 1591 καὶ
581 1554 718 1592 πᾶσαν
750 1549 826 1605 τὴν
859 1554 933 1606 γῆν
957 1554 1040 1593 τῶν
1065 1548 1275 1604 Ῥωμαίων
1310 1551 1376 1593 καὶ
1401 1549 1604 1606 Ἑλλήνων

82 1620 209 1665 Ξοκαὶ
237 1619 477 1674 Αἰγυπτίων
507 1619 551 1661 ἐκ
580 1622 655 1674 τῆς
674 1618 899 1674 Ἀσσυρίων
928 1621 995 1661 καὶ
1021 1622 1199 1675 Περσῶν
1226 1620 1292 1661 καὶ
1316 1616 1508 1675 Πάρθων
1537 1621 1606 1662 καὶ

138 1684 306 1741 Μήδων
339 1683 548 1743 ὑποταγῆς
582 1688 650 1730 καὶ
690 1688 899 1740 δουλείας,
945 1687 1127 1737 ἀποδοὺς
1161 1685 1374 1742 Ῥωμαίοις
1411 1685 1546 1731 πάντα
1576 1687 1602 1730 ἃ
1626 1697 1659 1732 D

138 1752 367 1799 ἀπώλεσαν.

241 1824 404 1868 Γίνεται
435 1818 507 1868 οὖν
539 1823 619 1868 ἀπὸ
645 1823 778 1880 Ἀδὰμ
807 1824 883 1875 ἕως
913 1828 987 1881 τῆς
1008 1821 1276 1883 Ἀλεξάνδρου
1306 1828 1380 1868 τοῦ
1403 1821 1604 1868 Μακεδό-

231 1947 286 1984 17.
312 1944 487 1991 Bait-noe]
512 1944 724 1989 ,,Βούττιος
746 1957 852 1992 supra
874 1945 1019 1989 dicitur,
1042 1945 1101 1981 lib.
1123 1948 1158 1983 2.
1181 1957 1216 1993 p.
1240 1944 1334 1982 4o.“
1379 1944 1445 1980 Ch.

139 2050 296 2092 veniens,
319 2049 532 2096 Strategium
554 2049 624 2084 illic
648 2049 859 2084 construxitz
885 2060 984 2095 quem
1006 2049 1117 2085 locum
1140 2049 1219 2086 ideo
1242 2049 1292 2085 sic
1313 2048 1475 2091 vocavit,
1500 2047 1605 2094 quod,

139 2107 214 2133 cum
236 2096 331 2143 prius
354 2097 403 2132 ibi
425 2097 469 2130 de
492 2095 554 2138 iis,
592 2107 683 2141 quae
707 2095 752 2130 ad
774 2095 897 2130 bellum
920 2096 1129 2142 propositum
1152 2099 1370 2152 spectarent,
1408 2107 1483 2129 cum
1506 2106 1606 2128 exer—

139 2143 211 2178 citu
249 2147 285 2177 et
320 2142 598 2178 commilitonibus
631 2142 925 2184 communicasset3
966 2142 1151 2177 exercitum
1174 2143 1255 2176 inde
1277 2141 1460 2176 transmisit
1483 2141 1519 2174 in
1541 2151 1607 2184 op-

137 2189 288 2270 positum
309 2189 493 2234 Bithyniae
515 2188 723 2234 Emporium,
747 2188 879 2230 Discos,
914 2194 1082 2225 vocatum.
1127 2189 1200 2223 Ubi
1223 2199 1292 2233 quo
1316 2187 1438 2221 milites
1461 2198 1537 2221 suos
1561 2185 1605 2219 ad

165 2235 264 2269 ellum
288 2235 449 2270 redderet
471 2236 675 2280 paratiores,
698 2234 829 2279 ingenti
853 2245 910 2269 eos
933 2234 1007 2269 auri
1029 2235 1182 2281 pondere
1205 2234 1363 2268 donavit:
1387 2233 1506 2277 itaque
1523 2231 1606 2264 Em·-

139 2281 274 2361 porium
295 2281 408 2323 istud,
433 2281 687 2326 Chrysopolim,
713 2279 869 2314 vocavit:
894 2292 960 2325 quo
985 2281 1117 2315 nomine
1140 2280 1241 2315 etiam
1265 2280 1377 2314 adhuc
1400 2277 1604 2323 appellatur.

157 2326 225 2361 nde
246 2338 332 2362 vero
356 2338 510 2369 movens,
544 2327 687 2371 Trojam
711 2326 824 2360 venit:
861 2327 919 2360 ubi
942 2338 1041 2362 sacra
1062 2326 1192 2361 faciens
1216 2326 1260 2361 ad
1283 2324 1422 2360 Achillis
1445 2323 1605 2358 tumulum

141 2372 212 2416 (ex
235 2383 302 2418 quo
325 2372 428 2407 etiam
451 2373 611 2408 oriundus
634 2373 752 2417 erat‚)
789 2372 945 2416 rogavit,
968 2372 1022 2407 uti
1046 2373 1190 2407 Genium
1214 2373 1286 2417 ejus
1308 2371 1452 2405 haberet
1473 2369 1509 2402 in
1531 2367 1606 2401 bel-

140 2416 184 2452 lis
206 2417 271 2453 sibi
294 2419 501 2455 auxiliarem.
547 2419 724 2465 Olympias
755 2418 862 2460 enim,
895 2418 1083 2453 Alexandri
1106 2418 1305 2453 Macedonis
1336 2421 1465 2456 mater,
1497 2413 1605 2458 origi-

141 2473 218 2498 nem
249 2463 348 2500 duxit
377 2477 398 2500 a
428 2465 597 2508 Molosso,
635 2464 762 2510 Pyrrhi
786 2476 829 2498 ex
851 2464 1086 2499 Andromacha
1108 2465 1191 2499 filio.
1262 2462 1456 2498 Alexander
1479 2464 1604 2500 autem,

142 2519 217 2544 cum
232 2509 384 2546 Ducibus
405 2511 483 2553 suis,
506 2516 668 2556 tanquam
691 2510 831 2556 pardus,
853 2510 933 2546 inde
956 2522 1164 2556 properans;
1189 2509 1347 2554 regiones
1371 2517 1483 2541 omnes
1506 2504 1605 2539 undi-

143 2565 212 2600 que
233 2555 375 2601 subegit.
423 2557 517 2600 Quin
541 2562 576 2592 et
598 2556 706 2591 Dario
729 2567 886 2602 quoque,
919 2556 1082 2591 Assalami
1104 2557 1146 2591 F.
1172 2557 1351 2590 Persarum
1374 2563 1478 2596 rege,
1503 2562 1607 2596 supe-

143 2605 242 2643 fflt⁰2
273 2601 380 2647 ipsum
402 2603 676 2649 comprehendit,
709 2603 953 2649 imperiumque
975 2603 1047 2647 ejus
1068 2605 1196 2643 totum,
1226 2598 1460 2645 Assyriorum,
1483 2596 1607 2650 Medo-

143 2657 238 2689 rum,
261 2646 483 2692 Parthorum,
506 2648 792 2695 Babyloniorum,
817 2649 1017 2691 Persarum,
1054 2658 1234 2692 omnesque
1258 2647 1344 2679 adeo
1367 2642 1480 2678 mundi
1501 2642 1606 2677 ditio-

143 2703 225 2734 nes,
261 2695 458 2739 occupavit:
499 2696 553 2730 uti
575 2696 661 2730 haec
694 2695 823 2741 scripta
845 2695 986 2739 reliquit
1018 2692 1279 2740 sapientissimus
1301 2689 1448 2724 Bottius.
1495 2687 1606 2730 Quin-

141 2737 249 2773 etiam
271 2736 360 2773 idem
383 2739 575 2776 Alexander
609 2742 654 2776 ab
678 2742 837 2787 Assyriae
860 2739 1033 2775 servitutis
1053 2740 1136 2784 jugo
1160 2737 1319 2771 liberavit
1343 2746 1456 2770 omnes
1479 2734 1606 2769 Roma-

141 2793 274 2838 lulum,
299 2784 520 2829 Graecorum,
545 2788 862 2833 Aegyptiorumque
886 2787 997 2827 urbes,
1021 2786 1189 2830 regiona,
1213 2788 1411 2827 terrasque3
1450 2780 1607 2815 Romanis

142 2834 264 2871 etlam,
289 2840 510 2876 quaecunque
531 2832 726 2875 amiserant,
749 2834 941 2867 restituens.

231 2876 285 2910 Ab
308 2875 444 2911 Adamo'
462 2882 596 2921 autem,
637 2879 682 2915 ad
704 2877 889 2914 Alexandri
919 2873 1118 2912 Macedonis
1144 2873 1347 2916 Victoriam,
1387 2871 1467 2907 anni
1490 2882 1605 2906 nume-

198 2928 343 2962 1oannes
380 2929 546 2964 Malalas.
1273 2925 1324 2964 13
