1838 3230
270 228 273 229 γ
309 163 408 213 560
796 159 1261 205 ANNOTATIONES.

418 277 520 328 Pag.
549 278 642 317 222.
674 278 710 316 1.
739 271 892 315 καὶτὸν
909 272 1106 328 ποταμόν,
1137 272 1325 327 reznam]
1359 277 1512 317 Galatia
1531 279 1751 330 provincia,

308 331 523 382 Gallusque
543 331 712 379 fluvius,
741 331 824 369 sive
854 345 876 368 a
909 332 1022 370 Gallo
1049 331 1242 383 quodam,
1272 333 1356 372 sive
1385 349 1407 372 a
1432 334 1554 372 Gallis
1582 334 1752 386 Celticis,
1805 353 1813 358 ·

308 388 375 439 qui
400 389 537 426 relicta
555 387 681 439 patria
699 386 809 425 sedes
839 386 894 424 ibi
914 387 1100 436 fixerunt,
1132 388 1191 426 uti
1217 389 1306 428 vult
1337 389 1558 442 Stephanus
1586 391 1636 430 de
1657 391 1751 430 urb.

308 445 364 482 sic
387 444 490 481 dicta
508 443 673 493 fuerint5
701 443 817 494 longe
839 449 928 482 ante
946 444 1110 495 Augusti
1127 450 1306 497 tempora
1321 447 1391 499 'sic
1414 447 1610 498 appellata
1630 446 1752 486 fuisse

306 500 553 538 manifestum
571 505 640 537 est.
1719 540 1721 542 ¹

421 558 513 608 Pag.
544 558 637 597 222.
667 554 706 596 5-
760 555 936 608 Φρυγίαν
963 553 1006 595 δὲ
1039 554 1323 610 Πακατιανήν]
1363 557 1530 610 Phrygia
1557 557 1684 610 Major
1708 558 1752 598 in

307 612 545 660 Salutarem,
576 617 614 649 et
631 611 898 661 Pacatianmn,
930 611 1136 650 distributa
1163 619 1232 651 est.
1292 614 1532 653 constantin.
1553 612 1751 666 Porphyr.

266 665 270 667 “
308 667 357 705 de
376 667 549 704 Themat.
569 667 723 705 Anatol.
739 668 935 736 Φρυγίαν
951 671 1224 720 Καπατιανῆς,
1254 675 1383 719 vocat,
1402 670 1606 710 literarum
1623 676 1753 709 trans-

306 724 516 774 positione:
545 720 593 762 τοὶ
613 722 655 763 δὲ
672 719 749 763 vind
768 726 841 763 τοῦ
862 727 1042 775 Κροινοῦ
1059 724 1127 764 καὶ
1148 724 1256 776 μέχρι
1283 728 1355 766 τοῦ
1373 700 1587 778 ,Αμωρίοω
1617 729 1752 766 καλεῖ-

305 794 369 818 ται
392 780 545 832 Φρυγία
570 782 852 830 Καπατιανῆςτ
881 781 1082 818 Caeterum
1104 779 1205 818 hanc
1224 781 1417 833 Phrygiae
1434 781 1751 822 distributionem

306 835 483 887 Augusto
500 836 615 885 longe
631 835 890 887 posteriorem
913 850 994 874 esse
1012 850 1090 874 non
1110 843 1167 875 est
1187 837 1461 877 dubitandum.

421 894 515 944 Pag.
547 895 639 934 222.
669 894 706 933 9.
753 892 848 932 υἱοῦ
878 894 950 932 τοῦ
988 888 1172 942 Κᾶπνος,
1219 893 1321 932 forte
1358 894 1512 945 legend.
1546 889 1750 941 Κᾶπνους.

306 947 475 995 Verum,
507 948 610 986 unde
629 947 757 986 haec'?

420 1007 512 1055 Pag
542 1008 635 1046 222.
670 1007 734 1044 19.
761 1002 830 1044 καὶ
859 1004 1012 1044 δίαιταν
1040 1002 1288 1056 οἰκημάτων]
1329 1004 1409 1044 Ista
1434 1005 1582 1058 reddo,
1610 1003 1752 1058 aedifi·

308 1059 452 1098 ciorum
485 1062 637 1107 seriem,
667 1060 748 1098 sive
774 1060 926 1110 vicum,
954 1061 1055 1098 infra
1082 1063 1184 1099 enim
1212 1062 1383 1114 γειτνίαν
1406 1068 1534 1102 vocat.
1594 1062 1754 1103 Alana»

305 1128 401 1152 vero
433 1129 507 1166 pro
536 1113 731 1167 οἰκήματα
765 1116 1011 1166 frequentius
1048 1123 1282 1168 usurpatum
1314 1118 1508 1157 occurrit:
1546 1110 1754 1157 Menandri

307 1172 526 1210 Protector.
557 1172 690 1221 Eclog.
706 1173 905 1222 Legation.
936 1176 986 1228 τῇ
1006 1172 1096 1223 ἑξῆς
1114 1172 1196 1213 ἐν’
1178 1189 1233 1212 ετ
1219 1173 1287 1229 ἑρᾳ
1306 1173 1486 1227 ἐγένοντο
1517 1175 1666 1230 διαίτη,
1688 1172 1753 1213 ἕν-

306 1232 364 1267 θα
391 1224 540 1275 ξύλινοι
557 1228 687 1274 κίονες
704 1223 810 1279 ἦσάν
829 1244 949 1277 τινες,
980 1228 1232 1280 ἐνδεδυμένοι
1250 1232 1391 1298 χρυσῷ.
1427 1230 1476 1268 Et
1502 1215 1632 1282 paulo
1645 1235 1751 1282 post:

305 1280 405 1323 κατοὶ
431 1281 474 1323 δὲ
501 1281 544 1323 τό
575 1280 823 1335 ἐμπρόσθιον
853 1287 924 1352 τῆς
944 1285 1136 1350 διαίτης’
1118 1284 1182 1325 επὶ
1209 1283 1332 1335 πολὺ,
1370 1287 1625 1340 παρετέταντο
1653 1300 1754 1338 αμα-

307 1340 389 1389 ξαι,
420 1338 463 1379 ἐν
484 1336 546 1387 αἶς
563 1337 666 1379 πολύ
686 1354 723 1378 τι
744 1355 875 1391 χρημα
889 1336 1067 1406 ἀργύρου
1088 1340 1207 1390 ἐπῆν,
1239 1347 1313 1382 etc.

417 1397 518 1447 Peg.
547 1399 642 1437 222.
672 1399 736 1436 20.
783 1390 991 1449 βανιᾶριν]
1041 1393 1248 1449 βανιάριν,
1289 1411 1367 1460 ‘pro
1409 1399 1638 1450 βανιαριον,
1683 1394 1752 1433 hic

307 1450 448 1501 scribi,
477 1452 611 1488 nullus
630 1451 781 1490 dubito.
838 1452 915 1490 Sed
939 1451 1032 1501 quid
1059 1453 1214 1490 tandem
1242 1452 1318 1490 erit
1342 1452 1576 1506 ssavtaqtov'?
1606 1453 1752 1502 Suspi-

307 1520 378 1544 cor
407 1481 614 1556 legendum
642 1504 901 1561 Βαλνιάριον,
939 1505 1215 1559 Balnearium5
1255 1510 1362 1559 quod
1396 1515 1526 1547 tamen
1561 1507 1630 1546 vix
1658 1507 1751 1545 alibi

307 1563 410 1601 inter
442 1564 612 1601 Giaecos
640 1563 824 1603 occurrit.
881 1564 1087 1601 Nullorum
1117 1570 1244 1602 autem
1277 1578 1392 1615 quam
1418 1565 1652 1603 Balneorum
1677 1576 1751 1616 pu-

309 1619 501 1657 blicorum
521 1619 811 1658 aedificatorum
833 1620 936 1671 apud
963 1626 1160 1668 nostrum,
1191 1622 1337 1659 mentio
1359 1619 1614 1672 frequentior.

418 1677 520 1727 Pag
551 1678 645 1717 223
677 1679 713 1717 3.
740 1673 834 1715 όντοι
856 1672 1013 1728 μικρὸν]
1045 1677 1127 1714 Ser.
1147 1673 1207 1716 όν.

424 1734 517 1782 Pag
549 1734 641 1773 223
672 1734 710 1773 8.
751 1732 893 1778 οἵτινες
921 1731 1106 1782 ἐνίκησαν
1136 1727 1349 1784 Τιγράνον,
1384 1733 1655 1785 τοπαρχοῦντα
1681 1745 1752 1770 αυ-

309 1786 402 1838 τῆς]
433 1788 556 1836 Lego,
593 1784 799 1839 Τιγράνην.
857 1788 1003 1826 Verum
1023 1788 1125 1826 bella
1146 1787 1266 1837 haec,
1298 1803 1319 1826 a
1347 1788 1534 1836 Lucullo,
1565 1787 1750 1826 adversus

311 1843 574 1881 Mithridatem
599 1849 637 1880 et
658 1844 888 1895 Tigranem,
919 1844 1027 1882 Caes.
1058 1844 1233 1893 Augusto
1263 1844 1333 1882 vix
1354 1843 1482 1882 adhuc
1499 1849 1614 1890 nato,
1644 1848 1752 1891 gesta

311 1906 413 1937 sunt.
472 1899 655 1949 Tigranes
683 1914 800 1949 vero,
844 1900 1048 1938 Armeniae
1076 1913 1172 1949 rex,
1213 1915 1234 1938 a
1256 1901 1443 1951 Pompeio
1472 1898 1612 1938 deinde
1639 1897 1752 1936 devi-

312 1961 419 2003 ctus,
450 1968 490 1992 se
510 1955 544 1992 ei
565 1955 734 2004 dedidit,
766 1970 812 1994 ac
835 1955 1010 1994 diadema
1042 1968 1154 1993 suum
1183 1955 1233 1993 ad
1265 1969 1390 2006 genua
1418 1955 1593 2006 Pompeii
1620 1953 1751 2004 proci·

310 2010 426 2058 dens,
455 2010 496 2047 in
515 2024 652 2048 manus
674 2012 756 2064 ejus
771 2012 953 2050 tradidit:
984 2010 1088 2065 quod
1110 2012 1144 2049 ei
1168 2010 1370 2064 Pompeius
1387 2011 1574 2064 reposuit,
1605 2008 1750 2060 (inquit

308 2067 543 2116 EutropiuS,
573 2066 641 2106 lib.
658 2066 716 2120 6.)
747 2067 1027 2120 honorificeque
1048 2082 1130 2104 eum
1151 2066 1345 2116 habitum,
1376 2068 1481 2118 regni
1499 2075 1624 2103 tamen
1637 2073 1750 2116 parte

308 2120 535 2170 mulctavit,
564 2131 598 2158 et
628 2122 775 2174 grandi
803 2124 984 2175 pecunia:
1026 2121 1206 2174 adempta
1232 2132 1285 2161 est
1315 2132 1350 2161 et
1377 2122 1510 2172 Syria,
1548 2119 1748 2168 Phoenice,

310 2176 495 2229 S-ophene
550 2178 723 2217 Zonaras
741 2185 871 2218 tamen
890 2178 988 2218 haec
1007 2178 1064 2216 illi
1087 2192 1108 2216 a
1129 2179 1295 2218 Lucullo
1313 2178 1494 2230 adempta
1514 2176 1633 2215 fuisse
1654 2175 1750 2213 scri-

308 2234 389 2283 bit,
421 2233 529 2271 Tom.
551 2237 589 2276 2.

424 2291 518 2341 Pag
547 2290 747 2331 223-19·
804 2286 978 2342 στρώσας
1003 2286 1128 2344 αὐτην
1154 2292 1310 2338 λευκαῖς
1335 2285 1524 2340 πλάκαις]
1565 2283 1748 2337 nicenam,

310 2350 496 2396 tanquam
519 2359 540 2382 a
559 2342 699 2397 πλάκη,
728 2358 803 2396 pro
822 2347 975 2393 πλαξίν.

424 2403 518 2452 Pag
547 2401 640 2444 224.
670 2405 707 2443 3.
735 2416 808 2452 τηι
824 2398 965 2452 πρώην
983 2401 1193 2456 λεγομένην
1210 2398 1432 2451 Μάζακαν]
1461 2399 1674 2438 Jornandes
1693 2404 1750 2437 et-

307 2457 386 2494 iam
418 2455 468 2493 de
498 2457 614 2507 Regn.
649 2470 814 2496 success,
850 2470 932 2495 eam
966 2472 987 2495 a
1019 2458 1317 2509 Cappadocibus
1348 2457 1572 2494 Caesaream
1603 2455 1748 2493 ‹h'ctam

310 2513 410 2550 suise
432 2512 585 2550 scribit:
617 2511 860 2566 Cappadoces
878 2527 1026 2565 quoque
1045 2513 1113 2551 sub
1130 2513 1314 2566 Epaphra
1332 2528 1415 2564 rege
1433 2512 1641 2558 consiituii‚
1667 2510 1749 2567 pri-

309 2582 414 2605 mum
445 2582 513 2618 per
536 2567 705 2620 Legatos
734 2583 822 2607 suos
847 2566 1115 2607 Romanorum
1146 2570 1339 2607 amicitias
1358 2569 1572 2620 petierunt:
1611 2560 1748 2604 dehinc

311 2598 615 2661 Ariobarzane
609 2639 692 2676 rege
718 2622 958 2668 succedente,
988 2634 1023 2661 et
1053 2638 1079 2660 α
1109 2623 1341 2662 Mithridate
1365 2621 1550 2675 expulso,
1580 2619 1683 2660 ultro
1709 2635 1747 2658 se

314 2676 496 2716 Romano
520 2680 672 2717 servitio
696 2678 958 2727 tradiderunt,
984 2693 1237 2732 magnamque
1263 2680 1454 2718 civitatem
1472 2691 1581 2716 suam
1604 2676 1749 2714 Maza-

315 2748 417 2782 cam,
447 2734 488 2772 in
507 2733 686 2774 honorem
707 2733 900 2785 Caesarzs,
934 2732 1156 2774 Caesaream
1176 2733 1475 2787 appellaverunt.
1534 2732 1747 2782 Eutropius

314 2794 456 2841 tamen,
489 2795 528 2828 et
549 2803 598 2829 ex
617 2803 661 2830 eo
689 2791 804 2831 etiam
824 2796 961 2844 postea
985 2790 1197 2830 Jornandes
1217 2791 1314 2844 ipse,
1347 2790 1576 2841 Suidasque‚
1605 2799 1745 2826 nomen
