1838 3230
0 0 28 51 *Ξ

399 154 1026 202 CHRONOGRAPHIA.
1084 157 1132 202 L.
1162 156 1317 204 XVIII.
1489 163 1588 212 485

123 271 338 332 κουλᾶριος
366 274 408 319 ἓν
442 272 578 333 Ῥώμῃ
612 276 675 318 ἐπὶ
706 276 754 319 τὸ
794 280 1020 332 πολεμῆσαι
1047 283 1133 328 τοΐς
1152 281 1195 321 Γ
1191 276 1359 332 ότθοις,
1398 278 1460 322 ὅτι
1480 281 1584 334 μετὰ
1606 294 1640 329 D

55 347 60 353 ’
122 343 171 387 τὸ
209 347 440 400 περιλαβεῖν
467 342 736 402 Βελισσάριον
768 342 927 400 Ῥώμην
957 343 1078 390 πάλιν
1107 345 1358 405 παρελήφθη
1383 346 1464 391 ὖπὸ
1503 353 1587 393 τῶν
1612 365 1645 400 0
1668 365 1736 402 229

122 409 310 456 Γότθων.

221 481 342 537 Μηνὶ
373 480 509 540 ῗουνίῳ
538 478 612 534 κς’,
644 482 859 525 ῗνδικτιῶνι
877 487 928 540 τῇ
957 483 1089 541 αὐτῇ,
1123 482 1273 538 ἐδέχθη
1312 481 1334 526 ὅ
1368 484 1586 535 ἐπίσκοπος

86 545 276 605 5Ῥῶμης
306 551 484 605 Βιγίλιος
514 547 594 592 ὑπὸ
623 555 697 593 τοῦ
724 551 947 606 βασιλέως·
991 547 1042 607 ἦν
1073 552 1151 608 γὰρ
1182 552 1480 609 ἀγανακτηθεὶς
1517 557 1586 597 καὶ

117 618 358 676 προσφυγίῳ
380 615 638 675 χρησάμενος
673 620 728 669 εἷς
763 619 835 662 τὸν
861 618 976 676 ἅγιον
1005 620 1173 678 Σέργιον
1191 627 1278 671 τοῖς
1309 621 1473 677 ἐπίκλην
1500 626 1583 666 τῶν

111 683 348 743 Ὀρμίσδου.

193 754 475 804 ’Ἶνδικτιῶνος
508 751 560 798 ιδ’
588 754 738 811 ἐγένετο
771 756 937 811 σεισμὸς
955 756 1081 813 μέγας
1107 758 1173 800 καὶ
1195 758 1372 815 φοβερὸς
1402 758 1445 802 ἓν
1466 756 1581 817 πάσῃ

114 826 167 880 τῇ
196 820 316 883 χώρα
347 827 420 879 τῆς
438 825 721 879 Παλαιστίνης
764 823 804 867 ἔν
837 842 880 868 τε
909 825 1083 885 Ἀραβίᾳ
1112 827 1178 868 καὶ
1211 828 1252 869 ἐν
1279 831 1330 884 τῇ
1359 825 1478 887 χώρα
1506 833 1581 884 τῆς

57 901 104 936 10
114 893 445 946 Μεσοποταμίας
463 894 528 934 καὶ
543 891 785 948 Ἀντιοχείας
814 895 881 935 καὶ
906 895 1098 949 Φοινίκης
1126 893 1314 952 παράλου
1344 897 1412 937 καὶ
1433 899 1582 950 Λιβα-

109 961 269 1015 νησίας.
305 962 373 1003 καὶ
394 961 437 1004 ἓν
459 960 572 1020 αὐτῷ
595 965 653 1020 τῷ
676 959 796 1020 φόβῳ
819 961 978 1006 ἔπαθον
1003 962 1046 1005 αἳ
1066 960 1215 1015 πόλεις,
1243 963 1352 1006 τοῦτ’
1383 964 1469 1007 ἐστὶ
1493 963 1580 1007 Τύ-

111 1045 197 1085 ρος,
235 1027 395 1082 Σιδών,
433 1028 638 1086 Βηρυτός,
680 1031 892 1087 Τρίπολις,
931 1029 1111 1086 Βύβλος,
1144 1029 1321 1089 Βότρυς,
1351 1034 1417 1074 καὶ
1443 1032 1579 1076 ἄλλων

109 1094 264 1141 πόλεων
293 1097 411 1154 με’ρη.
495 1096 817 1154 κατελήφθησαν
851 1099 896 1142 δὲ
925 1100 966 1142 ἓν
995 1098 1139 1149 αὐταῖς
1162 1102 1230 1142 καὶ
1246 1098 1388 1155 πλήθη
1408 1099 1578 1158 ἀνθρώ-

110 1182 211 1210 πων.
282 1166 324 1210 ἒν
345 1167 390 1210 δὲ
413 1170 465 1224 τῇ
485 1165 598 1210 πόλει
623 1165 811 1219 Βότρυος
839 1165 1091 1222 ἀπεσπάσθη
1121 1167 1202 1211 ἀπὸ
1228 1172 1303 1211 τοῦ
1330 1169 1575 1225 παρακειμὲ-
1601 1180 1634 1214 Ε

54 1245 98 1281 15
110 1251 183 1277 νου
214 1238 266 1292 τῇ
293 1233 490 1292 θαλάσσῃ
523 1234 645 1292 ὅρους
670 1240 745 1278 τοῦ
775 1236 939 1291 ἐπίκλην
967 1234 1317 1292 Λιθοπροσώπου
1351 1237 1476 1293 μέρος
1507 1241 1576 1281 καὶ

108 1303 342 1359 κατηνέχθη
368 1305 424 1354 εἷς
443 1303 518 1358 τὴν
539 1301 775 1358 θάλασσαν,
798 1305 865 1347 καὶ
883 1304 1093 1347 ἀπετέλεσε
1111 1304 1267 1359 λιμένα,
1291 1303 1346 1355 ὥς
1365 1304 1578 1349 δύνασθαι

107 1370 248 1428 ὁρμεῖν
265 1373 308 1415 ἓν
325 1375 383 1431 τῷ
401 1371 527 1427 λιμένι
548 1376 621 1415 τοῦ
644 1372 986 1423 ἀποσπασθέντος
1015 1372 1138 1429 ὄρους
1166 1378 1288 1416 πλοῖα
1307 1375 1551 1431 παμμεγέθη
1565 1388 1574 1398 ·

105 1439 181 1484 οὐκ
199 1438 275 1496 εἶχε
295 1441 373 1497 γὰρ
397 1438 422 1496 ἦ
444 1440 550 1495 αὐτὴ
572 1438 687 1492 πόλις
709 1441 755 1485 τὸ
785 1439 913 1485 πάλαι
941 1441 1094 1497 λιμένα.
1169 1440 1190 1485 ὃ
1221 1443 1266 1485 δὲ
1297 1442 1423 1492 αὐτὸς
1450 1448 1576 1498 βασι-

104 1508 198 1558 λεὺς
223 1508 430 1553 ἀπέστειλε
455 1507 652 1566 χρήματα
684 1511 726 1553 ἐν
753 1508 906 1560 πάσαις
938 1517 1029 1560 ταῖς
1057 1512 1266 1567 ἐπαρχίαις
1292 1513 1360 1553 καὶ
1391 1510 1573 1568 ἀνήγειρε

49 1589 97 1624 20
107 1577 265 1635 φανεροὶ
286 1582 368 1621 τῶν
392 1577 528 1621 αὐτῶν
546 1576 712 1622 πόλεων.
783 1580 825 1621 ἐν
848 1580 893 1621 δὲ
910 1584 969 1637 τῷ
997 1583 1124 1636 καιρῷ
1147 1583 1218 1621 τοῦ
1250 1584 1418 1634 σεισμοῦ
1453 1580 1570 1636 ἔφυγε
1595 1573 1629 1655 3
1651 1576 1725 1657 8930

103 1644 305 1689 θάλασσα
325 1648 380 1695 εἷς
397 1646 444 1688 τὸ
466 1646 640 1702 πέλαγος
661 1648 726 1690 ἐπὶ
744 1647 877 1701 μίλιον
901 1647 941 1689 ἕν
950 1680 963 1700 ,
1003 1649 1068 1688 καὶ
1092 1645 1304 1690 ἀπώλοντο
1325 1652 1447 1689 πλοῖα
1468 1651 1571 1690 πολ-

103 1712 182 1757 λά·
218 1716 286 1757 καὶ
307 1711 430 1757 πάλιν
446 1719 497 1771 τῇ
516 1719 589 1758 τοῦ
613 1719 716 1758 θεοῦ
744 1713 918 1758 κελεύσει
953 1715 1203 1770 ἀπεκατέστη
1231 1713 1258 1772 ἡ
1298 1713 1496 1759 θάλασσα
1516 1718 1572 1767 εἷς

103 1783 179 1838 τὴν
198 1782 373 1842 ἀρχαίαν
394 1784 544 1838 κοίτην.

195 1882 228 1916 1.
260 1879 353 1926 μετὰ
372 1880 415 1918 τὸ
441 1884 651 1930 περιλαβεῖν
683 1880 942 1927 Βελισσάριον]
974 1881 1115 1924 „Forte
1139 1881 1371 1924 scribendum,
1402 1882 1569 1927 παραλα-

191 1928 309 1973 βεῖν.“
332 1928 395 1962 Ch.
420 1928 521 1964 Conf.
546 1930 590 1964 ad
611 1941 645 1976 p.
668 1930 725 1964 76.
750 1927 792 1962 C.
894 1928 926 1962 7.
947 1924 1150 1973 Ὁρμίσδου
1176 1929 1408 1974 Theophanes
1431 1940 1468 1974 p.
1490 1930 1567 1965 191.

190 1976 235 2015 A,
251 1972 458 2020 Ὀρμοδίου
482 1976 551 2011 Ox„
624 1979 677 2011 10.
701 1975 918 2021 Λιβανισίας
936 1975 1002 2009 Ox.
1089 1977 1144 2012 12.
1169 1972 1311 2018 Βύβλος
1334 1975 1413 2016 Ch„
1438 1975 1570 2021 Βίβλος

192 2020 260 2056 Ox.
354 2022 409 2057 17.
435 2018 562 2067 ὁρμεῖν
586 2022 682 2064 Chr.,
704 2018 822 2066 ὁρμῆν
844 2022 915 2058 Ox.

97 2100 222 2135 bellum
240 2100 367 2137 Gothis
388 2100 622 2143 inferendum3
649 2101 708 2147 qui
732 2105 809 2148 post
831 2101 947 2137 urbem
970 2113 990 2137 a
1022 2100 1186 2136 Belisario
1220 2104 1469 2147 recuperatam,
1493 2112 1567 2136 eam

98 2158 214 2182 rursus
237 2152 500 2194 occupaverant.

189 2193 316 2228 Mensis
338 2194 431 2228 Junii
454 2204 548 2236 xxvr,
572 2192 769 2227 Indictionis
793 2193 953 2237 ejusdem,
976 2193 1165 2238 Imperator
1185 2192 1221 2227 in
1243 2192 1390 2237 gratiam
1413 2202 1486 2225 cum
1503 2191 1566 2225 Vi-

95 2238 194 2284 gilio‚
217 2239 390 2286 Episcopo
413 2239 578 2282 Romano,
602 2238 725 2274 rediit:
753 2239 824 2285 qui,
849 2239 940 2285 quod
962 2239 1204 2286 Imperatorem
1227 2239 1292 2272 sibi
1314 2239 1479 2272 infensum
1501 2238 1565 2272 ha-

95 2283 222 2327 buerit,
246 2285 289 2319 ad
313 2285 351 2322 S.
375 2286 532 2330 Sergium
556 2286 769 2330 confugerat,
792 2285 1029 2320 Ormodiorum
1051 2284 1101 2319 ibi
1122 2285 1158 2319 in
1181 2284 1319 2319 aedibus
1342 2283 1492 2317 latitans.

189 2330 380 2366 Indictione
402 2342 475 2373 xrv,
499 2336 613 2366 terrae
636 2335 744 2366 motus
766 2331 896 2375 ingens,
929 2331 1101 2377 planeque
1123 2330 1328 2371 tremendus,
1351 2340 1416 2374 per
1439 2328 1563 2363 Palae-

97 2374 215 2410 stinam
228 2388 369 2419 omnem,
384 2377 564 2419 Arabiam,
582 2376 874 2422 Mesopotamiam,
898 2377 1120 2418 Antiochiam,
1143 2375 1362 2410 Phoeniciam
1372 2377 1561 2419 utramque,

96 2420 304 2457 Maritimam
326 2428 362 2457 et
379 2422 602 2464 Libanesiam‚
625 2430 797 2468 grassatus
820 2429 892 2458 estz
918 2424 1013 2468 cujus
1037 2424 1081 2458 ab
1104 2423 1245 2456 horrore
1263 2421 1378 2466 Tyrus
1403 2431 1477 2454 cum
1503 2419 1561 2453 Si-

97 2465 197 2510 done,
219 2468 378 2515 Berytus,
405 2469 569 2515 Tripolis,
591 2468 719 2514 Byblus
741 2469 854 2510 etiam,
878 2469 1081 2515 Botrysque,
1105 2467 1246 2502 aliarum
1270 2477 1408 2511 quoque
1430 2465 1561 2500 urbium

96 2517 213 2557 partes
242 2517 455 2549 succussatae
484 2518 706 2556 corruerunt;
745 2515 975 2560 compluribus
1005 2516 1143 2558 insuper
1166 2513 1354 2547 hominibus
1385 2512 1559 2546 ruinarum

94 2557 238 2594 molibus
258 2572 278 2595 o
306 2560 440 2606 pressis.
485 2560 538 2595 Ad
561 2561 678 2595 urbem
701 2571 782 2595 vero
805 2561 967 2607 Botrym‚
998 2559 1126 2596 Montis
1147 2558 1233 2593 mari
1254 2557 1474 2599 imminentis,
1498 2556 1559 2591 Li-

95 2604 295 2650 thoprosop1
317 2606 423 2648 dicti,
448 2605 582 2641 divulsa
603 2617 685 2652 pars
708 2611 744 2641 et
766 2606 802 2641 in
824 2618 917 2642 mare
941 2607 1144 2647 deturbata,
1171 2605 1312 2639 Portum
1336 2603 1472 2644 effecit,
1497 2613 1557 2637 na-

95 2649 194 2683 vibus
225 2650 373 2686 maximis
396 2652 599 2698 recipiendis
629 2652 806 2695 idoneum,
842 2665 916 2688 cum
941 2656 1042 2687 antea
1077 2651 1156 2685 urbs
1180 2662 1221 2684 ea
1251 2651 1359 2685 Portu
1383 2648 1557 2684 caruisset.

96 2694 279 2730 Caeterum
302 2696 489 2742 Imperator
511 2697 665 2743 pecuniis
687 2698 722 2732 in
745 2697 946 2734 Provincias
970 2696 1116 2742 singulas
1143 2695 1360 2737 transmissis,
1397 2694 1556 2740 plurimas

97 2752 139 2775 ex
163 2739 211 2774 his
233 2741 334 2776 urbes
355 2742 569 2779 instauravit,
614 2743 769 2779 Durante
792 2750 905 2779 autem
930 2745 994 2777 hoc
1017 2748 1131 2777 terrae
1153 2747 1257 2783 motu,
1280 2751 1373 2775 mare
1397 2739 1497 2775 etiam
1520 2739 1556 2773 in

96 2786 218 2829 altum,
242 2786 287 2821 ad
310 2787 406 2822 Mille
428 2800 562 2834 passm,
595 2789 751 2832 recessit3
787 2790 927 2825 navibus
949 2787 1083 2823 interim
1105 2787 1216 2822 multis
1239 2786 1362 2822 exinde
1385 2785 1557 2832 pereunti-

95 2832 179 2875 bus3
200 2844 410 2879 rursumque,
430 2835 522 2878 jussu
546 2835 684 2877 Divino,
708 2835 742 2869 in
765 2835 944 2883 pristinum
968 2834 1099 2870 alveum
1123 2844 1292 2869 reversum
1316 2836 1378 2868 est.
