1838 3230
275 160 342 206 42
671 154 961 200 IOANNIS
990 156 1331 202 MALALAE

274 272 442 327 θέωσᾱν
469 274 594 318 αὐτὸν
623 271 822 332 εὑρηκότα
853 273 904 317 δι’
934 273 1116 330 ἀμπέλου
1145 277 1305 335 τροφὴν
1328 273 1576 336 ἀνθρώποις.
1645 278 1730 337 ἐξέπ-

276 347 376 387 θετο
395 343 473 400 γὰρ
496 344 669 400 καὶπερὶ
694 346 767 398 τῆς
790 341 970 396 ἀμπέλου
999 346 1066 387 καὶ
1097 349 1171 400 τῆς
1200 351 1418 402 γεωργικῆς
1449 361 1562 391 τινα’
1597 345 1730 403 ἔμαθε

222 409 252 443 Β
277 413 321 454 δὲ
341 414 407 454 καὶ
427 409 604 465 μυστικά
623 428 713 454 τινα
738 412 804 453 καὶ
824 411 974 467 ἐγένετο
997 412 1099 470 ἀνὴρ
1128 414 1257 471 σοφὸς
1275 417 1340 457 καὶ
1370 417 1412 458 ἐν
1430 417 1732 472 μυσταγωγίαις

146 455 179 490 o
204 455 248 492 49
279 478 293 494 t
354 480 366 496 ³
403 480 414 496 x
530 478 541 495 Ι
775 481 784 496 a
811 479 824 495 a
1269 483 1281 498 x
1462 482 1473 499 Ι
1621 482 1641 501 tr

273 498 295 523 ο
316 497 440 530 αυτος
461 482 687 532 Διονυσος,
718 497 785 522 και
806 481 926 523 εποίει
949 483 1180 538 φαντασίας
1196 500 1307 533 τινας
1326 488 1587 538 θαυματων.Ι
1620 499 1731 535 οστις

273 550 340 592 καὶ
360 549 462 606 πρὸς
479 549 648 605 Πέρσας
670 549 735 590 καὶ
758 548 862 605 πρὸς
878 548 1030 599 Ἰνδοὺς
1049 551 1114 592 καὶ
1137 553 1191 600 εἷς
1210 551 1366 602 πολλὰς
1388 550 1528 609 χώρας
1549 551 1762 608 οἷπῆλθε,5

272 619 339 660 καὶ
377 620 563 671 πολεμῶν
600 618 830 674 φαντασίας
865 617 977 667 τινὰς
1017 617 1248 672 θαυμάτων
1278 621 1497 673 ἐδείκνυεν,
1533 620 1635 676 Ξ-’χων
1663 623 1732 664 καὶ

272 685 451 741 στρατὸν
477 684 573 739 μεθ’
608 683 755 728 ἑαυτοῦ
785 684 926 729 πολύν.
998 685 1018 729 ὃ
1043 688 1086 729 δὲ
1107 686 1281 741 Κάδμος
1298 689 1528 745 γεγηρακὼς
1545 687 1732 746 παρεχώ-

273 769 370 810 ρησε
391 758 465 809 τῆς
478 752 711 808 διοικήσεως
729 757 802 809 τῆς
819 756 1027 807 βασιλείας
1039 760 1120 798 τῶν
1133 759 1326 800 Βοιωτῶν
1344 762 1403 816 τῷ
1422 758 1498 817 υἱῷ
1511 758 1729 813 τοῦἘχίο-

271 838 363 874 νος,
405 826 463 880 τῷ
477 826 653 875 Πενθεῖ,
692 827 750 880 τῷ
786 821 933 881 ἐκγόνῳ
967 823 1119 866 αὐτοῦ·
1157 823 1268 875 ὅστις
1296 826 1476 883 ἐπῃνεῖτο
1505 826 1620 883 παρὰ
1647 831 1729 870 τῶν

272 895 545 946 συγκλητικῶν
568 893 635 933 καὶ
656 891 768 946 παρὰ
787 889 962 935 πάντων,
1036 890 1057 935 ὅ
1080 890 1254 947 Κάδμος
1272 894 1316 936 δὲ
1334 894 1473 948 λαβὼν
1494 894 1566 938 τὸν
1587 899 1727 952 Τειρε-
1739 906 1784 940 10

271 960 364 1002 σιάν
393 961 525 1015 διῆγεν
552 960 593 1002 ἓν
621 964 671 1016 τῇ
698 957 816 1018 χώρᾳ
844 965 918 1015 τῆς
949 962 1150 1011 Βοιωτίας
1171 963 1233 1003 ἐπὶ
1259 962 1305 1004 τὸ
1325 961 1606 1019 Κιθαιρώνιον
1633 962 1730 1020 ὄρος

270 1026 342 1069 τὸν
362 1027 490 1070 πολὺν
508 1026 666 1084 χρόνον.
738 1033 859 1070 τοῦτο
887 1030 930 1071 δὲ
948 1027 1126 1079 ἀκούσας
1147 1028 1167 1072 ὃ
1189 1028 1414 1084 Διόνυσος,
1453 1030 1515 1074 ὅτι
1535 1029 1728 1088 ἐγήρασεν

221 1107 251 1141 C
277 1093 298 1138 ὅ
322 1095 448 1138 αὐτοῦ
471 1095 658 1149 πάππος,
696 1091 824 1150 ἦλθεν
847 1097 908 1138 ἐπὶ
939 1098 1015 1152 τὴν
1037 1100 1249 1153 Καδμείαν
1285 1097 1402 1142 πόλιν
1434 1099 1539 1152 μετὰ
1573 1103 1729 1156 πολλῇς

269 1163 387 1214 ἀξίας
408 1166 474 1207 καὶ
494 1162 631 1207 ὅπλων
639 1170 653 1217 ,’
686 1163 858 1221 ὄφείλων
872 1170 1126 1219 βασιλεῦσαι.
1179 1168 1246 1209 καὶ
1266 1165 1456 1224 ἑωρακὼς
1475 1167 1600 1212 αὐτὸν
1620 1185 1728 1225 φαν-

268 1234 414 1282 τασίας
440 1232 552 1282 τινὰς
573 1237 767 1276 ποιοῦντα
789 1235 855 1275 καὶ
883 1232 1049 1284 ὁπλίτας
1073 1234 1236 1289 ἔχοντα,
1274 1238 1340 1278 καὶ
1369 1234 1726 1292 προσκαλούμενον
1739 1247 1781 1283 15

268 1304 407 1343 πᾶσαν
427 1301 500 1356 τὴν
523 1302 748 1357 συγγένειαν
769 1301 896 1343 αὐτοῦ
907 1335 920 1354 ,
958 1305 1023 1344 καὶ
1042 1303 1115 1352 τὰς
1135 1304 1365 1359 συγγενικὰς
1383 1303 1628 1348 διδάσκοντα
1645 1323 1726 1359 μυ-

268 1371 497 1426 σταγωγιάς
519 1368 699 1425 ἡλιακῶν
725 1368 1042 1424 βακχευμάτων,
1081 1371 1129 1420 ἃς
1157 1371 1289 1427 ἔλεγον
1314 1371 1493 1427 βάκχας,
1532 1372 1727 1424 ὡσαύτως

267 1439 313 1480 δὲ
345 1440 412 1480 καὶ
446 1438 542 1487 τοὺς
570 1440 738 1487 πολίτας
767 1440 832 1479 καὶ
863 1438 1022 1489 τελετάς
1048 1457 1167 1482 τινων
1191 1441 1317 1495 εὐχῶν
1340 1439 1586 1484 διδάσκοντα
1606 1440 1725 1497 ἡλια-

139 1521 173 1556 o
196 1522 243 1558 50
266 1511 347 1550 κῶν
382 1506 484 1564 πρὸς
517 1506 563 1549 τὸ
593 1514 726 1550 πεῖσαι
757 1506 854 1556 τοὺς
877 1507 1086 1557 Βοιωτοὺς
1106 1506 1313 1552 δύνασθαι
1335 1509 1459 1552 αὐτὸν
1483 1510 1724 1564 ἀντέχεσθαι

354 1638 387 1672 6.
415 1637 476 1673 καὶ
500 1637 667 1683 πολέμων
691 1640 899 1683 φαντασίας
920 1639 1026 1681 τινάς
1045 1638 1255 1685 θαυμάτων
1278 1639 1486 1686 ἐδείκνυεν]
1510 1641 1650 1683 „Forte
1672 1640 1723 1675 le-

355 1685 520 1728 gendum,
551 1685 611 1720 καὶ
643 1688 831 1730 πολεμῶν,
864 1688 1070 1731 φαντασίας
1101 1700 1132 1721 τ.
1165 1690 1207 1723 θ.
1238 1686 1265 1722 ἕ.
1300 1688 1475 1722 cedrenus
1506 1688 1632 1729 habet,
1662 1687 1724 1722 καὶ

355 1734 564 1775 φαντασίας
586 1731 692 1772 τινας
713 1735 936 1776 θαυμασίων
956 1733 1068 1778 ἔργων
1084 1733 1145 1768 καὶ
1161 1734 1328 1779 πολέμων
1347 1737 1447 1768 etc.“
1471 1733 1536 1766 Ch.
1595 1733 1628 1767 7.
1652 1745 1723 1768 πα·-

353 1775 536 1822 ρεχώρησε
559 1779 624 1823 τῆς
648 1779 850 1824 διοίκησις]
876 1780 985 1821 „Scr.
1010 1780 1237 1826 διοικήσεως.
1269 1780 1444 1814 Cedrenus
1469 1779 1583 1822 habet,
1608 1773 1637 1824 ᾧ
1661 1778 1724 1814 καὶ

354 1822 423 1866 τήν
447 1825 629 1869 διοίκησιν
652 1826 717 1870 τῆς
740 1827 923 1870 βασιλείας
946 1823 1097 1870 ὕστερον
1120 1824 1356 1872 παρεχώρησε
1380 1828 1450 1861 K.“
1476 1825 1540 1858 Ch.
1603 1827 1636 1861 8·
1661 1826 1722 1860 Al-

354 1870 478 1913 χίονος
502 1870 568 1904 Ox.
660 1873 693 1908 9.
719 1870 859 1908 Πένθει
885 1891 931 1897 --
955 1871 1139 1908 ἐπαινεῖτο
1161 1873 1229 1908 Ox.
1322 1873 1375 1908 11.
1401 1869 1633 1916 Κιθερώνιον
1654 1872 1721 1905 Ox.

264 1991 348 2033 trii3
391 1997 426 2025 et
457 1993 549 2038 quod
579 2006 622 2029 ex
653 1995 813 2031 Carmine
855 1997 956 2033 solari
984 1998 1124 2042 Magico
1155 1996 1325 2032 mirabilia
1358 1995 1523 2042 quaedam
1554 1994 1721 2030 efficeret.

267 2037 359 2078 Quin
383 2043 419 2072 et
441 2038 477 2073 in
501 2039 648 2074 Deorum
671 2053 842 2077 numerum
865 2044 1057 2078 retulerunt
1080 2055 1175 2086 eum,
1211 2055 1251 2077 eo
1275 2042 1386 2087 quod,
1411 2053 1454 2076 ex
1476 2041 1570 2083 Vites
1593 2046 1722 2076 morta·

265 2082 353 2117 libus
377 2083 568 2118 alimentum
591 2087 855 2131 suppeditasset:
881 2091 925 2123 de
949 2091 1042 2133 cujus
1065 2101 1147 2130 usu,
1170 2088 1258 2123 sicut
1281 2093 1318 2122 et
1340 2087 1384 2121 de
1406 2086 1648 2132 Agriculturae
1672 2086 1722 2120 le-

266 2128 390 2173 gibus,
432 2130 590 2164 nonnulla
625 2133 789 2177 exposuit.
837 2135 906 2168 Sed
941 2140 975 2168 et
1007 2134 1153 2179 mysticis
1184 2133 1286 2168 etiam
1315 2134 1416 2170 rebus
1444 2144 1580 2178 operam
1612 2131 1721 2173 dedit,

266 2174 414 2219 indeque
445 2176 500 2210 vir
530 2176 662 2220 sapiens
698 2183 733 2212 et
765 2179 1008 2223 mysteriorum
1042 2181 1170 2225 peritus
1205 2179 1335 2220 evasit,
1380 2183 1415 2212 et
1437 2177 1632 2223 imposturis
1654 2178 1722 2212 suis

266 2220 458 2254 mortalium
488 2221 687 2266 perstrinxit
710 2224 834 2258 oculos.
880 2225 1058 2259 Profectus
1081 2227 1180 2260 etiam
1203 2224 1336 2269 ingenti
1358 2236 1431 2258 cum
1455 2223 1627 2266 exercitu,
1659 2223 1722 2261 ad-

266 2276 383 2300 versus
413 2266 533 2301 Persas
564 2268 754 2312 Indosque,
786 2269 942 2314 plurimas
964 2271 1045 2305 item
1069 2271 1222 2316 regiones
1247 2270 1349 2311 alias,
1382 2269 1581 2304 admiranda
1616 2280 1721 2314 quae-

265 2311 343 2345 dam
365 2312 400 2345 in
424 2312 559 2356 praeliis
582 2314 736 2348 exhibuit
770 2314 1035 2360 praestigiarum
1059 2316 1253 2361 specimina.
1299 2315 1446 2350 Cadmus
1470 2321 1581 2349 autem
1605 2319 1720 2348 aetate

260 2357 333 2401 jam
358 2358 554 2402 provectior
586 2359 716 2401 factus,
755 2360 923 2394 Boeotiae
945 2373 1082 2405 regnum
1107 2362 1260 2396 Pentheo
1283 2361 1415 2406 Nepoti
1436 2373 1517 2402 suo,
1559 2358 1719 2394 Echionis

264 2402 355 2444 filio,
385 2403 543 2448 reliquit:
576 2405 663 2438 hunc
687 2405 774 2439 enim
797 2406 959 2450 primores
982 2407 1101 2450 regni,
1130 2407 1301 2452 omnisque
1324 2407 1409 2441 adeo
1432 2405 1575 2450 populus
1597 2415 1720 2449 magna

260 2447 362 2482 laude
394 2449 568 2494 prosecuti
590 2454 677 2484 sunt.
725 2450 868 2485 Cadmus
904 2456 1015 2485 autem
1038 2452 1111 2497 ipse
1135 2452 1287 2486 comitem
1318 2452 1383 2485 sibi
1407 2452 1592 2495 adjungens
1615 2450 1718 2484 Tire-

260 2493 362 2534 siam,
387 2506 450 2540 per
473 2500 603 2540 tempus
626 2496 780 2538 longum,
806 2497 849 2530 ad
875 2496 1113 2531 Cithaeronem
1136 2500 1300 2537 montem,
1322 2497 1357 2530 in
1379 2497 1581 2530 Boeotorum
1604 2496 1720 2539 regio-

260 2549 305 2572 ne
328 2540 432 2574 vitam
454 2541 642 2585 transegit,
683 2541 851 2586 Dionysus
883 2553 963 2576 vero
991 2543 1049 2575 ubi
1082 2542 1304 2576 intellexisset
1333 2542 1494 2576 Cadmum
1529 2552 1628 2574 avum
1647 2541 1718 2584 jam

261 2586 492 2628 consenuisse,
524 2586 682 2631 pervenit
703 2587 776 2632 ipse
799 2587 834 2620 in
856 2587 972 2621 urbem
996 2588 1190 2629 cadmiam,
1219 2599 1295 2620 cum
1318 2587 1492 2628 exercitu,
1518 2591 1552 2620 et
1575 2586 1718 2620 celebri-

261 2634 336 2664 tate
359 2643 500 2675 magna,
525 2633 687 2667 Boeotiae
706 2644 844 2677 regnum
867 2632 931 2667 sibi
955 2638 1150 2667 asserturus.
1199 2633 1368 2667 Pentheus
1386 2637 1497 2666 autem
1521 2643 1593 2665 cum
1617 2643 1718 2677 prae-

261 2674 380 2719 stigias
405 2681 622 2721 operantem,
658 2679 861 2723 armatisque
883 2678 1082 2712 instructum
1106 2679 1338 2719 observasset3
1374 2682 1409 2712 et
1432 2677 1522 2722 quod
1547 2688 1716 2712 convoca.-

262 2719 306 2753 tis
336 2721 393 2765 qui
415 2723 576 2767 sanguine
606 2723 656 2758 illi
683 2724 793 2768 juncti
816 2724 955 2758 fuerunt
985 2723 1156 2765 omnibus,
1192 2728 1354 2767 cognatas
1385 2723 1538 2757 docuerit
1560 2723 1716 2767 mysticos

262 2765 378 2799 modos
400 2767 552 2802 furorum
568 2769 748 2811 Solarium,
773 2781 856 2815 quas
878 2769 956 2804 ideo
980 2770 1137 2803 Bacchas
1157 2769 1359 2802 nominavit:
1382 2768 1535 2804 similiter
1554 2773 1590 2802 et
1605 2769 1716 2803 Boeo-

261 2811 305 2844 tis
341 2810 444 2846 etiam
475 2814 684 2858 precularum
720 2815 926 2862 quarundam
956 2814 1123 2850 Solarium
1154 2814 1366 2850 Initiationes
1399 2814 1602 2856 tradiderit3
1648 2824 1714 2859 quo
