1838 3230
386 145 986 201 CHRONOGRAPHIA.
1042 145 1093 189 L.
1121 143 1275 190 XVIII.
1454 149 1553 198 443

105 265 294 326 ἠκούσθη
311 268 380 311 καὶ
395 267 439 312 ἓν
456 273 548 318 ταῖς
568 264 710 316 ι’ίλλαις
727 261 889 318 πόλεσι,
926 267 993 307 καὶ
1012 268 1139 308 πᾶσαι
1166 269 1390 308 πενθοῦσαι
1419 262 1555 308 ἓλιτά-

55 328 58 334 ’
106 354 234 382 venor.
303 335 433 380 ἔπαθε
468 336 514 379 δὲ
541 337 605 378 καὶ
632 333 735 391 μέρη
770 338 852 376 τῶν
880 333 993 389 πέριξ
1026 338 1101 390 τῆς
1129 331 1307 383 πόλεως·
1344 338 1556 376 τελευτῶσι

108 406 155 450 δὲ
171 406 215 448 ἓν
232 404 342 464 αὗτῷ
362 408 422 463 τῷ
441 407 591 463 σεισμῷ
611 401 704 459 ἄχρι
731 406 877 456 ψυχῶν
902 403 1238 457 πεντακισχιλίων.
1311 402 1349 444 οἷ
1381 402 1424 444 δὲ
1442 419 1561 461 περι--Ἰ
1579 407 1608 441 V
1631 409 1674 443 61

109 473 311 524 σωθέντες
329 477 492 516 πολῖται
519 473 578 531 εἰς
601 470 676 520 τὰς
705 469 831 520 ι’ίλλας
848 467 1001 523 πόλεις,
1040 471 1205 528 φανεροὶ
1227 470 1272 513 δὲ
1300 471 1343 512 ἐν
1362 476 1447 519 τοῖς
1464 469 1556 526 ὄρε-

77 549 175 586 saw
213 540 356 600 ᾤκουν.
428 538 450 583 ὃ
490 540 535 583 δὲ
567 535 821 596 πατριάρχης
854 538 1093 596 Ἔφραῖμιυς
1122 537 1256 582 πάντα
1285 538 1338 581 τὰ
1367 536 1559 594 γενόμενα

108 606 279 665 ἀνήγαγε
300 611 360 666 τῷ
381 611 560 661 βασιλεῖ’·
595 609 662 650 καὶ
685 605 930 657 ἀκούσαντες
951 607 990 650 οἶ
1008 608 1048 650 ἐν
1071 611 1131 667 τῷ
1150 607 1359 666 Βυζαντίῳ
1380 606 1433 650 τὰ
1454 622 1559 663 συμ-

106 674 240 732 βάντα
274 674 498 719 ἓλιτάνευον
518 676 581 718 ἐπὶ
604 674 757 731 ἡμέρας
782 673 933 725 ἱκανάς.

204 744 271 788 Ἐν
291 745 336 787 δὲ
355 748 414 803 τῷ
435 744 547 802 αὐτῷ
565 742 701 802 χρόνῳ
734 743 881 798 συνέβη
914 748 1062 786 παθεῖν
1104 741 1185 787 ὕπὸ
1226 747 1393 797 σεισμοῦ
1434 745 1559 787 Aao-

108 811 258 856 δίκειαν
300 811 347 855 τὸ
377 817 539 869 πρῶτον
560 812 685 863 αὐτῆς
713 810 850 861 πάθος
865 825 873 835 ·
909 812 1139 867 κατηνέχθη
1164 813 1208 854 δὲ
1225 810 1304 854 ὕπὸ
1328 815 1402 854 τοῦ
1423 809 1558 869 φόβου

53 891 98 927 10
109 880 156 924 τό
185 879 310 936 ἥμισυ
340 885 415 935 τῆς
440 880 566 935 αὐτῆς
593 878 747 929 πόλεως
792 882 858 922 καὶ
890 879 933 922 αἴ
963 882 1191 936 συναγωγαὶ
1220 884 1302 922 τῶν
1336 880 1556 924 Ἰουδαίων.

106 947 319 992 ἀπώλοντο
349 949 394 991 δὲ
421 949 462 991 ἓν
488 948 599 1006 αὐτῷ
624 952 681 1006 τῷ
702 946 820 1005 φόβῳ
837 946 1015 1002 χιλιάδες
1043 946 1144 990 ἑπτὰ
1172 946 1321 1003 ἥμισυ,
1355 946 1554 1005 Ἑβραίων
1579 955 1611 989 O
1643 955 1707 990 177

106 1033 151 1060 τε
177 1021 338 1072 πλῆθος
379 1018 446 1059 καὶ
480 1020 724 1072 χριστιανῶν
763 1016 909 1071 ὀλίγοι·
947 1017 990 1058 αἱ
1025 1017 1070 1059 δὲ
1098 1017 1301 1071 ἐκκλησίαι
1330 1020 1402 1071 τῆς
1434 1016 1559 1071 αὐτῆς

107 1083 263 1135 πόλεως
283 1084 439 1138 ἔμειναν
459 1084 672 1142 ἄρῥαγεῖς,
708 1088 998 1140 περισωθεΐσαι
1022 1082 1100 1127 ὗπό
1134 1088 1251 1127 θεοῦ.
1322 1081 1343 1127 ὅ
1371 1086 1414 1127 δε
1434 1084 1558 1134 αὐτὸς

106 1152 298 1207 βασιλεὺς
327 1154 540 1210 ἐχαρίσατο
584 1159 670 1203 τοῖς
704 1155 980 1196 Λαοδικεῦσιν
1025 1154 1080 1202 εἷς
1108 1150 1279 1207 ε’κχόϊσιν
1309 1156 1383 1207 τῆς
1419 1153 1606 1200 αὐτῶν-Β

54 1232 98 1268 15
109 1219 263 1271 πόλεως
287 1219 524 1277 κεντηνάρια
548 1218 634 1264 δύο.

205 1289 272 1332 Ἐν
308 1288 420 1347 αὐτῷ
457 1290 502 1332 δὲ
533 1292 593 1346 τῷ
634 1285 770 1347 χρόνῳ
807 1285 1036 1343 μετεκλήθη
1066 1285 1287 1343 Ἀντιόχεια
1334 1286 1556 1339 Θεούπολις

107 1356 213 1400 κατὰ
247 1356 424 1400 κέλευσιν
449 1361 524 1400 τοῦ
553 1355 668 1413 ἇγίου
695 1357 866 1411 Συμεών
889 1361 962 1400 τοῦ
987 1360 1327 1413 θαυματουργοῦ.
1405 1356 1555 1413 εὑρέθη

106 1426 152 1468 δὲ
175 1427 242 1468 καὶ
263 1425 306 1467 ἓν
329 1429 380 1482 τῇ
401 1425 504 1483 αὐτῇ
518 1425 736 1484 Ἀντιοχείᾳ
754 1426 940 1482 χρησμὸς
961 1425 1328 1481 ἀναγεγραμμένος,
1365 1426 1555 1482 περιέχων

109 1491 262 1543 οὕτως·
298 1494 382 1538 Καὶ
405 1492 478 1546 σύ,
505 1491 679 1537 τάλαινα
697 1491 826 1546 πόλις,
855 1492 1064 1548 Ἀντιόχου
1084 1493 1132 1535 οὗ
1150 1491 1352 1550 κληθήσῃ.
1402 1492 1551 1548 ὁμοίως

51 1562 155 1604 md&
172 1563 238 1604 καὶ
257 1561 299 1604 ἓν
320 1568 405 1610 τοῖς
423 1563 606 1619 χαρτίοις
625 1559 773 1618 εὖρέθη
801 1566 884 1604 τῶν
913 1562 966 1604 τὰ
993 1561 1097 1603 ἄκτα
1118 1559 1358 1618 γραφόντων
1383 1566 1458 1617 τῆς
1481 1562 1558 1603 αὗ-

106 1633 181 1684 τῆς
210 1627 363 1678 πόλεως
405 1628 467 1672 ὅτι
506 1629 672 1686 ἔκραζον
717 1627 894 1684 κληδόνα
933 1631 1137 1679 διὸοῢντες
1183 1631 1238 1679 εἷς
1271 1629 1319 1672 τὸ
1355 1634 1558 1684 μετακλη-

107 1701 237 1752 θῆναι
257 1697 330 1752 τὴν
353 1696 479 1753 αὐτὴν
498 1695 626 1741 πόλιν.
698 1699 764 1739 καὶ
791 1697 994 1752 ἀνηνέχθη
1023 1701 1154 1740 ταῦτα
1182 1701 1241 1756 τῷ
1262 1697 1372 1756 αὐτῷ
1400 1702 1564 1751 βασιλεῖ’

195 1819 230 1853 9.
252 1815 458 1862 κατηνέχθη
482 1816 566 1859 Ch.,
588 1816 786 1863 κατηνέχθε
808 1818 876 1852 Ox.
970 1814 1026 1852 14.
1049 1813 1228 1862 ἕκχόϊσιν]
1252 1817 1295 1851 V.
1319 1816 1363 1851 ad
1386 1828 1421 1862 p.
1444 1818 1500 1853 58.
1512 1817 1554 1851 B.

200 1864 258 1899 17.
279 1861 567 1908 θαυματουργου
592 1864 658 1898 Ox.

108 1968 335 2015 Ecclesiisque
355 1969 529 2006 nonnullis,
587 1970 694 2014 Hujus
716 1980 798 2004 vero
822 1967 927 2003 cladis
949 1968 1038 2003 fama
1059 1979 1122 2013 per
1144 1968 1244 2002 urbes
1267 1980 1339 2003 sese
1361 1972 1555 2014 spargente,

108 2013 264 2060 lugentes
285 2027 396 2050 omnes
416 2016 545 2050 litaniis
566 2015 674 2050 Deum
696 2015 940 2061 propitiabant.
985 2014 1140 2048 Divinam
1162 2014 1264 2049 etiam
1287 2014 1369 2049 iram
1393 2021 1555 2060 expertae

102 2062 186 2096 ‘sunt
210 2066 322 2106 partes
345 2062 460 2095 urbem
484 2061 777 2106 circumjacentes:
808 2060 981 2106 perierunt
1002 2071 1084 2094 vero
1119 2061 1162 2094 ab
1185 2060 1316 2094 excidio
1341 2061 1405 2094 hoc
1428 2059 1554 2094 auima-

107 2117 180 2141 rum
202 2118 237 2142 v.
262 2106 372 2141 Millia
391 2107 632 2153 recipientibus
655 2119 746 2148 sese,
783 2106 841 2152 qui
863 2112 1079 2151 supererant,
1115 2105 1150 2139 in
1173 2105 1256 2139 alias
1279 2106 1397 2139 urbes:
1435 2106 1494 2140 sed
1518 2110 1555 2140 et

132 2152 242 2187 lut-imi
271 2152 372 2187 etiam
394 2158 521 2187 montes
551 2152 776 2187 incoluerunt.
827 2152 927 2192 Quae
949 2151 1082 2197 quidem
1112 2151 1241 2193 omnia,
1279 2153 1322 2185 ab
1347 2151 1553 2196 Ephraemio

137 2197 309 2232 atriarcha
332 2198 533 2244 Imperatori
556 2199 726 2240 nunciata,
759 2197 940 2241 Byzantini
962 2197 1204 2243 quamprimum
1228 2196 1449 2243 accepissent,
1472 2208 1554 2242 sup-

106 2242 305 2290 plicationes
325 2243 402 2279 Deo
425 2244 545 2279 multos
567 2256 630 2290 per
657 2243 729 2278 dies
749 2243 946 2277 fundebant.

196 2300 352 2346 Contigit
371 2305 483 2336 autem
505 2301 622 2335 eodem
644 2304 795 2345 tempore
810 2299 1030 2334 Laodicaeam
1054 2299 1156 2334 etiam
1178 2302 1294 2334 terrae
1316 2297 1460 2333 motibus
1484 2301 1553 2332 tum

109 2343 248 2391 primum
269 2345 457 2392 trepidare,
481 2346 619 2381 dimidia
636 2347 728 2380 urbis
746 2349 845 2390 parte
867 2345 1069 2386 collabente,
1092 2356 1160 2379 una
1171 2356 1243 2378 cum
1254 2343 1454 2377 Judaeorum
1478 2355 1557 2387 syn-

109 2389 236 2436 agogis.
287 2391 327 2426 In
359 2392 423 2426 hac
449 2392 546 2427 clade
579 2391 757 2437 perierunt
779 2401 841 2425 vn.
866 2390 1062 2426 Mortalium
1093 2390 1197 2424 millia
1221 2401 1292 2423 cum
1316 2388 1467 2423 semisse:
1506 2389 1559 2422 in·-

107 2439 163 2470 ter
183 2446 266 2480 quos
287 2437 521 2472 Hebraeorum
545 2436 699 2483 plurimi,
732 2435 994 2471 Christianorum
1017 2447 1153 2481 quoque
1176 2434 1324 2469 nonnulli
1344 2433 1558 2468 interierunt.

109 2479 375 2518 Christianorum
397 2495 480 2518 vero
508 2483 693 2524 Ecclesiae,
718 2488 802 2516 nutu
825 2481 971 2524 Divino,
1005 2481 1221 2516 inconcussae
1244 2483 1421 2514 steterunt.
1469 2479 1559 2513 Cae-

108 2530 217 2560 terum
237 2526 426 2573 Imperator
447 2529 690 2570 Laodicenses,
724 2527 759 2563 in
783 2529 898 2562 urbem
923 2539 944 2562 a
973 2526 1149 2562 ruderibus
1172 2524 1441 2571 repurgandum,
1477 2536 1557 2560 ceu-

109 2570 246 2606 tenariis
267 2572 394 2609 duobus
416 2574 567 2612 donavit.

198 2627 320 2663 Iisdem
344 2630 548 2675 temporibus
573 2629 771 2672 Antiochia,
794 2633 926 2664 mutato
950 2629 1104 2670 nomine,
1131 2625 1319 2672 Theopolis
1341 2628 1462 2661 vocata
1485 2630 1555 2667 est3

109 2672 302 2718 imponente
324 2675 389 2709 hoc
410 2677 518 2711 eidem
540 2677 576 2711 S.
600 2677 768 2722 symeone
790 2677 1067 2719 Thaumaturgo:
1106 2684 1225 2718 nempe
1248 2673 1292 2706 ob
1314 2677 1485 2717 repertum
1507 2672 1556 2711 ibi

109 2719 304 2760 Graculum,
327 2720 417 2764 quod
436 2721 484 2756 sic
506 2734 542 2756 se
565 2723 695 2756 habuit.
741 2746 766 2763 ,‚
775 2721 865 2764 Erit,
888 2732 960 2754 cum
980 2724 1015 2753 tu
1040 2718 1178 2753 infoelix
1203 2718 1292 2759 urbs,
1317 2717 1472 2752 Antiochi
1489 2730 1555 2753 non

109 2764 323 2798 vocaberis.“
368 2765 420 2800 Ad
442 2778 562 2802 novum
585 2779 665 2802 vero
689 2779 826 2809 nomen,
868 2765 943 2800 urbi
966 2764 1128 2805 inditum,
1165 2763 1390 2798 acclamarunt
1410 2763 1553 2806 incolae,

109 2810 195 2845 bene
226 2809 334 2845 eidem
357 2811 556 2847 ominantes:
594 2813 644 2848 uti
668 2813 837 2860 proditum
870 2816 922 2846 est
945 2811 988 2845 ab
1010 2810 1072 2852 iis,
1107 2807 1165 2855 qui
1188 2809 1272 2844 Acta
1294 2808 1435 2844 Publica
1458 2810 1554 2854 hujus
