1838 3230
269 177 367 228 368
666 175 962 221 IOANNIS
990 178 1326 248 MALALAE

363 294 450 339 Ἐπὶ
482 297 526 339 δὲ
559 300 630 352 τῆς
653 295 780 339 αὐτοῦ
801 298 1009 350 βασιλείας
1026 295 1285 353 ἇνεδόθησαν
1306 299 1349 341 αἱ
1364 299 1571 343 δέσποιναι
1589 300 1724 345 Εὔδο-

141 353 180 433 (5³⁷
198 350 246 435 ἐξ
270 364 335 415 ξιά
358 367 423 407 καὶ
452 367 657 408 Πλακιδιά
666 397 680 417 ‚
714 367 779 407 καὶ
800 360 932 419 ἦλθον
954 366 995 407 ἓν
1011 366 1458 410 Κωνσταντινουπόλει·
1495 370 1561 411 καὶ
1582 368 1725 422 ἔλαβεν

265 431 481 488 Ὀλύβριος
509 433 581 487 τὴν
609 440 777 488 γυναῖκα
809 433 935 476 αὐτοῦ
964 436 1218 477 mmmm·
1254 437 1320 477 καὶ
1353 435 1480 479 ἔτεκεν
1502 435 1726 480 Ἰουλιάναν

260 502 324 551 εἷς
343 501 389 544 τὸ
408 499 643 553 Βυζάντιον.

369 600 416 644 Ὁ
439 602 483 643 δὲ
505 600 630 651 αὐτὸς
645 602 836 656 βασιλεὺς
852 604 917 645 καὶ
935 601 1182 661 Χρυσάφιον
1204 605 1274 648 τὸν
1293 605 1520 660 Ζτουμμᾶν
1540 605 1612 649 τὸν
1629 617 1758 653 κου-5

270 667 529 725 βικουλιὶριον
552 669 817 724 ἄπεκεφάλισε
838 673 903 712 καὶ
929 670 1136 725 ἐδήμευσε,
1162 673 1496 730 τὸνφιλούμενον
1519 674 1632 730 παρὰ
1653 677 1729 716 τοῦ

272 738 351 794 πρὸ
373 737 499 780 αὐτοῦ
516 738 738 791 βασιλέως,
776 737 831 788 ὥς
848 739 1022 790 πολλοὺς
1039 739 1318 796 ἕπηρεάσαντα
1338 744 1404 784 καὶ
1422 740 1730 797 προσελθόντας

273 805 359 849 κατ’
383 805 508 848 αὐτοῦ
529 808 594 848 καὶ
616 804 671 856 ὥς
688 805 922 863 προστάτην
943 809 1008 850 καὶ
1028 806 1223 865 πάτρωνα
1243 814 1324 852 τῶν
1345 812 1582 868 ῙῙρασίνων.
1713 810 1715 813 ’

223 919 254 955 Β
375 905 423 950 Ὁ
450 908 494 950 δὲ
528 906 652 957 αὐτὸς
674 908 920 963 ΙΙΊαρκιανός
937 907 1059 952 ἔδωκε
1081 909 1154 964 τὴν
1177 910 1386 967 θυγατέρα
1406 910 1534 954 αὐτοῦ
1555 910 1630 967 τὴν
1650 909 1730 954 ἀπὸ

273 976 475 1033 προτέρας
502 980 679 1031 γαμετῆς
701 976 922 1034 Ἀνθιμίῳ·
959 979 1024 1019 καὶ
1056 978 1239 1032 ἐποίησεν
1268 979 1392 1022 αὐτὸν
1417 979 1590 1034 βασιλέα
1616 980 1659 1022 ἐν
1679 983 1730 1036 τῇ
1743 994 1788 1027 10

271 1042 406 1100 Ῥώμῃ
419 1058 428 1068 ·
465 1045 507 1094 ἐξ
525 1038 574 1099 ἧς
593 1043 681 1099 ἴσχε
699 1035 909 1102 θυγατέρα
922 1044 1131 1101 Ἀνθίμιος
1148 1045 1196 1102 ἢν
1213 1046 1376 1098 ἐξέδωκε
1394 1051 1453 1107 τῷ
1472 1045 1733 1105 στρατηλάτῃ

271 1110 462 1168 Ῥεκίμερ.

376 1210 424 1255 Ὁ
448 1213 492 1255 δὲ
514 1212 636 1264 αὐτὸς
653 1214 898 1271 Μαρκιανὸς
918 1214 1048 1271 ἔχαιρε
1079 1221 1137 1275 τῷ
1159 1217 1316 1276 Βενέτῳ
1341 1216 1452 1274 μέρει
1472 1216 1577 1261 κατὰ
1597 1212 1732 1259 πόλιν·

278 1280 390 1331 ὅστις
408 1283 473 1323 καὶ
494 1279 675 1332 διάταξιν
695 1283 821 1326 αὐτοῦ
841 1286 960 1326 θείαν
980 1283 1218 1341 ἕξεφιῦνησε,
1242 1290 1423 1342 ταραχῆς
1434 1286 1646 1341 γενομένης
1655 1301 1736 1326 ποι-
1771 1291 1773 1293 ’

280 1349 334 1406 ρὰ
363 1353 445 1392 τῶν
474 1353 547 1390 τοῦ
577 1352 790 1406 Πρασίνου
811 1351 982 1407 μέρους,
1017 1352 1074 1407 μὴ
1096 1352 1380 1397 πολιτεύεσθαι
1396 1355 1634 1410 Πρασίνους
1652 1351 1736 1394 ε’κέ-
1749 1367 1792 1403 15

279 1420 394 1460 λευσε
420 1414 521 1471 μήτε
553 1418 852 1475 στρατεύεσθαι
882 1421 943 1461 ἐπὶ
973 1420 1041 1475 ἔτη
1070 1423 1174 1477 τρία.
1246 1423 1314 1463 καὶ
1344 1421 1549 1477 ὀργισθεὶς
1572 1421 1641 1462 διὰ
1664 1419 1737 1473 τὴν

279 1484 464 1540 ταραχὴν
491 1484 679 1543 ἔστύφθη
700 1487 795 1537 τοὺς
815 1486 945 1537 πόδας
964 1488 1115 1530 αὐτοῦ·
1153 1490 1219 1531 καὶ
1247 1491 1289 1540 ἐξ
1316 1489 1442 1531 αὐτοῦ
1469 1485 1739 1546 ἀρρωστήσας

154 1558 188 1594 O
212 1559 257 1595 75
281 1555 344 1596 ἐπὶ
366 1557 499 1608 μῆνας
519 1552 634 1597 πέντε
655 1557 721 1597 καὶ
743 1557 883 1604 σαπεὶς
904 1554 1086 1598 ἐτελεύτα
1094 1589 1108 1608 ,
1148 1556 1203 1599 ὢν
1236 1558 1429 1599 ἐνιαυτῶν
1460 1555 1525 1607 ξέ.
1594 1558 1739 1599 Πουλ-

276 1623 394 1680 χεριά
418 1618 501 1676 δέἦ
521 1620 712 1666 δέσποινα
734 1621 916 1666 ἐτελεύτα
933 1624 1011 1681 πρὸ
1032 1624 1158 1667 αὐτοῦ
1180 1624 1257 1682 πρὸ
1279 1626 1469 1668 ἐνιαυτῶν
1488 1621 1576 1667 δύο.

378 1781 410 1816 1.
434 1775 690 1823 ἄνεὸόθησαν]
715 1773 967 1834 α’νεδόθη,0·κ.
1058 1777 1091 1812 3.
1112 1774 1317 1815 Ἰουλιοὶναυ
1339 1779 1426 1821 ch„
1444 1774 1648 1815 Ἰουλιανόν
1671 1778 1740 1812 Ox.

377 1825 478 1859 Conf.
504 1837 536 1871 p.
560 1823 617 1858 41.
642 1824 683 1858 Β.
775 1823 810 1860 8.
836 1824 1035 1870 πατρωνα]
1058 1822 1226 1870 πάτρονα
1250 1826 1319 1860 Ox.
1413 1826 1468 1862 15.
1493 1823 1652 1862 ἐκέλευσε
1675 1835 1740 1859 om.

378 1872 502 1906 Chron.
527 1883 562 1918 p.
586 1871 666 1907 320.
690 1869 732 1903 C.

379 2006 539 2050 Ejusdem
562 2007 622 2040 sub
645 2005 785 2051 imperio
809 2005 966 2042 Eudoxia
989 2010 1025 2042 et
1046 2007 1202 2043 Placidia
1226 2007 1417 2053 Augustae,
1445 2007 1490 2042 ad
1521 2018 1594 2042 suos
1626 2004 1742 2040 remis-

291 2063 358 2091 sae,
383 2051 705 2097 Constantinopolim
727 2052 921 2094 redierunt3
954 2065 1113 2098 suamque
1135 2066 1249 2088 rursus
1273 2065 1408 2088 uxorem
1432 2052 1494 2087 sibi
1516 2052 1639 2087 habuit
1661 2051 1744 2085 Pla-

292 2097 414 2132 cidiam
436 2097 614 2142 Olybrius:
640 2109 681 2131 ex
704 2109 771 2143 qua
792 2097 958 2133 sulianum
982 2098 1274 2145 Constantinopoli
1296 2098 1451 2144 suscepit.

383 2175 477 2210 Idem
506 2175 692 2220 Imperator
724 2175 970 2221 chrysaphium
1004 2176 1266 2217 cubicularium,
1318 2175 1514 2220 cognomine
1547 2175 1745 2215 Ztummam,

293 2233 391 2267 quem
422 2221 634 2255 Theodosius
664 2222 851 2265 Imperator
881 2222 966 2256 adeo
991 2224 1129 2256 charum
1159 2223 1223 2256 sibi
1254 2222 1390 2263 habuit,
1433 2221 1546 2266 capite
1577 2220 1745 2261 multavit,

292 2267 390 2301 bonis
414 2267 484 2310 ejus
506 2266 704 2311 publicatis:
743 2270 781 2299 ut
805 2267 862 2310 qui
887 2279 908 2301 a
930 2268 1058 2309 mustis,
1083 2269 1126 2302 ab
1150 2279 1189 2302 eo
1213 2267 1331 2308 laesis,
1356 2271 1530 2301 accusatus
1551 2265 1688 2307 fuisset,
1710 2268 1747 2299 et

293 2312 467 2347 Factionis
491 2312 591 2346 etiam
614 2310 773 2345 Prasinae
796 2316 911 2356 partes
935 2318 971 2347 et
992 2313 1221 2359 patrocinium
1244 2312 1452 2358 suscepisset.

387 2390 497 2425 Porro
522 2393 631 2424 autem
654 2388 849 2423 Marcianus
871 2389 986 2431 filiam,
1010 2403 1052 2425 ex
1076 2391 1191 2436 priore
1214 2402 1320 2425 uxore
1341 2390 1404 2425 sibi
1426 2392 1552 2430 natum,
1576 2387 1746 2424 Anthimio

296 2436 333 2470 in
356 2448 493 2470 uxorem
525 2435 640 2476 dedit3
673 2434 800 2468 tradito
825 2434 923 2468 etiam
948 2437 979 2469 ei
1002 2436 1152 2470 Romano
1177 2435 1332 2481 Imperio.
1390 2436 1444 2470 Ex
1469 2436 1531 2468 hac
1554 2435 1747 2469 Anthemius

298 2494 434 2527 quoque
455 2481 558 2515 filiam
581 2479 710 2522 habuit,
737 2491 837 2525 quam
860 2480 1052 2524 Recimero,
1077 2482 1214 2515 militum
1237 2481 1398 2525 magistro
1422 2481 1560 2515 locavit.

389 2559 583 2594 Marcianus
615 2561 745 2599 autem,
779 2557 904 2602 ubique
934 2568 996 2601 per
1025 2558 1222 2603 Imperium,
1258 2558 1428 2593 Factionis
1452 2559 1604 2593 Venetae
1633 2560 1748 2604 partes

299 2604 388 2650 egit:
426 2605 544 2648 itaque
567 2604 689 2646 etiam,
713 2615 785 2638 cum
808 2615 828 2637 a
853 2603 998 2637 Prasinis
1020 2605 1179 2638 tumultus
1203 2604 1366 2638 excitatus
1388 2606 1521 2646 fuerat,
1542 2604 1667 2638 Edicto
1690 2613 1748 2641 suo

300 2650 524 2695 Imperatorio
548 2650 656 2691 cavit,
696 2662 740 2684 ne
763 2649 834 2694 quis
868 2660 910 2682 ex
935 2648 1097 2682 Factione
1120 2649 1260 2683 Prasino.
1281 2649 1508 2694 Magistrum,
1545 2650 1602 2684 vel
1624 2647 1750 2683 Militia

302 2696 393 2730 intra
413 2695 590 2729 triennium
621 2697 828 2740 fungeretur.
878 2694 933 2727 Ob
957 2694 1136 2727 excitatum
1167 2706 1247 2729 vero
1270 2697 1442 2729 tumultum
1465 2695 1539 2740 pius
1566 2696 1656 2739 justo
1678 2694 1749 2727 ira-

304 2746 378 2782 tus,
402 2741 500 2775 solita
523 2741 602 2775 inde
626 2743 746 2786 pedum
768 2738 965 2774 infirmitate
988 2743 1163 2783 correptus
1187 2746 1257 2774 est:
1292 2753 1332 2774 ex
1357 2753 1422 2785 qua
1445 2752 1518 2774 cum
1540 2751 1604 2786 per
1624 2749 1748 2774 menses

304 2797 329 2820 v
351 2785 580 2827 decubuisset,
603 2786 783 2830 putredine
806 2786 932 2820 demum
957 2788 1146 2826 contracta,
1173 2785 1260 2819 diem
1283 2797 1374 2820 suum
1398 2786 1504 2828 obiit,
1526 2795 1628 2820 annos
1650 2789 1748 2818 natus

296 2840 393 2875 ‘va3
416 2831 544 2867 duobus
566 2836 642 2877 post
664 2831 777 2874 annis,
800 2841 897 2877 quam
919 2829 1097 2865 Pulcheria
1118 2831 1270 2877 Augusta
1292 2843 1313 2866 e
1334 2831 1419 2867 vivis
1441 2834 1640 2867 excesserat·
