1838 3230
601 134 1077 181 ANNOTATIONES.
1467 138 1565 188 583

119 254 192 293 stri
202 250 423 293 Triennale.
482 250 735 289 nivernorum
754 250 868 288 etiam
888 251 928 289 in
946 250 1135 290 honorem
1153 250 1370 290 celebratae
1390 258 1480 289 sunt
1493 251 1567 290 hae

119 309 405 350 solennitatem<
434 306 504 346 illa
524 306 660 356 Maiae,
683 305 723 344 -N
726 307 821 344 ostri
840 320 949 355 vero,
976 306 1125 346 Bacchi
1142 314 1181 347 et
1196 308 1355 346 Veneris
1375 307 1417 345 in
1436 307 1567 346 hono-

118 378 219 406 rem.
272 364 405 404 Mense
425 363 543 403 etiam
564 361 698 402 eodem
716 362 816 400 -licet
831 362 999 413 agitatae
1024 363 1187 414 suerint,
1216 363 1326 404 Suid.
1347 366 1568 416 Μαιουμοῖς

117 417 339 475 πανήγυρις
353 418 504 474 ἐγένετο
520 418 564 459 ἐν
583 420 636 474 τῇ
655 414 791 474 Ρώμῃ,
814 416 915 459 κατα
935 417 1006 459 τὸν
1026 415 1171 460 Μᾶϊον
1187 422 1307 472 μῆνα.
1326 419 1495 458 Maiuma
1509 426 1568 456 ta-

117 491 220 526 men,
249 476 299 516 de
319 489 399 528 quo
417 476 484 514 ille
504 475 693 527 loquitur,
726 475 863 512 Diuma
886 475 1118 526 celebratio,
1147 489 1269 527 eaque
1287 475 1380 513 Maii
1402 475 1567 513 Kalend.

117 531 374 582 celebranda,
400 532 523 571 fuisse
549 530 726 570 videtur:
769 531 905 570 Nostri
924 544 1019 570 vero
1041 538 1230 570 nocturna
1251 537 1352 582 erat,
1382 537 1422 569 et
1441 529 1568 582 πανή-

116 605 229 645 γυρις
254 590 334 630 τῶν
350 583 396 628 λ’;
424 586 586 640 ἡμερῶν
606 588 788 640 τερπνῶν
816 589 1084 640 παννυχίδων,
1112 601 1185 640 per
1210 593 1311 628 totas
1328 600 1416 626 xxx
1434 593 1567 627 noctes

117 647 324 685 continuas
342 643 538 694 agitanda.

227 700 327 754 Peg.
356 701 451 743 285.
482 702 520 742 8.
555 697 786 752 Τριετηρικοέ
807 702 1046 752 Βακχετειχῶ
1063 696 1202 752 σ’ργίαν
1219 694 1455 753 ὄκτουρνους
1470 697 1568 748 uotis·

118 758 279 812 βωσκαν
303 759 475 808 „lucanae
502 757 738 808 κιθαιρων.]
781 757 910 794 Locus
937 758 1010 794 iste
1026 755 1200 805 Virgilii,
1230 755 1278 794 ab
1295 755 1485 808 imperitis
1504 757 1566 794 Li-

116 813 260 866 brariis
289 813 514 862 Graeculis,
559 811 610 849 ob
641 811 814 861 Linguae
843 813 1001 851 Latinae
1033 817 1077 850 ut
1108 811 1268 850 videtur
1297 811 1568 861 ignorantiam,

116 869 285 923 pes-ime
309 867 491 917 habitus,
521 867 569 906 ab
601 868 776 906 Auctore
801 874 938 908 nostro
957 867 1037 906 hoc
1059 867 1178 907 modo
1210 868 1374 907 fortasse
1407 868 1567 908 Graecis

118 923 412 966 characteribus
435 924 556 963 suerit
578 935 800 975 expressus.

333 1003 386 1010 -
499 1001 555 1009 -
665 1001 722 1009 -
833 1002 888 1010 --
1007 976 1235 1034 Τριετηρικοέ
1260 981 1401 1032 Βακχῳ

337 1039 474 1089 Οργια,
503 1032 773 1088 νυκτουρνοῦς
791 1051 836 1076 κε
856 1032 981 1089 βοκοὲτ
999 1038 1182 1089 κλαμῶρε
1202 1032 1427 1088 Κιθαιρών.

119 1094 230 1143 Quae
249 1092 359 1147 apud
376 1092 584 1144 Virgilium
602 1092 657 1131 ita
676 1093 873 1144 leguntur,
901 1092 1061 1131 Aeneid.
1082 1091 1150 1129 lib.
1172 1091 1211 1132 4.

939 1148 1148 1187 Triererica
1174 1145 1338 1185 Baccho

337 1203 486 1257 Orgia3
514 1203 812 1258 Nectar-tuusque
828 1213 943 1243 vocat
972 1201 1142 1241 clamore
1171 1199 1387 1241 Cithaeron.

235 1262 326 1314 Peg·
354 1261 449 1304 285.
481 1264 544 1302 14.
575 1259 648 1308 ἕως
666 1263 739 1312 τῆς
755 1257 1016 1313 ἄποσφαγῆς]
1048 1254 1265 1310 οἷποσφαγή
1285 1256 1469 1295 hocloco
1491 1270 1570 1295 non

118 1330 236 1357 sensu
256 1317 441 1356 vocabuli
461 1316 644 1368 proprio,
674 1317 743 1355 sed
763 1316 900 1354 eodem
924 1329 1002 1366 quo
1042 1311 1262 1369 οἷπόκρεως,
1306 1313 1489 1364 usurpari
1510 1313 1569 1351 vi-

119 1375 254 1421 detur3
291 1386 432 1424 nempe
450 1386 524 1424 pro
545 1379 743 1423 tempore,
773 1385 852 1423 quo
871 1386 892 1410 a
912 1372 1149 1410 mactatione
1173 1369 1401 1411 abstinetur.

227 1430 330 1482 Pag·
359 1429 454 1471 285.
489 1431 554 1471 17.
600 1424 824 1480 ω’νομοῖσθη
854 1423 1079 1481 Συριάρχης
1103 1429 1260 1478 πρῶτος
1291 1421 1566 1478 Αρταβοὲνιος]

117 1484 245 1538 Hujus
260 1490 402 1523 munus
420 1490 517 1533 erat,
548 1484 697 1537 populo
715 1484 848 1522 Ludos
865 1483 1090 1522 Theatrales
1109 1484 1236 1531 edere,
1259 1494 1398 1533 nempe
1414 1480 1568 1531 Syriar-

120 1540 206 1590 cha,
234 1539 467 1580 Antiochiae
486 1540 641 1592 Syriae:
674 1546 720 1578 ut
746 1541 861 1578 etiam
877 1536 1073 1591 Ασιᾶρχαι
1093 1539 1187 1577 dicti
1204 1543 1307 1586 sunt,
1338 1537 1406 1587 qui
1429 1535 1567 1574 eodem

118 1609 278 1636 munere
290 1595 446 1648 Ephesi,
475 1595 588 1634 Asiae
607 1596 731 1644 urbis,
760 1596 1044 1646 fungebantur:
1077 1607 1244 1645 quorum
1261 1593 1406 1631 mentio
1429 1604 1568 1630 occur-

118 1653 192 1701 rit,
223 1652 362 1692 Actor.
384 1665 469 1702 cap.
490 1654 554 1692 19.
579 1655 646 1693 31.
703 1651 819 1690 Asiae
841 1654 956 1689 etiam
976 1651 1219 1700 Praefectus,
1248 1644 1450 1700 Ασιοῖρχης
1470 1647 1565 1685 olim

118 1708 250 1746 dictus
271 1714 353 1758 est,
368 1707 427 1745 uti
445 1712 613 1745 testatur
623 1707 864 1746 Constantin.
888 1705 1135 1758 Porphyrog.
1171 1706 1226 1743 De
1245 1703 1420 1743 Themat.
1441 1703 1509 1743 lib.
1533 1707 1567 1743 1.

120 1765 206 1816 cap.
227 1766 267 1806 3.
313 1761 363 1803 Τὸ
380 1761 424 1803 δὲ
442 1765 519 1803 νῦν
540 1759 787 1814 καλούμενον
815 1765 896 1802 τῶν
918 1763 1155 1816 Θρακησίων
1185 1759 1310 1812 θέμα,
1341 1755 1464 1799 πάλαι.
1484 1756 1569 1810 μὲν,

118 1820 187 1860 καὶ
203 1815 294 1860 κατ’
314 1815 456 1872 ἀρχὰς,
480 1819 588 1858 ἼΑσία
609 1816 728 1870 μικροὶ
749 1815 968 1871 ὠνομάζετο
982 1831 990 1840 ”
1019 1817 1088 1858 καὶ
1110 1817 1135 1859 o‘
1154 1814 1298 1868 ταύτης
1319 1817 1476 1868 κρατῶν
1496 1811 1568 1854 ἆν-

118 1871 315 1924 sazawa,
340 1871 542 1927 Ασιᾶρχης
565 1873 723 1928 ἐλέγετο.

234 1934 330 1983 Pag-
360 1933 454 1973 286.
485 1933 522 1972 9.
569 1925 773 1982 ἠγόρασαν
799 1928 842 1970 δὲ
865 1928 913 1970 τοὶ
945 1926 1046 1969 αὐτοὶ
1081 1925 1287 1979 Ολύμπια]
1326 1925 1567 1964 Facultatem

118 1987 220 2026 hanc
236 1987 464 2038 Olympicus
485 1985 615 2023 Ludos
644 2000 664 2023 a
686 1986 826 2024 Pisaeis
847 1985 1060 2024 redimendi
1085 1999 1106 2022 a
1129 1984 1292 2022 Claudio
1311 1982 1408 2033 Imp.
1428 1979 1574 2018 Antio·-

119 2043 328 2084 chensibus
347 2055 571 2080 concessam
591 2042 754 2091 legimus
773 2055 890 2093 supra
909 2044 979 2082 lib.
1008 2045 1070 2083 10.
1088 2041 1128 2078 in
1152 2039 1330 2078 Claudio.

234 2102 329 2152 Pag.
362 2102 456 2141 286.
490 2101 554 2140 12.
601 2097 841 2148 Λλιτᾶρχης]
871 2097 979 2135 Infra
1015 2096 1219 2143 scribitur,
1248 2095 1290 2133 in
1314 2093 1565 2138 Diocletiano,

121 2152 363 2206 Αλυτᾶρχης,
393 2153 549 2199 rectius.
606 2154 675 2191 Est
693 2160 820 2191 autem
841 2153 1039 2191 Alitarcha
1056 2154 1095 2190 in
1117 2151 1237 2190 Ludis
1257 2148 1474 2200 Olympicis
1493 2146 1569 2184 De-

120 2213 206 2251 cor-i
225 2209 480 2260 Moderator3
509 2209 570 2247 uti
596 2223 646 2247 ex
665 2208 888 2247 Phavorino
921 2209 1121 2247 discimus.
1179 2203 1428 2256 Αλυτάρχης,
1459 2200 1481 2243 ὅ
1499 2204 1569 2252 τῆς

121 2267 167 2308 ἐν
187 2269 243 2321 τῷ
266 2268 508 2319 Ολυμπιακῷ
522 2262 647 2318 ἀγῶνι
667 2261 879 2316 εὐκοσμίας
896 2262 1038 2318 ἅρχων.
1095 2264 1156 2301 lta
1175 2262 1290 2300 etiam
1308 2257 1569 2310 Etymologici

123 2322 252 2372 magni
273 2322 443 2372 Auctor3
474 2322 541 2372 qui
563 2327 764 2373 praeterea
788 2321 908 2368 addit,
925 2316 1159 2372 Αλυτάρχην
1177 2329 1329 2364 sonare,
1358 2314 1570 2352 Lictorum

127 2378 368 2431 Principem:
404 2375 554 2417 Αλύται.
580 2377 680 2416 enim
708 2377 834 2425 Eleis,
866 2376 1065 2424 Lictores,
1094 2374 1290 2412 dicuntur.
1352 2372 1489 2409 Ηλεῖοι
1514 2366 1569 2416 δὲ,

122 2431 218 2480 τούς
243 2430 538 2486 ῥαβδοφόρους,
568 2429 597 2484 ἢ
629 2427 965 2485 μαστιγοφόρους,
996 2427 1104 2483 παροὶ
1130 2433 1213 2476 τοῖς
1230 2425 1360 2473 ἄλλοις
1379 2422 1569 2474 καλουμέ-

123 2504 231 2537 νους,
260 2486 405 2537 ἆλύτας
423 2491 609 2529 καλοῦσι·
641 2487 709 2528 καὶ
726 2485 794 2528 τόν
815 2483 968 2528 τούτων
994 2484 1175 2539 ἄρχοντα,
1205 2477 1448 2534 Αλυτᾶρχην.
1476 2479 1570 2530 Ety-

124 2546 264 2596 molog.
286 2546 386 2595 Mag.
406 2545 446 2583 in
467 2540 708 2596 Αλυτᾶρχης.

239 2599 337 2652 Pag·
366 2605 463 2644 286.
494 2604 556 2643 16.
603 2596 688 2640 ἀλλ’
720 2599 775 2647 εἰς
798 2594 960 2648 ἔξαερον
980 2592 1218 2646 καθεύδων]
1250 2588 1432 2644 Εξὰερον
1459 2589 1570 2638 dicit,

128 2656 236 2707 quod
258 2657 368 2694 aliter
387 2653 592 2709 ὕπαιθρον
612 2657 738 2694 Locus
759 2655 968 2703 subdialia,
997 2655 1080 2691 sive
1102 2652 1180 2690 aeri
1202 2649 1418 2701 expositus.

237 2711 334 2764 1²05·
365 2715 461 2755 286.
494 2715 557 2754 18.
602 2709 743 2763 στολήν
772 2708 987 2763 διάχρυσον
1005 2707 1182 2760 ἅσπρην]
1221 2706 1326 2744 sorte
1353 2702 1571 2753 legendum,

127 2766 268 2821 στολήν
294 2765 522 2822 ὁλοσηρικόν
549 2765 725 2821 ἅσπρονς
756 2781 872 2819 quem
891 2763 1127 2817 Alytarchae
1145 2762 1324 2801 habitum
1341 2760 1441 2799 infra
1463 2760 1569 2806 facit,
