1838 3230
0 162 6 187 ¹
131 195 165 225 *z
441 167 1077 216 CHRONOGRAPHIA.
1133 167 1181 213 L.
1212 167 1305 214 VII.
1509 174 1605 220 177

135 308 194 335 κει
209 289 453 347 ἀντέχεσθαι
470 293 546 333 τοῦ
565 288 692 332 ἄλλου
710 288 885 346 με’ρους,
924 289 992 332 καὶ
1017 286 1117 344 εἶχεν
1145 287 1296 338 αὐτοὺς
1324 287 1496 342 εὐμενεῖς
1531 291 1598 332 καὶ

134 359 467 415 ἐναντιουμένους
494 362 553 417 τῷ
585 361 725 416 σκοπῷ
758 362 841 401 τῶν
871 357 1063 400 ἐναντίων
1082 355 1221 400 αὐτοῦ.
1293 357 1337 407 ἐξ
1358 357 1509 400 ἐκείνου
1531 360 1599 401 καὶ

137 428 177 472 οἱ
199 427 286 483 μετ’
310 427 434 472 αὐτὸν
457 430 638 482 βασιλεῖς
655 429 728 480 τῆς
742 423 901 479 Ῥώμης
921 430 979 483 τῷ
1002 424 1115 484 αὐτῷ
1133 422 1270 468 κανόνι
1289 423 1526 482 ἐχρήσαντο.

230 496 299 540 Ἐν
317 497 363 539 δὲ
381 500 433 554 τῇ
449 495 637 554 βασιλείᾳ
657 499 731 537 τοῦ
753 493 881 537 αὐτοῦ
910 491 1068 548 Ῥώμου
1104 491 1126 536 ὅ
1152 492 1328 548 στρατὸς
1356 494 1487 538 αὐτοῦ
1512 494 1596 550 ε’γί-
1620 505 1654 540 O
1677 504 1747 542 224

100 572 227 610 ὄνετο
259 563 387 615 πολὺς
412 565 668 614 ἐπείσακτος,
707 564 774 605 καὶ
802 566 967 617 πλῆθος
983 558 1033 618 ἦν
1050 562 1092 605 ἐν
1113 566 1165 619 τῇ
1180 559 1315 618 Ῥώμῃ
1339 567 1422 606 τῶν
1445 562 1596 621 ἀγρίων

133 631 391 691 ἀνθρώπων,
427 633 495 676 καὶ
524 630 599 674 οὐκ
626 626 734 687 ἦσαν
755 631 860 687 πρὸς
877 630 927 673 τὰ
950 629 1092 686 πλήθη
1113 634 1196 674 τῶν
1213 630 1374 686 ἀνδρῶν
1392 639 1587 687 γυναῖκες.
1612 640 1646 674 E

132 703 200 745 καὶ
220 699 454 755 ἐπεθύμουν
473 704 547 755 τῆς
567 704 640 743 τοῦ
663 701 757 753 βίου
788 698 938 755 ἡδονῆς
960 700 1013 742 τὰ
1036 703 1117 742 τῶν
1147 702 1312 742 νεανιῶν
1336 699 1597 756 στρατεύμα-

131 783 211 813 τα·
243 771 312 813 καὶ
343 766 564 825 ἕπήρχοντο
599 768 705 810 κατὰ
731 768 807 823 τὴν
840 768 994 824 ἀγορὰν
1023 774 1115 817 ταῖς
1142 768 1321 821 γυναιξί,
1358 770 1426 810 καὶ
1443 769 1595 825 ἐγένετο

129 838 290 896 ταραχὴ
308 839 375 881 καὶ
393 835 588 894 ἐμφύλιος
607 835 795 891 πόλεμος.
866 838 933 879 καὶ
952 834 1104 892 ἠθύμει
1126 833 1147 879 ὅ
1163 834 1318 889 Ῥῶμος
1327 868 1340 888 ,
1373 836 1596 893 ἀμηχανῶν

75 915 123 951 lo
135 907 178 950 τί
200 905 365 964 πράξει·
413 905 582 961 οὐδεμία
609 905 687 962 γὰρ
717 905 893 960 ἠνείχετο
925 909 1008 948 τῶν
1033 909 1233 961 γυναικῶν
1261 907 1479 959 καταμῖξαι
1508 912 1596 956 τοῖς

129 973 422 1032 στρατιώταις,
461 972 516 1025 ὥς
545 974 697 1030 ἀγρίοις
726 976 791 1016 καὶ
808 972 1049 1031 βαρβάροις.
1121 974 1189 1016 καὶ
1217 970 1441 1029 ε”ξεφώνησε
1468 972 1595 1024 νόμον

130 1044 235 1088 ὥστε
254 1042 476 1098 λαμβάνειν
495 1043 593 1092 τοὺς
613 1041 869 1099 στρατιώτας
888 1042 988 1098 πρὸς
1007 1039 1138 1098 γάμον
1152 1041 1400 1096 παρθένους,
1429 1040 1479 1092 ἃς
1499 1040 1595 1085 ε’κά-

129 1116 219 1156 λεσε
248 1113 457 1169 Βρυτίδας
471 1125 481 1135 ·
516 1113 584 1154 καὶ
615 1111 746 1161 οὐδεὶς
771 1112 894 1154 εἵλετο
919 1112 1061 1153 δοῦναι
1080 1109 1220 1159 αὐτοῖς
1237 1109 1310 1164 τὴν
1330 1111 1438 1152 ἰδίαν
1456 1114 1595 1166 θυγα-

128 1181 228 1237 τέρα
238 1213 253 1234 ,
291 1181 378 1224 ἀλλ’
408 1180 541 1236 ἔλεγον
558 1178 620 1223 ὅτι
651 1179 726 1222 οὐκ
744 1179 850 1222 ἔστιν
873 1178 1012 1229 αὐτοῖς
1035 1177 1134 1221 καθ’
1155 1175 1330 1233 ἑκάστην
1356 1179 1469 1229 ἐλπὶς
1490 1180 1596 1235 ζωῆς

74 1257 120 1294 15
131 1250 200 1293 διὰ
225 1249 323 1300 τούς
347 1249 572 1302 πολέμους,
610 1247 714 1290 ἀλλὰ
743 1245 890 1297 πάντες
910 1254 996 1297 τοῖς
1014 1251 1088 1302 τῆς
1107 1244 1261 1296 πόλεως
1283 1244 1489 1303 ἕζεύγνυον
1513 1248 1590 1299 τὰς
1614 1259 1643 1294 V
1667 1260 1714 1296 75

129 1316 287 1362 ἑαυτῶν
306 1317 552 1375 θυγατέρας.
607 1318 675 1359 καὶ
697 1315 872 1370 ἀθυμῶν
895 1313 916 1358 ὅ
938 1313 1094 1370 Ῥῶμος
1128 1315 1313 1370 ἀπῆλθεν
1340 1317 1396 1366 εἷς
1416 1315 1465 1359 τὸ
1485 1335 1594 1369 μαν-

127 1393 255 1430 τεῖον·
299 1388 367 1430 καὶ
394 1384 523 1441 ἐδόθη
554 1384 667 1443 αὐτῷ
698 1384 883 1441 χρησμὸς
917 1382 1020 1427 ὥστε
1050 1384 1274 1426 ἐπιτελέσαι
1311 1390 1402 1434 ταῖς
1435 1387 1591 1441 γυναιξὶ

127 1455 234 1499 θέαν
265 1455 454 1505 ἱππικοῦ,
489 1456 558 1497 ἵνα
590 1452 789 1510 ἀγάγηται
821 1451 953 1512 ἑαυτῷ
983 1451 1004 1496 ὃ
1036 1452 1213 1509 στρατὸς
1244 1459 1451 1509 γυναῖκας.
1522 1456 1589 1496 καὶ
1614 1462 1647 1496 Ο
1672 1463 1740 1498 225

128 1522 306 1575 συνάξας
328 1523 375 1567 τὸ
401 1527 563 1578 πλῆθος
582 1526 656 1565 τοῦ
682 1526 861 1579 στρατοῦ
894 1523 936 1564 ἐν
964 1525 1023 1581 τῷ
1053 1522 1238 1579 παλατίῳ
1274 1521 1498 1563 ἐπετέλεσεν
1523 1522 1591 1563 ἶπ-

71 1590 260 1646 Ξοπικόν,
297 1589 486 1642 κελεύσας
502 1589 630 1646 μόνον
650 1597 844 1647 γυναῖκας
863 1594 1073 1647 θεωρῆσαι
1095 1590 1141 1632 τὸ
1165 1586 1449 1643 ἱπποδρόμιον.
1521 1592 1590 1632 καὶ

129 1658 184 1711 ὥς
214 1661 443 1718 παραξένου
470 1659 580 1710 τινὸς
610 1660 716 1708 θέας
741 1656 970 1714 μελλούσης
999 1659 1209 1714 γίνεσθαι,
1247 1655 1327 1699 ἀπὸ
1353 1654 1488 1712 πάσης
1514 1662 1589 1713 τῆς

126 1727 351 1788 περιχώρου
373 1730 441 1772 καὶ
463 1733 545 1772 τῶν
562 1726 778 1786 πόρῥωθεν
798 1725 953 1770 πόλεων
972 1728 1039 1769 καὶ
1060 1729 1206 1781 κωμῶν
1227 1721 1362 1781 ἦλθον
1380 1725 1422 1767 ἓν
1441 1729 1493 1782 τῇ
1511 1724 1588 1770 πό-

219 1861 276 1898 10.
311 1856 467 1904 οὖδεμία
499 1859 588 1902 Ch.‚
619 1857 743 1901 οὐδεὶς
768 1860 836 1895 ΟΧ.
859 1863 895 1894 et
918 1858 1046 1894 Chron.
1183 1857 1240 1903 21.
1273 1853 1485 1902 παραξένου
1509 1857 1587 1900 Ch.‚

219 1907 369 1950 ctu-on„
391 1903 494 1953 παροὶ
515 1905 622 1951 ξένου
646 1906 713 1941 Ox.

126 2032 216 2067 que3
243 2021 356 2056 statim
379 2020 574 2057 contrariae
595 2020 752 2057 factionis
774 2021 962 2056 hominibus
983 2021 1170 2056 adhaerere
1192 2019 1281 2055 visus
1303 2025 1376 2063 est3
1400 2020 1490 2055 unde
1512 2020 1586 2055 illos

127 2066 324 2102 conciliavit
345 2067 410 2102 sibi
434 2066 638 2112 effecitque,
673 2074 711 2102 ut
732 2068 989 2103 adversantibus
1012 2066 1077 2102 sibi
1101 2071 1136 2102 et
1157 2066 1224 2112 ipsi
1247 2067 1360 2102 forent
1383 2066 1584 2101 adversarii.

126 2113 280 2155 Exinde,
305 2113 364 2158 qui
386 2124 460 2148 eum
482 2112 590 2147 secuti
611 2117 709 2155 sunt,
736 2126 834 2159 reges
858 2114 1001 2149 Romani
1023 2113 1141 2148 eodem
1163 2113 1214 2147 usi
1237 2117 1315 2148 sunt
1340 2112 1500 2147 artificio.

217 2159 360 2194 Romulo
384 2164 495 2194 autem
516 2163 702 2204 regnante,
725 2160 836 2194 crevit
859 2159 1032 2194 admodum
1055 2159 1223 2194 exercitus
1246 2160 1335 2203 ejus,
1360 2157 1586 2203 undequaque

127 2204 318 2246 couflueus3
357 2209 499 2250 eratque
530 2205 566 2239 in
588 2206 674 2240 urbe
702 2205 822 2250 ingens
845 2206 1025 2250 agrestium
1058 2205 1198 2240 militum
1221 2204 1339 2250 copia,
1380 2203 1498 2249 quibus
1520 2215 1584 2248 pro

128 2254 224 2285 tanto
247 2262 384 2285 numero
416 2251 560 2285 deerant
582 2263 714 2286 uxores.
760 2252 911 2296 Cumque
939 2251 1084 2286 libidinis
1107 2251 1240 2296 pruritu
1270 2256 1450 2295 correptae
1476 2252 1586 2282 essent

125 2297 284 2342 juvenum
309 2297 478 2338 cohortes,
502 2296 623 2342 passim
645 2297 680 2331 in
706 2298 780 2332 foro
803 2298 957 2332 mulieres
979 2297 1257 2332 contrectabantz
1282 2295 1360 2329 inde
1382 2293 1503 2329 seditio
1528 2305 1586 2328 or-

127 2346 166 2376 ta
195 2346 248 2376 est
276 2346 312 2377 et
344 2341 445 2377 civile
477 2342 610 2379 bellum.
673 2343 826 2388 Cumque
859 2343 1014 2378 Romulus
1043 2343 1141 2388 inops
1172 2341 1302 2376 consilii
1334 2340 1415 2386 quid
1452 2345 1585 2384 ageret,

127 2386 229 2422 mimi
275 2387 434 2430 enderet;
458 2388 760 2434 (dedignabantur
781 2388 868 2424 enim
890 2388 1055 2424 foeminae
1079 2400 1153 2423 cum
1172 2386 1375 2422 rurestribus
1399 2388 1435 2420 et
1457 2385 1586 2419 barba-

128 2432 176 2467 ris
206 2432 252 2467 mi
265 2432 367 2468 'tibus
389 2445 460 2468 rem
494 2434 670 2478 haberez)
708 2434 814 2469 edixit
845 2434 998 2477 tandem,
1039 2439 1078 2469 ut
1099 2433 1192 2468 miles
1224 2432 1373 2477 virgines
1402 2431 1477 2465 illas
1500 2441 1584 2484 quas

128 2477 288 2513 Brutidas
312 2479 470 2521 vocavit,
508 2479 544 2513 in
576 2491 700 2515 uxores
734 2480 884 2518 duceret.
930 2481 1039 2516 Nemo
1073 2485 1186 2514 autem
1208 2484 1302 2520 erat,
1343 2476 1402 2522 qui
1422 2474 1583 2510 militibus

127 2523 233 2558 filiam
254 2535 344 2559 suam
366 2525 505 2560 tradere
527 2525 684 2570 dignatus
708 2532 778 2560 est:
802 2526 944 2580 quisque
966 2526 1051 2561 enim
1075 2525 1233 2566 dicebat,
1258 2535 1313 2558 eos
1336 2523 1372 2556 in
1395 2521 1483 2555 diem
1505 2526 1585 2555 tan-

127 2572 200 2603 tum
221 2568 354 2612 vivere,
376 2571 631 2617 quibuscunque
654 2572 734 2606 belli
757 2573 887 2607 casibus
911 2571 1083 2607 obnoxios.
1128 2571 1249 2614 Itaque
1272 2567 1429 2603 Romanis
1453 2566 1583 2601 civibus

127 2613 216 2647 filias
237 2625 310 2649 suas
333 2616 489 2652 locabant
507 2628 630 2652 omnes.
677 2617 907 2653 Conturbatus
930 2618 974 2652 ad
998 2619 1062 2652 hoc
1085 2615 1267 2655 Romulus,
1292 2612 1476 2648 Oraculum
1500 2624 1583 2647 con-

128 2658 250 2693 suluit:
274 2671 534 2708 responsumque
556 2663 658 2704 tulit,
678 2663 856 2708 Equestris
873 2662 1075 2698 Certaminis
1097 2660 1325 2707 spectaculum
1347 2656 1502 2694 foeminis
1521 2669 1583 2692 ex-

126 2703 281 2746 hiberet3
305 2717 371 2750 quo
394 2708 562 2743 exercitus
583 2720 704 2743 uxores
725 2708 789 2742 sibi
812 2713 983 2754 utcunque
1004 2709 1251 2752 compararent.
1298 2703 1454 2739 Romulus
1475 2703 1582 2749 igitur

127 2753 250 2785 coacto
273 2750 309 2784 iu
332 2751 498 2787 Palatium
521 2754 686 2796 exercitu,
710 2759 879 2789 certamen
903 2759 1060 2799 equestre
1081 2750 1285 2785 celebravit:
1305 2749 1484 2794 jussitque,
1507 2750 1583 2784 foe-

126 2795 230 2830 minas
253 2796 356 2830 solum
379 2797 423 2831 ad
444 2799 668 2843 spectaculum
691 2799 835 2834 admitti.
882 2803 1003 2844 ltaque
1026 2807 1201 2832 numerosa
1223 2796 1444 2830 foeminarum
1467 2795 1582 2837 turba,

127 2841 234 2877 veluti
267 2841 311 2876 ad
333 2842 528 2878 inusitatum
550 2844 718 2890 quoddam
748 2845 996 2892 spectaculum,
1029 2854 1072 2878 ex
1096 2842 1183 2878 omni
1214 2840 1250 2875 in
1282 2839 1427 2877 circuitu
1457 2839 1584 2876 vicinia

182 2895 328 2930 Ioannes
363 2894 529 2932 Malam.
1257 2892 1276 2930 1
1283 2893 1310 2931 2
