1838 3230
302 146 399 194 614
780 135 1245 181 ANNOTATmNEs.

299 270 385 303 ras,
434 255 630 295 Valerium
660 260 700 293 et
727 251 959 300 Genesium,
1003 257 1120 290 vocat
1128 264 1141 300 ;
1184 249 1275 293 Chr.
1293 249 1406 293 Alex.
1422 250 1670 293 Valerianum
1698 259 1740 292 et

303 310 473 350 Gesium.
1652 308 1654 310 ’

415 370 509 419 Pag.
538 363 631 407 354.
660 367 699 405 2.
727 361 863 415 ὑμῶν]
891 363 982 413 Leg.
1003 360 1131 414 ήμῶν,
1159 362 1219 400 uti
1234 361 1352 401 habet
1376 361 1470 402 Chr.
1490 361 1602 402 Alex.
1633 378 1635 385 ’

417 425 510 473 Pag.
538 420 633 463 354.
664 422 703 461 3.
745 415 932 472 εὐπορίας
952 413 1111 470 τύχην.]
1149 418 1322 469 Supple,
1345 417 1413 458 καὶ
1432 413 1567 471 εὔπορ.
1585 414 1668 471 τῦχ.
1690 431 1742 458 ex

306 477 396 516 Chr.
417 477 529 515 Alex.
556 476 624 513 ubi
644 475 758 513 etiam
787 470 973 526 εὐπορίας
1001 477 1129 525 τυχεῖν
1145 473 1309 523 legitur3
1339 473 1442 512 sorte
1465 475 1620 512 rectius.
1675 474 1743 523 In-
1776 490 1780 496 ·

304 533 419 572 terim
437 533 654 582 lnterpres,
683 531 723 568 in
741 529 994 582 sequentibus
1015 529 1249 580 particulam
1275 525 1370 579 οὐκ,
1399 529 1632 579 desiderari,
1659 529 1744 568 fru-

307 594 388 627 stra
407 586 648 638 suspicatum
686 586 832 638 absque
851 585 926 624 hac
955 584 1057 623 enim
1078 585 1340 636 expostulatio
1359 585 1522 636 virginis
1538 585 1662 626 multo
1686 591 1746 624 est

307 642 527 695 elegantior.
613 684 617 686 ,

416 697 511 751 Pag.
540 697 635 741 354.
674 701 713 740 9.
768 698 961 750 λαβοῦσαι
990 693 1114 748 αὐτήν
1148 698 1313 747 ποιῆσαι
1343 692 1541 746 ἆξίωσιν.]
1585 699 1750 748 ποιῆσαι

310 752 470 803 ἀξίωσιν
502 751 600 793 navo?
626 757 706 793 τῶν
732 750 857 805 αὐτῆς
885 748 1090 802 ἀδελφῶν,
1126 750 1281 790 Fratres
1306 753 1385 804 ejus
1408 750 1624 804 postulare,
1653 752 1748 798 sive,

310 808 607 863 contrafratres
626 811 706 862 ejus
725 810 914 848 actionem
934 805 1137 857 intendere,
1158 820 1246 845 cum
1266 806 1419 856 Radere
1435 809 1643 846 vertimus:
1670 807 1749 845 for·

310 872 350 904 te
383 871 511 903 tamen
541 869 670 904 ποιεῖν
702 861 863 913 ἀξίωσιν
891 863 968 901 hoc
999 864 1108 912 loco,
1136 863 1387 912 Petitionem‚
1418 862 1523 912 sive,
1551 861 1749 902 Libellum

311 919 520 973 supplicem
547 919 749 971 exhibere,
781 919 929 958 rectius
953 919 1312 970 interpretaremur.
1369 916 1500 965 Αξιόω
1516 918 1640 967 enim,
1668 932 1750 966 oro,

311 986 422 1028 peio:
465 975 698 1027 Hesychius.
755 977 913 1024 Αξιαῖν,
943 977 1198 1024 παρακαλῶν·
1239 972 1341 1011 unde
1371 969 1540 1021 ἀξίωσις.
1599 974 1753 1020 Petilio,

313 1028 492 1069 Libellus
518 1029 695 1083 supplex.
754 1033 953 1082 Αξιοῦμαι
969 1030 1081 1067 etiam
1110 1030 1211 1067 infra
1234 1042 1350 1066 sensu
1369 1028 1478 1066 haud.
1503 1029 1666 1068 multum
1685 1029 1754 1066 ab-

314 1086 430 1123 simili
450 1094 675 1137 usurpatur,
705 1087 774 1129 lib.
791 1091 855 1129 18.
878 1086 946 1123 ubi
964 1085 1012 1123 de
1027 1085 1213 1123 Indorum
1232 1085 1529 1123 Auxumitarum
1552 1087 1654 1136 Rege
1677 1086 1754 1122 Ro.

315 1155 517 1180 manorum
537 1143 721 1192 Legatum
743 1142 962 1193 excipiente
977 1141 1198 1180 narratione
1215 1140 1330 1190 facta,
1357 1141 1480 1180 verba
1493 1139 1590 1179 haec
1610 1156 1632 1179 a
1654 1142 1755 1191 Rege

315 1197 470 1248 prolata
490 1196 694 1236 dicuntur:
736 1196 801 1238 διοέ
819 1200 977 1237 πολλῶν
993 1193 1143 1250 χρόνων
1162 1192 1345 1247 ’ἠξιώθην
1365 1194 1458 1248 μετοῖ
1476 1200 1549 1236 τοῦ
1569 1197 1757 1248 βασιλέως

321 1253 513 1304 Ρωμαίων
528 1249 752 1303 κτήσασθαι
772 1253 927 1303 φιλίαν
959 1266 1036 1303 quo
1055 1253 1140 1290 loco
1156 1249 1361 1303 ἠξιώθην,
1386 1251 1523 1304 petivi,
1553 1253 1635 1292 sive
1658 1251 1755 1290 clesi-

321 1305 472 1357 clerani,
503 1321 639 1346 sonare
656 1308 825 1347 videtur.
881 1308 1071 1347 Actorum
1094 1307 1207 1346 etiam
1231 1321 1314 1358 cap.
1335 1311 1401 1350 28.
1422 1321 1500 1347 ver.
1520 1313 1586 1351 22.
1615 1308 1758 1355 Αξιοῦ.

321 1377 392 1414 μεν
403 1361 446 1403 δὲ
463 1361 568 1415 παροέ
591 1367 663 1403 σοῦ
686 1360 853 1404 οἷκοῦσαι
871 1360 898 1402 ἃ
915 1366 1087 1417 φρονεῖς.
1118 1364 1296 1400 Ceterum
1316 1362 1422 1412 quod
1438 1361 1514 1401 hoc
1531 1364 1621 1402 loco
1643 1361 1758 1411 οἷξίω-

325 1430 404 1466 σις,
432 1418 534 1456 infra
556 1427 594 1456 et
614 1420 719 1470 apud
740 1420 948 1468 Nostrum,
978 1426 1016 1456 et
1035 1418 1124 1456 Chr.
1148 1419 1259 1456 Alex.
1279 1418 1416 1466 etiam,
1445 1417 1575 1470 δέησις
1591 1418 1754 1459 dicitur:

322 1473 416 1512 adeo
435 1480 480 1511 ut
495 1487 576 1511 non
598 1475 648 1512 sit
667 1475 835 1526 amplius
858 1474 932 1512 hac
950 1473 999 1513 de
1017 1487 1060 1512 re
1080 1473 1286 1511 dubitandi
1306 1473 1429 1512 locus.

435 1532 532 1580 Pag.
563 1530 653 1572 354·
687 1534 750 1572 17.
786 1529 1038 1584 γεναμένου.]
1069 1531 1153 1566 Ser.
1181 1527 1405 1581 γενομένου.

434 1583 537 1623 Ibid.
594 1583 659 1624 διοὲ
676 1582 799 1638 λόγων
819 1587 978 1626 πολλῶν
1000 1585 1239 1635 φιλοσοφίας
1260 1581 1510 1636 ἄναχθεΐσα.]
1538 1584 1761 1637 Imperalri-

325 1640 378 1678 cis
395 1639 514 1692 hujus
545 1640 773 1681 eruditionis
793 1641 1010 1679 testimonia
1034 1640 1230 1678 habentur
1245 1639 1434 1691 plurima:
1475 1653 1642 1692 quorum
1664 1654 1760 1678 non-

324 1696 432 1734 nulla
459 1702 591 1734 extant
623 1698 692 1738 Gr.
716 1704 752 1735 et
771 1698 854 1736 Lat.
878 1697 919 1734 in
940 1695 1180 1734 Bibliotheca
1199 1697 1300 1734 Patr.
1323 1696 1430 1736 Tom.
1451 1698 1489 1737 8.
1523 1694 1683 1734 Photius
1704 1697 1772 1734 et··'

325 1751 401 1788 iam
429 1752 624 1791 Eudociae
652 1753 750 1803 Imp.
769 1752 1030 1803 Metaphrasin
1058 1750 1291 1791 octateuchi
1315 1751 1514 1789 metricam
1541 1751 1695 1800 laudat,
1724 1757 1762 1790 et

327 1807 498 1858 ejusdem
530 1808 645 1845 etiam
681 1807 912 1856 Zachariae,
955 1814 992 1845 et
1026 1807 1191 1845 Danielis
1221 1806 1505 1857 Prophetarum
1543 1806 1762 1859 Metaphra-

327 1863 397 1903 sin.
455 1864 508 1900 De
528 1862 681 1901 Christo
707 1865 818 1901 etiam
841 1864 1234 1912 Homero-centones,
1264 1877 1285 1900 a
1305 1863 1472 1900 Patricio
1506 1862 1675 1914 quodam
1696 1863 1762 1901 in-

329 1916 471 1966 choati,
502 1918 571 1957 sed
588 1932 667 1957 non
690 1919 740 1958 ad
758 1920 903 1957 exitum
930 1919 1124 1970 perducti,
1156 1919 1214 1956 uti
1234 1920 1405 1956 Zonaras
1425 1923 1600 1967 testatur,
1630 1918 1677 1956 ab
1698 1932 1761 1956 ea·-

329 1972 417 2010 dem
434 1973 574 2011 deinde
597 1975 785 2023 absoluti,
814 1975 1043 2025 digestique‚
1072 1975 1112 2012 in
1133 1975 1303 2012 omnium
1319 1974 1493 2012 manibus
1517 1980 1620 2013 sunt.

438 2026 533 2079 Pog·
563 2030 656 2071 355.
685 2031 723 2073 4.
753 2030 796 2070 ἒν
817 2034 870 2084 τῷ
892 2029 1014 2082 αὐτῆς
1033 2029 1297 2084 κουβικλείῳ.]
1327 2031 1584 2080 κουβικλεῖον,
1615 2035 1653 2067 et
1670 2045 1763 2069 κου-

331 2083 553 2135 βουκλεῖον,
589 2084 673 2122 sive
692 2082 973 2137 κουβούκλιον,
1012 2087 1077 2124 vel
1107 2091 1151 2124 ut
1176 2085 1282 2136 apud.
1311 2084 1400 2122 Chr.
1428 2085 1536 2123 Alex.
1565 2085 1761 2133 scribitur,

330 2134 622 2190 κουβικούλιον,
655 2138 879 2178 Cubiculum
898 2147 975 2179 est:
1004 2142 1108 2178 unde
1127 2136 1460 2192 κουβικουλᾶριος,
1485 2137 1762 2189 cubicularius,

333 2199 372 2232 et
386 2194 654 2245 κουβικλαρέα,
686 2193 943 2242 Cubicularia,
973 2196 1078 2249 apud.
1099 2197 1266 2234 Graecos
1287 2195 1533 2235 recentiores.

440 2248 538 2300 Pag-
570 2248 662 2293 355.
693 2253 758 2290 13.
787 2249 867 2291 ’ὑπό
887 2248 1027 2304 λόγον]
1058 2251 1147 2289 Chr.
1167 2252 1278 2290 Alex.
1299 2266 1321 2288 a
1340 2250 1490 2288 fladero
1508 2249 1666 2297 editum,
1694 2248 1763 2286 ha·

333 2286 400 2342 bet
414 2302 623 2358 ὖπολὸγον,
641 2304 889 2356 conjunctim,
910 2307 1111 2345 mendose:
1141 2307 1211 2344 sed
1230 2320 1302 2344 nec
1323 2305 1504 2344 vocabuli
1525 2318 1677 2343 sensum
1700 2319 1762 2342 as-

334 2366 490 2398 secutus
517 2367 576 2398 est
595 2361 800 2412 lnterpres.
830 2361 884 2399 De
898 2361 974 2399 hoc
985 2362 1168 2401 Auctoris
1187 2362 1373 2411 loquendi
1394 2373 1544 2411 genere,
1562 2360 1652 2399 vide
1664 2373 1764 2412 quae

333 2429 406 2453 nos
425 2429 544 2465 supra
574 2416 791 2454 notavimus
809 2416 879 2455 lib.
903 2420 966 2459 13.
989 2418 1030 2456 in
1047 2418 1196 2455 Juliano
1214 2418 1309 2470 Imp.

445 2470 483 2509 P
483 2485 548 2523 ag·
578 2471 673 2514 355.
712 2471 775 2515 15.
825 2471 992 2524 ἔπαρχον
1020 2473 1267 2524 πραιτωρίων
1291 2473 1364 2511 τοῦ
1389 2471 1577 2523 Ιλλυρίων
1606 2470 1764 2520 ἔθνους,

335 2523 405 2565 τόν
434 2523 476 2564 δὲ
506 2523 718 2579 Οὐαλέριον
745 2523 987 2582 polycarpum]
1031 2528 1229 2575 Quaenam
1261 2527 1405 2565 fuerint
1430 2526 1636 2576 dignitates
1652 2526 1766 2575 istae,

336 2582 376 2619 in
400 2581 627 2631 Glossariis,
657 2583 940 2635 doctorumque
969 2582 1143 2620 virorum
1164 2583 1204 2620 in
1231 2583 1416 2621 Auctores
1434 2582 1661 2631 Annotatis,
1696 2595 1766 2619 co-

336 2637 445 2686 piose
467 2637 558 2676 satis
583 2638 731 2676 dictum
755 2644 834 2687 est3
876 2639 927 2678 ad
948 2651 1043 2689 quae
1063 2639 1263 2678 Lectorem
1285 2638 1436 2678 mittere
1456 2638 1606 2691 potius,
1649 2651 1764 2690 quam

337 2692 451 2730 toties
473 2692 574 2732 (licta
593 2692 658 2731 hie
682 2694 883 2733 inculcare
904 2694 1017 2733 malo.

447 2745 547 2800 1²03-
572 2748 667 2792 355.
699 2752 764 2792 19.
803 2747 877 2803 τὴν
897 2744 970 2792 οὖν
989 2749 1030 2792 ἐκ
1047 2751 1118 2802 τῆς
1138 2745 1324 2803 γενέσεώς
1343 2764 1419 2802 μου
1443 2747 1680 2802 βασιλείαν.]
1708 2746 1766 2797 ἐκ,
