1838 3230
212 497 244 532 D

214 1164 247 1197 E

120 1209 155 1244 Ο
178 1210 244 1246 331

123 1656 155 1691 V
180 1657 245 1691 109

266 163 366 215 256
663 162 954 219 IOANle
981 153 1348 210 MALALAE'

266 289 358 328 νεῖν.
429 284 494 326 καὶ
513 281 537 338 ἢ
556 279 681 338 μόνον
700 280 908 339 ἓκρατήθη
929 282 949 326 ὃ
971 283 1083 341 ἅγιος
1099 285 1272 343 Πέτρος,
1307 286 1478 330 ἐπέδωκε
1498 284 1547 329 τὸ
1563 283 1718 341 ἔνδυμα

266 357 339 408 τῆς
361 352 578 406 ἐπισκοπῆς
594 349 750 405 Ῥώμης
774 353 896 409 Λίνῳ
918 352 1099 407 ὀνόματι,
1118 358 1290 411 μαθητῇ
1313 354 1440 397 αὐτοῦ
1456 368 1466 378 ·
1501 352 1719 409 ἠκολούθει

265 422 343 476 γὰρ
363 420 472 477 αὗτῷ
493 418 559 462 ὅτε
575 417 796 475 ἐκρατήθη.
870 418 890 462 ὅ
910 422 954 463 δὲ
975 422 1096 472 αἰτός
1116 420 1227 477 ἅγιος
1244 422 1405 478 Πέτρος
1420 422 1546 479 γέρων
1563 420 1718 478 ὗπῆρχε

268 493 318 546 τῇ
337 486 470 546 ἡλικίᾳ
491 489 742 543 διμοιριαῖος,
764 487 990 545 ἀναφάλας,
1011 489 1242 546 κονδόθριξ,
1266 489 1477 540 ὁλοπόλιος
1496 490 1571 545 τὴν
1588 488 1718 547 κάραν

268 559 334 599 καὶ
354 556 512 611 γε’νειον,
546 554 697 607 λευκός,
733 554 984 613 ὗπόχλωρος,
1018 559 1212 613 οἶνοπαὴς
1234 559 1330 608 τούς
1355 556 1613 622 ὀφθαλμούς,
1651 558 1750 602 eia-5

265 623 433 679 πώγων,
466 621 725 679 μακρόρινος,
760 622 979 681 σύνοφρυς,
1016 625 1339 682 ἆνακαθήμενος,
1375 625 1586 683 φρόνιμος,
1621 625 1718 677 ὀξύ-

263 696 400 747 χολος,
437 689 750 747 εὐμετάβλητος,
786 692 928 746 δειλός,
964 693 1239 751 φθεγγόμενος
1256 693 1334 738 ὑπὸ
1355 692 1584 749 πνεύματος
1600 692 1716 751 ἆγίου

261 762 329 803 κάὶ
348 764 691 816 θαυματουργῶν.

363 830 449 871 Καὶ
469 828 619 884 ἐγένετο
635 828 738 883 μετὰ
756 828 828 872 τὸν
849 827 961 885 ἅγιον
980 829 1143 887 Πέτρον
1162 830 1232 874 τὸν
1251 831 1466 874 ἐπίσκοπον
1475 863 1488 884 ,
1525 829 1616 885 ἤτοι
1635 847 1718 873 πα-

262 894 480 953 τριάρχην,
506 894 663 952 Ῥώμης
693 895 860 952 ὀνόματι
884 899 1018 948 Λίνος
1028 931 1042 952 ,
1080 899 1222 949 καθὼς
1253 897 1275 942 ὅ
1310 898 1439 955 σοφὸς
1467 898 1665 953 Εὐσέβιος
1694 896 1716 941 ὅ

264 966 491 1020 Παμφίλου
513 964 874 1022 ε’χρονογράφησεν.

363 1031 411 1076 Ὁ
435 1034 479 1076 δὲ
501 1032 611 1089 ἅγιος
631 1034 792 1090 Πέτρος
813 1032 832 1076 ὅ
852 1031 1078 1084 ἀπόστολος
1095 1032 1348 1090 ἐμαρτύρησε
1369 1034 1624 1090 σταυρωθεὶς
1643 1051 1718 1079 κα-

263 1100 497 1156 τακέφαλα,
535 1106 609 1145 τοῦ
639 1102 765 1144 αὐτοῦ
788 1101 1019 1145 ἀποστόλου
1041 1101 1296 1159 ὅρκώσαντος
1312 1107 1432 1145 τοῦτο
1453 1102 1523 1144 τὸν
1543 1102 1718 1158 ἔπαρχον

272 1169 334 1212 ὅτι
354 1169 433 1223 ΙΠὴ
455 1167 510 1219 ὥς
528 1167 547 1211 ὃ
570 1167 705 1226 κύριός
723 1188 803 1225 μου
826 1175 1072 1227 σταυρωθῶ.
1143 1173 1208 1213 καὶ
1230 1168 1444 1227 ἐτελειώθη
1463 1168 1484 1213 ὅ
1503 1169 1614 1226 ἅκγιος
1629 1170 1718 1212 Πέ-

268 1254 365 1295 τρος
386 1239 447 1279 ε’πὶ
468 1241 540 1292 τῆς
560 1236 752 1288 ὑπατείας
766 1238 1039 1295 Ἀπρωνιανοῧ
1061 1241 1126 1281 καὶ
1140 1240 1395 1288 Καπίτωνος.

362 1304 537 1359 Ὁμοίως
564 1308 608 1349 δὲ
637 1308 702 1348 καὶ
731 1307 832 1348 κατὰ
860 1311 932 1348 τοῦ
951 1305 1137 1349 Πιλάτου
1158 1306 1432 1362 ἠγανάκτησεν
1451 1304 1472 1349 ὃ
1494 1305 1617 1356 αὖτὸς
1637 1310 1719 1360 βα·-

265 1374 396 1423 σιλεῦς
414 1374 572 1430 Νέρων,
609 1376 675 1416 καὶ
696 1375 895 1417 ἐκέλευσεν
916 1375 1038 1417 αὐτὸν
1060 1375 1453 1431 ἀποκεφαλισθῆναι,
1476 1374 1612 1429 λέγων,
1633 1373 1719 1416 Διὰ

263 1443 307 1484 τί
322 1442 484 1491 ἐξέδωκε
505 1442 575 1485 τὸν
593 1441 791 1497 δεσπότην
809 1443 992 1498 Χριστὸν
1013 1449 1098 1491 τοῖς
1113 1442 1336 1495 Ἰουδαίοις,
1359 1441 1489 1498 ἄνδρα
1509 1441 1718 1496 ἄμεμπτον

265 1511 331 1551 καὶ
362 1508 551 1564 δυνάμεις
581 1515 796 1565 nominem,-
833 1513 867 1552 εἴ
896 1511 972 1565 γὰρ
995 1509 1015 1552 ὃ
1043 1511 1168 1553 αὐτοῦ
1187 1509 1383 1566 μαθητὴς
1412 1514 1581 1553 τοιαῦτα
1605 1514 1718 1552 &av-

264 1575 393 1631 μάσια
416 1572 559 1630 ἐποίει,
598 1577 734 1628 ὁποῖος
750 1577 928 1633 ὑπῆρχεν
950 1580 1094 1628 ἐκεῖνος
1114 1576 1311 1633 dvm-cog,-
1667 1575 1670 1578 ’

1729 908 1773 943 10

1729 1247 1773 1284 15

1725 1589 1774 1623 20

365 1646 454 1688 Ἐπὶ
485 1648 529 1688 δὲ
559 1651 632 1701 τῆς
653 1646 778 1688 αὐτοῦ
797 1648 1005 1700 βασιλείας
1020 1647 1279 1703 κατέφθασεν
1294 1645 1446 1695 εὐθέως
1464 1646 1504 1689 ἓν
1518 1648 1569 1702 τῇ
1584 1641 1719 1701 Ῥώμῃ
1762 1688 1764 1690 ,
1824 1652 1828 1656 ’

267 1715 333 1756 καὶ
353 1712 374 1757 ὅ
398 1712 510 1770 ἅγιος
530 1718 701 1764 Παῦλος
719 1717 921 1772 πεμφθεὶς
939 1715 1017 1757 ἀπὸ
1039 1719 1111 1770 τῆς
1128 1715 1328 1764 Ἰουδαίας
1346 1712 1485 1770 χώρας
1505 1712 1720 1771 παραστάν·

356 1823 389 1857 2.
428 1821 551 1868 Λένῳ]
587 1824 699 1865 „Son
723 1823 841 1869 Λίνῳ,
876 1835 918 1858 ex
952 1823 1101 1858 Eusebio
1133 1826 1168 1858 et
1190 1822 1388 1868 Nicephoro
1409 1821 1634 1863 Patriarcha3
1666 1819 1720 1855 uti

356 1871 392 1902 et
414 1870 544 1903 Auctor
566 1869 640 1914 ipse
662 1870 753 1902 infra
776 1869 925 1903 habet.“
958 1871 1021 1903 ch.
1113 1867 1146 1904 4.
1172 1866 1387 1915 ἀναφαλλάς
1410 1868 1477 1902 Ox.
1570 1869 1626 1903 10.
1650 1869 1717 1902 Λῖ-

355 1925 420 1955 νος
443 1914 511 1947 Ox.
601 1916 682 1949 ibid.
707 1913 906 1962 Εὐσέβιος]
932 1927 967 1961 p.
990 1915 1069 1952 375.

267 2002 507 2048 quamprimum
529 2005 782 2050 comprehensus
807 2010 912 2049 esset,
946 2017 1170 2041 successorem
1192 2006 1229 2040 in
1251 2005 1457 2052 Episcopatu
1479 2004 1631 2039 Romano
1655 2004 1717 2039 de-

268 2049 418 2093 signavit
441 2049 558 2083 Linum
580 2052 767 2095 quendam,
790 2064 834 2087 ex
857 2052 1025 2097 discipulis
1052 2052 1136 2087 suist
1173 2063 1269 2096 quem
1291 2056 1359 2086 tum
1383 2062 1516 2095 quoque
1538 2061 1613 2084 cum
1634 2061 1716 2095 pre-

268 2095 389 2128 hensus
411 2094 496 2136 fuit,
520 2100 719 2131 sectatorem
743 2098 871 2132 habuit.
917 2099 1006 2132 Erat
1029 2103 1140 2132 autem
1162 2097 1205 2131 D.
1226 2099 1345 2131 Petrus
1369 2100 1482 2130 aetate
1503 2096 1716 2149 provectior,

268 2146 401 2174 statura
416 2151 503 2184 quae
521 2141 718 2176 mediocrem
738 2145 933 2185 excederet,
956 2144 1175 2185 recalvaster,
1197 2143 1290 2177 crine
1306 2146 1415 2182 curto,
1439 2146 1550 2186 capite
1568 2144 1604 2176 et
1624 2153 1718 2176 men-

269 2191 306 2219 to
330 2196 452 2226 canus,
475 2186 588 2219 colore
610 2187 776 2230 pallente,
801 2189 906 2223 oculis
929 2189 998 2223 vini
1021 2190 1165 2224 colorem
1187 2187 1432 2229 referentibus,
1458 2187 1631 2228 barbatus,
1653 2199 1717 2222 na-

269 2234 377 2272 sutus,
407 2230 533 2274 junctis
555 2232 759 2275 superciliis,
790 2235 972 2278 proclivis,
1005 2235 1170 2278 prudens,
1196 2235 1239 2268 ad
1262 2234 1346 2269 iram
1369 2244 1512 2279 pronuS‚
1534 2232 1716 2274 mutabilis,

267 2275 496 2318 meticulosus,
520 2288 540 2310 a
563 2277 683 2322 spiritu
706 2279 742 2311 S.
765 2278 903 2323 loquens
926 2284 962 2314 et
983 2280 1144 2314 miracula
1168 2279 1281 2313 edens.

357 2321 478 2355 Linum
500 2333 581 2356 vero
605 2328 681 2367 post
703 2323 740 2357 S.
766 2323 914 2366 Petrum,
939 2326 1109 2360 Romanae
1132 2325 1218 2359 sedis
1238 2324 1451 2370 Episcopum,
1473 2321 1544 2356 sive
1560 2321 1715 2357 Patriar-

268 2366 361 2401 cham
384 2367 500 2408 fuisse,
527 2367 694 2402 Eusebius
716 2368 883 2413 Pamphili
904 2371 939 2404 in
962 2371 1138 2405 Chronicis
1161 2370 1226 2404 suis
1249 2370 1407 2415 scriptum
1429 2367 1576 2412 reliquit.

358 2412 503 2454 Sanctus
535 2418 644 2447 autem
679 2413 801 2447 Petrus
825 2416 1005 2459 Apostolus
1043 2416 1245 2461 Martyrium
1269 2426 1379 2460 passus
1403 2418 1475 2455 est,
1515 2413 1552 2446 in
1581 2424 1715 2448 crucem

266 2461 381 2499 actus,
415 2459 532 2503 capite
555 2458 598 2492 ad
619 2463 743 2493 terram
766 2470 882 2493 verso:
926 2462 1137 2495 Praefectum
1160 2461 1245 2495 enim
1264 2461 1452 2504 juramento
1476 2458 1714 2500 adstrinxerat,

266 2515 310 2537 ne
333 2504 448 2537 eodem
472 2515 538 2548 quo
561 2504 722 2538 Dominus
743 2504 840 2539 modo
863 2506 1133 2550 crucifigeretur.
1179 2506 1317 2540 Factum
1340 2516 1422 2539 vero
1445 2505 1523 2546 hoc,
1547 2504 1715 2549 Apronia-

266 2561 308 2583 no
333 2554 370 2582 et
392 2548 562 2593 Capitone
591 2550 685 2583 Coss.

357 2594 470 2628 Pilato
494 2605 629 2639 quoque
651 2596 757 2629 iratus
778 2595 964 2640 Imperator
987 2597 1105 2638 Nero,
1143 2599 1248 2641 caput
1271 2595 1303 2630 ei
1327 2595 1497 2641 amputari
1514 2595 1635 2639 jussit3
1672 2606 1713 2629 eo

269 2639 359 2684 quod
382 2639 555 2674 Dominum
579 2640 767 2683 Christum,
798 2642 904 2675 virum
929 2642 1134 2687 inculpatum
1153 2648 1189 2676 et
1212 2641 1406 2683 mirificum,
1445 2641 1582 2675 Judaeis
1604 2641 1715 2675 tradi-

270 2684 406 2762 ἓίεεςι..
432 2685 472 2718 Si
495 2685 600 2728 enim,
633 2686 760 2731 inquit,
790 2686 971 2733 discipulus
992 2687 1078 2721 talia
1100 2687 1271 2733 potuerit,
1317 2699 1415 2732 quam
1436 2690 1554 2732 potens
1576 2685 1712 2721 tandem

289 2735 377 2763 uerit
397 2741 408 2763 1
435 2742 482 2765 se.

360 2742 517 2818 Ejuisdem
550 2776 611 2810 sub
643 2776 786 2822 imperio
818 2778 856 2814 S.
880 2777 1006 2812 Paulus
1035 2777 1136 2812 etiam
1171 2789 1212 2811 ex
1234 2777 1365 2813 Judaea
1387 2778 1527 2812 Romam
1555 2775 1712 2817 mittitur,

271 2818 321 2853 ibi
344 2831 477 2855 causam
499 2821 670 2858 dicturus:
689 2823 892 2870 Martyrium
913 2835 995 2860 vero
1019 2827 1054 2859 et
1075 2823 1148 2871 ipse
1169 2835 1284 2870 passus
1308 2827 1379 2868 est,
1403 2823 1518 2869 capite
1538 2822 1710 2863 multatus,
