1852 3236
350 654 906 704 ·HUMFRED1
975 653 1244 704 HODII

506 739 675 834 ‘DlE
730 779 1080 820 AUTORE

225 887 1432 966 PROLEGOMENA.

430 1105 731 1141 SYLLABUS
767 1103 1229 1140 CONTENTORUM.

99 1210 289 1278 Joannes
317 1229 584 1270 Antiochenus
602 1232 742 1271 Malela
769 1230 962 1284 Clzronog.
986 1229 1146 1270 eruditis
1168 1241 1320 1270 tantum
1348 1247 1424 1271 non
1444 1233 1558 1286 igno-

100 1310 175 1340 tus.
231 1297 424 1338 Extitisse
464 1295 588 1336 alium
623 1299 684 1338 J0.
717 1300 1006 1339 Antiochenum
1037 1298 1413 1351 Chronographum,
1450 1302 1559 1353 cujus

101 1364 224 1405 edidit
246 1364 450 1418 Excerpta
473 1380 527 1404 ex
554 1364 779 1406 collectione
801 1367 1046 1406 Constantini
1065 1366 1421 1421 Porphyrogenneti
1444 1369 1560 1407 Vale-

100 1434 204 1480 sius,
233 1433 303 1488 qui
325 1431 428 1472 male
451 1447 539 1472 cum
557 1433 698 1472 Malela
721 1434 917 1491 confundi
935 1433 1044 1473 solet.
1077 1448 1106 1484 1,
1135 1448 1177 1472 11.
1207 1435 1264 1474 J0.
1289 1434 1559 1473 Antiochenus

102 1501 299 1552 Chronog.
331 1515 358 1539 a
381 1499 520 1554 quibus
546 1500 767 1540 Autoribus
795 1504 948 1542 citatus.
995 1515 1057 1540 111.
1086 1500 1185 1539 Eum
1214 1517 1323 1555 quem
1357 1501 1559 1541 adducunt

102 1568 320 1623 Scriptores
335 1565 486 1617 Graeci,
499 1582 525 1606 a
535 1569 673 1607 Malela
693 1568 895 1618 diversum,
908 1580 942 1608 et
956 1585 1042 1608 curn
1056 1567 1177 1607 altero
1188 1567 1389 1622 praedicto
1401 1567 1559 1607 eundem

100 1635 236 1676 videri.
271 1649 326 1675 lv.
355 1633 509 1674 Extare
537 1636 578 1674 in
605 1636 836 1690 quibusdam
855 1636 1114 1675 Bibliothecis
1139 1637 1196 1674 J0.
1220 1636 1452 1675 Antiocheni
1471 1638 1560 1675 Col-

100 1704 278 1742 lectanea
293 1717 379 1741 cum
398 1717 423 1741 α
448 1701 700 1742 collectaneis
731 1703 793 1745 J0.
814 1703 1054 1743 Antiochem'
1074 1702 1306 1752 Valesianis,
1339 1713 1419 1741 tum
1442 1706 1559 1742 etiam

102 1785 129 1809 a
150 1770 314 1808 Malelae
335 1767 686 1823 Chronographicis
704 1771 863 1811 diversa.
922 1770 970 1809 In
999 1769 1247 1808 Bibliotheca
1273 1769 1400 1808 Paris.
1423 1781 1560 1809 extare

100 1835 304 1889 Excerpta
334 1850 388 1875 ex
418 1835 615 1876 Chronico
644 1839 700 1877 Jo.
735 1839 990 1886 Antiocheni,
1029 1839 1097 1891 qui
1123 1836 1223 1875 idem
1246 1836 1380 1892 fuisse
1410 1836 1559 1876 videtur

101 1919 191 1944 cum
217 1903 363 1941 Joanne
389 1903 436 1942 V
430 1902 622 1954 alwiano,
652 1905 720 1944 secl
739 1906 940 1960 Excerpta
968 1905 1044 1944 ista
1073 1920 1097 1943 a
1128 1905 1343 1943 Valesianis
1374 1903 1559 1943 distincta

101 1979 204 2009 sunt.
260 1969 321 2008 De
344 1970 402 2008 J0.
422 1970 667 2010 Antiocheno
689 1974 777 2027 περὶ
807 1969 1078 2028 ἆρχαιολογίας
1099 1971 1320 2024 Scriptore:
1350 1973 1558 2010 etiamnum

102 2035 218 2076 illum
236 2052 436 2090 superesse,
467 2048 502 2076 et
523 2038 679 2078 eundem
699 2038 822 2080 videri
844 2057 929 2081 cum
948 2041 1093 2080 Joanne
1115 2039 1162 2078 V
1155 2039 1342 2088 alesiam,
1372 2054 1397 2077 a
1417 2040 1556 2077 Malela

102 2102 240 2144 saltem
265 2119 343 2143 esse
370 2103 572 2144 diversum.
619 2106 744 2147 Fama
778 2107 824 2147 cle
848 2109 905 2147 J0.
928 2109 1066 2148 Malela
1094 2109 1135 2147 in
1156 2108 1282 2146 Gallia
1308 2105 1557 2153 delitescente.

102 2169 299 2211 Exortum
320 2171 410 2210 inde
409 2172 564 2228 fnisse,
595 2174 702 2228 quod
727 2191 812 2215 cum
842 2175 965 2216 altero
994 2175 1066 2216 illo
1085 2177 1143 2214 J0.
1167 2173 1410 2214 Antiocheno
1433 2173 1559 2211 Chro-

103 2238 308 2291 nographo
333 2239 480 2279 eruditi
506 2239 620 2280 illum
639 2241 897 2296 confuderint.
927 2257 965 2284 v.
991 2244 1049 2283 J0.
1076 2242 1364 2283 Antiochenum
1384 2241 1475 2294 περὶ
1490 2238 1557 2293 029-

103 2307 328 2359 χαιολογίαζ
355 2306 494 2346 habere
522 2307 648 2348 multa
675 2325 760 2349 cum
787 2311 844 2349 J0.
876 2311 1013 2350 Malela
1040 2313 1271 2351 communia.
1301 2323 1354 2348 vx.
1384 2309 1443 2347 De
1466 2307 1558 2346 aliis

103 2374 318 2412 Joannibus
348 2374 603 2416 Antiochenis
648 2377 979 2430 Chronographis.
1049 2377 1114 2419 Ge.
1150 2377 1331 2426 Vossius,
1385 2385 1419 2413 et
1452 2373 1556 2413 Phil.

104 2440 313 2480 Labbaeus
338 2445 478 2485 noiati-
517 2458 589 2487 vn.
621 2446 679 2486 J0.
707 2445 884 2484 Malelam
915 2461 992 2486 non
1016 2445 1149 2501 fuisse
1170 2442 1446 2483 Patr-iarcltam
1467 2442 1558 2481 An·
1622 2472 1627 2477 ,

105 2507 334 2548 tiochenum.
405 2510 604 2551 Notantur
628 2511 854 2566 Interpretes
891 2513 948 2551 J0.
987 2513 1234 2561 Damasceni3
1276 2509 1554 2555 Gothosredus,

106 2575 326 2627 Batonius,
367 2576 452 2617 alii.
507 2579 568 2617 De
605 2582 726 2619 variis
757 2580 969 2619 Joannibus
1014 2579 1266 2619 Antiochenis
1301 2575 1554 2615 Pan-iarchis.

105 2640 156 2681 In
172 2643 278 2683 Albo
301 2645 615 2685 Patriarcharum
646 2646 980 2686 Antiochenorum
1012 2648 1167 2701 reperiri
1185 2646 1368 2685 Joannem
1391 2642 1553 2691 nullum,

105 2710 175 2762 qui
194 2708 323 2750 eadem
346 2723 483 2763 aetate,
512 2730 589 2767 qua
606 2716 710 2754 vixit
729 2714 889 2764 Malela‚
906 2716 1102 2768 floruerit.
1132 2728 1206 2763 vu,
1235 2726 1324 2761 vm,
1353 2725 1410 2750 lx.
1438 2711 1554 2749 Fran.

104 2777 326 2816 Combesssii
354 2778 634 2832 hallucinatio,
674 2781 852 2822 Malelam
882 2791 1053 2821 nostrum
1086 2778 1359 2837 confundentis
1388 2793 1472 2818 cum
1499 2779 1555 2818 Jo.

162 2871 304 2906 Ioannes
342 2871 505 2908 Malalas.
1259 2870 1283 2908 b
