1838 3230
319 197 418 245 548
751 242 755 245 ⁴
806 190 1276 236 ANNOTATIONES.

320 306 512 346 Aridaeus
533 307 685 351 dictus,
715 303 887 356 Philippi
909 318 958 343 ex
975 304 1166 357 pelliceis
1169 305 1248 344 hus
1278 312 1384 346 erat:
1414 303 1602 363 γεγονότα
1622 305 1695 361 μὲν
1719 307 1763 349 ἐκ

320 362 502 417 γυναικὸς
524 360 621 410 cirici&
623 377 670 401 ov
691 360 758 400 καὶ
777 364 937 413 κοινῆς,
967 361 1064 400 dicit
1083 363 1267 402 Zonaras.
1331 362 1524 402 Philinam
1553 369 1672 403 vocat
1687 364 1762 403 De-

319 421 485 471 xippus,
522 424 636 468 gente
672 416 916 455 Thessalam:
952 419 1168 470 Λριδαῖος,
1206 414 1377 469 (ἕδελφος
1408 416 1534 461 αὐτοῦ
1557 416 1659 474 προς
1687 435 1763 460 πα-

318 473 431 528 τρὸς,
465 474 506 513 ἐκ
530 473 720 523 Φιλίννης
748 475 819 524 τῆς
849 475 1059 525 Θεσσαλῆς.
1131 473 1357 538 Philippum
1397 482 1528 514 autem
1550 488 1639 515 eum
1661 488 1765 515 mm-

321 536 545 581 cuparunti
532 527 781 576 Macedones,
809 527 981 580 Philippi
1001 529 1126 578 regis,
1155 530 1279 582 paliis
1304 530 1388 582 ejus
1407 531 1448 570 in
1465 521 1676 571 honorem.
1702 531 1763 571 uti

318 586 422 624 idem
444 584 646 635 Dexippus
666 589 852 632 testatul,
885 584 990 636 apud
1010 559 1150 624 Euseb.
1180 602 1236 639 χρ.
1266 583 1351 640 λόγ.
1383 602 1419 626 α.

430 639 751 692 Pag.196.13.
798 643 1046 691 Πτολεμαῖον
1076 639 1142 681 τὸν
1178 637 1341 694 Λαγου,
1377 639 1448 682 τὸν
1487 630 1762 695 ἀστρονόμον]

317 697 374 734 De
390 695 539 747 hujus'
528 709 569 733 m
590 694 870 733 Astronomicis
890 697 1028 748 petitia
1052 696 1156 747 apud
1183 698 1279 735 alios
1300 699 1445 736 mentio
1468 698 1593 741 nulla.
1621 698 1765 739 Histo-

317 753 445 790 1icum
483 750 640 802 quidem
667 751 786 790 fuisse
815 765 921 797 eum,
961 752 1123 790 videtur
1154 766 1204 791 ex
1233 753 1387 792 Arriani
1418 755 1588 792 Praefat.
1616 754 1762 793 Histor.

318 809 431 847 Alex.
460 807 525 859 qui
546 820 633 845 eum
652 806 868 845 Alexandri
888 781 938 845 M.
958 822 1020 846 res
1040 814 1164 858 gestas
1185 810 1387 861 scripsisse
1410 816 1600 859 testatur3
1629 824 1679 848 ex
1698 823 1764 848 cu-

316 864 380 916 jus
411 863 645 916 praecipue,
677 869 715 900 et
745 864 961 903 Aristobuli
988 864 1174 915 Scriptis,
1203 865 1287 916 ipse
1318 879 1427 903 suam
1459 880 1499 904 se
1532 865 1764 918 compilasse

317 920 540 968 historiam,
580 919 779 971 professus
811 926 880 958 est.
947 920 1190 958 Ptolomaeus
1219 921 1287 959 ille
1315 921 1575 960 Astronomus
1601 921 1764 972 insignis

318 982 496 1027 tempore
516 975 636 1013 Marci
661 975 808 1013 Aurelii
829 977 925 1027 Imp.
953 976 1111 1023 ss01¹uit3
1143 976 1203 1014 uti
1225 978 1364 1016 asserit
1389 977 1542 1016 Suidas.
1598 978 1681 1018 Nec
1705 983 1763 1016 ta-

320 1045 407 1070 men
428 1031 598 1083 Aegypti
615 1045 686 1069 rex
706 1038 808 1078 erat3
838 1032 906 1069 sed
925 1031 1203 1083 Philosophus.

429 1086 527 1138 Pag·
560 1091 650 1130 196.
685 1087 751 1130 15.
783 1087 847 1139 ἔτη
868 1084 969 1141 μβῖ]
1001 1088 1267 1138 Quadraginta
1287 1094 1438 1126 tantum
1459 1102 1580 1127 annos
1598 1101 1684 1128 eum
1702 1101 1763 1128 re-

319 1157 453 1193 gnasse
476 1148 666 1184 testantur
685 1143 895 1192 Eusebius,
924 1117 1136 1196 Nicephol.
1155 1144 1319 1183 Patriar.
1343 1144 1490 1186 Histor.
1511 1147 1653 1197 Synag.
1674 1146 1764 1183 Sca·

318 1200 430 1250 liger.
462 1199 603 1250 aliique
620 1206 774 1250 praeter
791 1174 967 1238 nostium
989 1214 1135 1238 omnes·

432 1257 524 1306 Pag.
558 1257 648 1296 196.
686 1258 753 1296 22.
808 1256 944 1307 Τρίτος
984 1258 1251 1307 Πτολεμαῖος,
1299 1254 1324 1297 o‘
1355 1253 1617 1307 φιλαδελφος]
1678 1256 1763 1294 11110

320 1310 523 1348 Secundus
551 1309 619 1348 hic
660 1317 743 1350 erat
778 1312 1046 1359 Ptolomaeus,
1084 1312 1267 1362 idemque
1300 1325 1391 1349 cum
1421 1313 1606 1351 Auctoris
1642 1311 1766 1363 nostri

319 1367 548 1405 Ptolomaeo
570 1364 763 1416 secundo,
792 1368 1005 1405 Ptolomaei
1033 1368 1125 1417 Lagi
1151 1368 1257 1415 filio3
1289 1369 1402 1419 cujus
1432 1370 1547 1406 etiam
1562 1368 1675 1420 jussu
1696 1368 1766 1406 Bi-

319 1422 399 1460 blia
423 1435 532 1459 sacra
562 1422 756 1460 Hebraica
787 1423 828 1460 in
854 1424 1024 1474 linguam
1056 1425 1242 1461 Graecam
1276 1438 1296 1460 a
1322 1437 1449 1461 Lxxu.
1478 1424 1764 1476 Interpretibus

319 1478 505 1516 translata
524 1477 696 1518 fuerunt.
753 1478 855 1516 Huic
887 1486 1014 1517 autem
1044 1480 1222 1529 regnanti
1247 1493 1368 1516 annos
1389 1479 1568 1517 tribuunt
1586 1493 1763 1518 xxxvm.

319 1534 527 1579 Eusebius,
553 1533 714 1584 aliique3
747 1547 848 1585 quos
870 1535 1037 1573 videsis:
1066 1536 1207 1574 Noster
1226 1537 1326 1573 enim
1343 1535 1451 1585 regni
1470 1548 1590 1574 annos
1610 1535 1652 1573 in
1674 1536 1764 1587 plu-

320 1590 430 1628 rimis
450 1589 745 1643 praetermittit,
775 1603 873 1641 quos
899 1604 994 1630 vero
1022 1590 1163 1640 habet,
1192 1591 1345 1630 numeri
1373 1604 1584 1644 annorum,
1614 1597 1658 1629 ut
1677 1592 1765 1643 plu-

320 1646 464 1687 rimum
484 1645 659 1697 corrupti
678 1651 782 1684 sunt.

431 1704 532 1754 Pag·
564 1705 657 1744 197.
691 1705 731 1743 7.
781 1698 1079 1755 τρισκαιδεκάτῃ
1121 1702 1328 1754 βασίλισσα
1361 1703 1441 1742 τῶν
1481 1701 1763 1754 Πτολεμαίων]

324 1758 532 1810 Cleopatra
558 1758 600 1795 in
626 1758 724 1796 serie
751 1758 1065 1797 Ptolomaeorum
1097 1758 1324 1797 duodecima
1345 1765 1423 1807 est,
1453 1759 1671 1798 secundum
1688 1759 1766 1796 Eu-

323 1813 499 1868 sebium,
530 1820 568 1852 et
581 1813 790 1865 Nicephor.
808 1815 1019 1853 Patriareh.
1042 1815 1133 1853 Chr.
1155 1815 1363 1854 Alexandr.

438 1872 749 1920 Pag.197·12.
797 1869 861 1921 ε’τη
887 1866 954 1921 τ’,]
1003 1872 1196 1909 Numerus
1231 1871 1296 1909 hic
1329 1870 1500 1908 Africani
1534 1876 1763 1922 computum

324 1925 477 1962 (luobus
494 1930 645 1963 tantum
665 1925 773 1962 annis
799 1939 927 1977 super.
917 1933 972 1974 at;
1002 1942 1022 1965 a
1051 1927 1293 1966 Macedonici
1317 1927 1466 1964 scilicet
1482 1926 1670 1977 Imperii,
1689 1925 1763 1964 La-

324 1981 603 2031 culmumque
633 1981 780 2031 origine
810 1983 1072 2032 numelando,
1101 1983 1150 2021 ad
1169 1997 1235 2021 xv.
1256 1983 1421 2032 Augusti
1451 1995 1612 2019 annum·
1653 1979 1764 2033 μέχρι

323 2037 439 2076 τοῦδε
465 2036 505 2076 οἱ
520 2038 692 2088 Λαγῖδαι
711 2037 777 2077 καὶ
798 2034 954 2090 σύμπας
973 2037 993 2080 ὅ
1009 2040 1291 2090 Μακεδονικῆς
1310 2037 1522 2090 ηγεμονιάς
1543 2033 1680 2090 χρόνος
1699 2051 1762 2088 με

325 2108 372 2132 τα
403 2091 466 2142 ε’τη
494 2089 536 2130 τ’.
571 2094 642 2142 τῆς
671 2095 841 2160 Περσων
869 2094 1141 2160 καθαιρέσεως
1177 2096 1290 2135 δυοῖν
1327 2093 1476 2134 δέοντα.
1552 2093 1759 2131 Africanus

326 2147 433 2200 apud
450 2147 592 2185 Euseb.
621 2162 726 2199 χρον
747 2146 826 2200 λόγ.
847 2145 893 2188 α’.

439 2205 656 2254 Pag.198.
690 2206 728 2244 1.
772 2204 990 2255 Σέλευκον,
1027 2221 1099 2246 τον
1128 2201 1357 2257 Νικάνορα]
1385 2204 1430 2241 In
1460 2203 1612 2241 Seleuci
1639 2202 1759 2255 hujus

328 2259 556 2308 cognomine
596 2258 800 2297 scribendo
823 2274 959 2311 magna
994 2268 1050 2299 est
1081 2263 1185 2300 inter
1214 2260 1407 2299 Auctores
1445 2259 1633 2307 varietas,
1672 2259 1758 2297 aliis

328 2312 536 2367 Νικάτωρ,
575 2314 658 2352 aliis
682 2311 870 2367 Νικάνωρ
904 2317 1175 2356 scribentibus.
1242 2311 1426 2368 Νικάτωρ
1462 2314 1644 2366 deinceps
1677 2314 1760 2352 Au-

328 2370 427 2408 ctori
455 2377 590 2408 nostro
608 2370 753 2421 ubique
776 2370 906 2409 dictus
924 2379 1002 2420 est3
1034 2386 1148 2423 quam
1179 2372 1426 2423 scriptionem
1455 2383 1536 2408 esse
1563 2371 1758 2409 veriorem

327 2426 512 2464 facillime
546 2426 798 2475 crediderim,
842 2433 977 2477 utpote
1007 2429 1156 2467 Graeco
1186 2426 1364 2466 Idiomati
1384 2426 1504 2476 magis
1530 2440 1757 2465 consonam:

328 2495 377 2519 ex
394 2481 569 2519 victoriis
589 2482 686 2521 enim
710 2482 788 2520 suis
805 2481 882 2520 hoc
902 2496 1113 2533 cognomen
1141 2484 1301 2551 adeptus
1332 2488 1391 2520 est
1418 2482 1623 2531 Seleucus,
1661 2487 1758 2520 teste

327 2537 533 2588 Dexippo,
565 2538 670 2588 apud
688 2538 913 2578 Eusebium:
942 2538 1132 2586 Σέλευκος
1154 2538 1196 2579 δὲ
1215 2535 1365 2589 αναβας
1384 2537 1492 2590 μέχρι
1510 2540 1758 2604 Βαβυλωνος,

328 2593 396 2633 καὶ
412 2589 608 2659 κρατήσας
625 2609 704 2633 των
725 2591 962 2660 Βαρβαρων,
991 2591 1220 2646 βασιλευει’
1207 2594 1270 2645 ε’τη
1287 2589 1359 2644 MY-
1400 2591 1461 2633 διὸ
1479 2593 1547 2634 και
1566 2590 1756 2644 Νικανωρ

329 2645 543 2700 ἐπεκλήθη.
582 2649 829 2687 scribendum
850 2647 1051 2702 Νικατωρ.·
1080 2651 1133 2687 ita
1155 2650 1253 2688 enim
1274 2650 1419 2700 ubique
1440 2655 1550 2688 antea
1571 2663 1658 2688 eum
1679 2661 1757 2686 vo-

332 2712 500 2744 caverat.
564 2704 691 2756 Hujus
723 2706 824 2744 enim
857 2712 994 2744 testem
1025 2705 1373 2743 luculentissimum
1405 2705 1589 2744 habemus
1615 2702 1759 2756 Appia-

330 2773 425 2797 num
446 2759 692 2800 Alexandrin.
713 2761 761 2799 de
780 2762 857 2799 bel.
883 2763 968 2813 Syr.
994 2761 1062 2798 ubi
1078 2761 1127 2799 de
1147 2762 1307 2799 Seleuco
1328 2761 1451 2799 verba
1468 2761 1631 2811 faciens,
1659 2759 1756 2797 haec

330 2814 460 2854 habet.
513 2815 711 2871 γενομένῳ
739 2815 782 2857 δὲ
809 2814 914 2872 αυτῷ
932 2814 980 2858 τὰ
1000 2817 1039 2866 ἐς
1067 2816 1260 2870 πολέμους
1282 2812 1583 2873 ε’πιτυχεστατῳ,
1620 2792 1756 2856 Νικά-
