1838 3230
473 140 1084 193 GHRONOGRAPHIA.
1141 142 1192 186 L.
1221 141 1316 187 XV.
1529 146 1630 194 883

157 287 237 315 σαν
268 271 326 321 εἷς
361 268 410 313 τὸ
438 271 481 312 Γ
477 268 620 325 αργαζὶ
654 265 751 323 ὅρος
784 261 995 320 εὗκτήριον
1028 261 1138 307 οἷκον
1173 267 1248 320 τῆς
1276 260 1394 320 ἁγίας
1426 259 1628 307 θεοτόκου

155 341 355 396 Μαρίας,
393 335 627 386 ἆνανεώσας
645 337 711 379 καὶ
730 334 801 378 τὸν
822 332 936 390 ἅγιον
955 331 1215 390 Προκόπιον,
1253 331 1427 388 ποιήσας
1445 330 1627 383 διάταξιν
1650 342 1682 378 0
1706 342 1753 380 94

154 409 212 464 μὴ
239 404 541 466 στρατεύεσθαι
563 404 845 461 Σαμαρείτην,
884 400 1091 459 δημεύσας
1116 403 1183 445 καὶ
1210 401 1307 453 τούς
1332 399 1533 460 εὐπόρους
1551 401 1630 445 αὗ-

154 481 260 521 τῶν·
297 477 364 519 καὶ
383 475 534 532 ἐγένετο
556 471 819 522 κατάστασις.

121 557 144 593 5
252 544 341 588 ’Era
360 545 406 588 δὲ
425 547 500 600 τῆς
518 542 646 586 αὐτοῦ
664 541 875 596 βασιλείας
897 540 1140 598 Θευὸερίχος
1158 537 1178 584 ὅ
1201 538 1282 584 ἀπὸ
1303 536 1484 593 ὑπάτων,
1504 536 1628 591 ὃυῖὃς
1649 552 1679 587 Β

158 613 440 670 Οὖαλὲμερος,
487 612 530 655 ἔν
567 607 1001 655 Κωνσταντινουπόλει
1034 609 1282 667 ἀνατραφεὶς
1313 611 1380 652 καὶ
1413 607 1625 665 ἀναγνούς,

150 679 438 740 στρατηλάτης
472 679 529 724 ὢν
561 679 807 737 πραισέντου
839 681 907 722 καὶ
937 677 1127 736 ἑωρακώς
1158 680 1201 722 τί
1223 677 1378 734 ὑπέστη
1405 677 1624 735 Ἀρμᾶτος,

151 752 358 808 φοβηθεὶς
386 750 459 793 τὸν
486 749 660 804 βασιλέα
689 746 891 804 Ζήνωνα,
929 746 1050 802 ἔλαβε
1079 747 1155 803 τὴν
1189 748 1297 790 ἰδίαν
1327 745 1530 802 βοήθειαν
1558 749 1626 790 καὶ

149 821 321 875 ἐξῆλθεν
345 819 425 862 ἀπὸ
437 815 926 870 Κωνσταντινουπόλεως,
954 817 1273 872 ἓπὶΣαλαβριάν
1292 816 1423 860 ἀπιών
1441 815 1514 877 διὰΔ
1527 816 1626 866 τοὺς

93 898 140 937 1'0
150 889 236 932 ἐκεῖ
270 887 571 943 καθεζομένους
616 883 837 942 ἀριθμούς.
910 887 977 928 καὶ
1013 883 1270 943 τυραννήσας
1306 885 1512 939 παρέλαβε
1548 885 1623 940 τὴν

151 954 322 1018 Θρᾴκην
354 961 492 1000 πᾶσαν
505 970 515 980 ·
553 957 620 999 καὶ
648 951 756 1011 ἦλθε
783 954 888 998 κατὰ
910 958 985 998 τοῦ
1004 954 1205 1008 βασιλέως
1225 951 1420 1011 Ζήνωνος
1442 954 1518 1004 ἕως
1537 958 1624 997 Συ-

147 1030 230 1069 κῶν
252 1025 381 1083 πέραν
401 1025 611 1068 κατέναντι
633 1021 1130 1076 Κωνσταντινουπόλεως,
1169 1020 1305 1079 κόψας
1329 1025 1395 1066 καὶ
1422 1022 1494 1066 τὸν
1514 1021 1623 1078 ἄγω-

139 1094 219 1151 -γὸν
246 1099 322 1151 τῆς
349 1092 517 1145 πόλεως.
589 1095 656 1136 καὶ
678 1091 854 1148 ποιήσας
874 1091 1030 1149 ἡμέρας
1049 1089 1226 1145 πολλάς,
1265 1093 1331 1135 καὶ
1349 1091 1408 1148 μὴ
1429 1093 1622 1147 δυνηθεὶς

144 1161 309 1218 βλάψαι
323 1163 395 1206 τὸν
405 1161 593 1218 βασιλέα,
617 1160 871 1218 ἀνεχώρησεν
892 1162 1053 1204 ἐκεῖθεν
1067 1159 1253 1217 ὁρμήσας
1272 1162 1335 1203 ἐπὶ
1356 1161 1429 1217 τὴν
1444 1159 1618 1217 Ῥώμην,

90 1246 134 1282 15
145 1229 238 1276 τότε
259 1232 530 1287 κατεχομένην
547 1229 627 1274 ὑπὸ
651 1235 724 1274 τοῦ
739 1228 982 1286 Ὀδοάκρου,
1007 1230 1132 1286 ρηγός
1152 1235 1235 1273 τῶν
1255 1228 1497 1286 βαρβάρων.
1555 1232 1623 1273 καὶ

143 1299 380 1357 πολεμήσας
401 1300 514 1359 αὐτῷ
535 1299 641 1343 κατὰ
660 1297 826 1355 γνώμην
843 1300 910 1341 καὶ
930 1301 1156 1357 προδοσίαν
1178 1303 1251 1355 τῆς
1275 1297 1503 1355 συγκλήτου
1519 1297 1620 1343 Ῥώ-
1644 1307 1675 1342 C

141 1386 246 1426 μης,
284 1369 515 1427 παρέλαβεν
536 1366 847 1425 ἀνεπηρεάστως
867 1367 941 1423 τὴν
961 1368 1090 1424 αὐτὴν
1112 1367 1272 1425 Ῥώμην
1295 1372 1361 1411 καὶ
1382 1367 1454 1411 τὸν
1470 1366 1620 1411 Ὀδοάι-

141 1455 240 1496 κρον
260 1437 386 1496 ῥῆγα·
419 1439 486 1481 καὶ
509 1436 723 1495 ἐφόνευσεν
748 1437 874 1480 αὐτὸν
893 1439 961 1479 καὶ
982 1437 1149 1492 κατέσχε
1170 1442 1245 1493 τῆς
1261 1435 1434 1493 Ῥώμης,
1454 1435 1618 1494 γενόμε-
1644 1444 1677 1480 Ο
1704 1447 1750 1483 95

139 1525 210 1558 νος
231 1506 315 1550 ἄντ’
340 1506 468 1550 αὐτοῦ
491 1506 568 1564 ῥὴξ
588 1507 630 1549 ἐν
652 1506 759 1564 αὐτῇ
776 1505 846 1562 ἴτη
865 1503 944 1561 μζ.
1017 1508 1084 1549 καὶ
1113 1505 1316 1564 ἕφιλιώθη
1335 1505 1497 1562 Ζήνωνι
1517 1508 1621 1561 μετὰ

83 1579 276 1626 zamira
299 1580 359 1635 τῷ
385 1579 570 1630 βασιλεῖ’,
609 1577 676 1618 καὶ
701 1573 838 1618 πάντα
865 1573 944 1618 ὅσα
965 1572 1137 1631 ἔπραττε
1159 1576 1265 1619 κατὰ
1284 1573 1450 1632 γνώμην
1471 1575 1615 1629 αὐτοῦ,

141 1646 210 1688 καὶ
246 1644 344 1695 τούς
379 1642 562 1695 ὑπάτους
594 1645 858 1702 χρηματίζων
897 1642 1375 1694 Κωνσταντινουπόλεως
1413 1646 1480 1687 καὶ
1521 1644 1617 1695 ταὶς

234 1789 268 1824 1.
301 1785 485 1832 Γαργαζὶ]
509 1786 662 1832 Γαριζὶν
685 1786 751 1821 Ch.
775 1788 811 1821 et
835 1785 1030 1832 Ducangius
1053 1785 1089 1821 in
1118 1786 1249 1824 Chron.
1295 1788 1340 1823 V.
1365 1788 1409 1825 ad
1430 1800 1465 1836 p.
1491 1790 1547 1827 62.
1570 1789 1612 1824 F..

232 1833 290 1870 17.
313 1831 594 1880 ἀνεπηρεάστως
617 1833 706 1876 Ch.‚
730 1829 1003 1879 άνεπερεάστως
1026 1832 1095 1870 Ox.

131 1971 282 2006 agogam
315 1959 573 2002 Samariticam,
605 1971 705 2005 quam
728 1958 763 1993 in
787 1965 899 1995 monte
925 1959 1089 2006 Gargazi
1111 1959 1320 2004 habuerunt,
1351 1961 1386 1996 in
1411 1962 1609 1998 Oratoriam

131 2007 263 2042 ‘Aedem
286 2006 471 2048 convertit,
496 2006 647 2040 Sanctae
670 2005 840 2052 Deiparae
863 2006 999 2040 Mariae
1021 2011 1209 2048 sacratam3
1231 2007 1422 2042 instaurato
1447 2009 1548 2043 etiam
1569 2010 1607 2044 S.

134 2051 299 2098 Procopii
324 2052 482 2097 Templo.
533 2052 732 2094 Quinetiam
756 2058 792 2086 et
811 2052 1055 2086 Samaritarum
1078 2052 1310 2098 potentiorum
1333 2054 1428 2089 bonis
1450 2054 1607 2100 publica-

132 2098 190 2141 tis,
214 2098 343 2133 Edicto
367 2098 473 2141 cavit,
496 2110 540 2133 ne
563 2098 638 2144 quis
663 2110 705 2133 ex
730 2097 907 2134 Samaritis
931 2098 1088 2145 deinceps
1111 2098 1281 2135 militaret.
1330 2100 1389 2135 Sic
1411 2101 1530 2147 itaque
1553 2113 1606 2136 res

131 2144 178 2180 ad
200 2155 321 2191 pacem
342 2144 485 2180 redacta
508 2148 571 2179 est.
1565 2186 1567 2188 ,

223 2189 355 2225 Eodem
377 2190 585 2235 Imperante,
613 2189 876 2225 Theuderichus
900 2189 1055 2236 quidam,
1080 2190 1272 2234 Excomul,
1297 2192 1483 2227 Valemeris
1506 2192 1607 2234 filius,

133 2235 154 2281 (
183 2235 216 2270 ui
256 2235 554 2282 Constantinopoli
587 2237 756 2271 enutritus
791 2236 966 2283 literisque
996 2237 1142 2271 imbutus
1175 2239 1308 2279 fuerat,
1347 2243 1382 2272 et
1412 2239 1607 2273 Praesentis

131 2280 281 2316 Militiae
303 2282 442 2317 tandem
466 2282 636 2328 Magister
659 2283 887 2327 constitutus)
923 2294 998 2317 cum
1020 2283 1150 2318 Armati
1173 2283 1279 2318 fatum
1311 2284 1403 2329 apud
1428 2296 1464 2318 se
1500 2295 1605 2330 repu-

131 2330 250 2369 tasset,
274 2332 426 2364 metuens
449 2328 513 2364 sibi
537 2329 580 2364 ab
603 2329 817 2375 Imperatore
837 2329 988 2371 Zenone,
1012 2328 1136 2364 relicta
1159 2329 1466 2375 Constantinopoli,
1491 2334 1528 2364 et
1551 2341 1606 2364 as-

133 2372 270 2419 sumptis
297 2385 407 2409 secum
439 2375 547 2421 copiis
578 2375 666 2417 suis,
703 2374 740 2409 in
770 2375 960 2410 Salabriam
992 2375 1149 2416 devenit,
1181 2376 1224 2409 ob
1259 2387 1411 2409 numeros
1434 2374 1604 2410 Militares

131 2416 181 2452 ibi
211 2419 407 2456 collocatos.
453 2421 685 2465 Tyrannidem
718 2433 801 2456 vero
833 2420 1019 2467 arripiens,
1054 2420 1240 2455 Thraciam
1276 2421 1464 2455 universam
1501 2432 1605 2455 occu-

132 2462 252 2508 pavit=
279 2465 368 2510 quin
392 2468 428 2501 et
451 2472 572 2502 contra
595 2467 766 2502 Zenonem
789 2467 1031 2513 Imperatorem
1055 2478 1148 2501 arma
1172 2478 1325 2508 movens,
1360 2466 1510 2511 adusque
1534 2467 1604 2513 Sy-

132 2519 250 2544 cenum
271 2511 464 2565 trajectum,
489 2512 786 2558 Constantinopoli
807 2525 827 2547 e
849 2513 992 2558 regione
1014 2512 1112 2547 situm
1135 2512 1352 2557 penetravit3
1377 2512 1601 2556 Aquaeductn

131 2553 235 2589 etiam
258 2556 350 2591 urbis
373 2558 498 2593 exciso.
545 2560 697 2604 Cumque
721 2570 785 2605 per
806 2559 928 2593 multos
952 2558 1024 2593 dies
1041 2558 1117 2592 urbi
1141 2557 1358 2598 incubuisset,
1381 2557 1465 2591 nihil
1489 2562 1600 2593 tamen

132 2599 371 2646 Imperatorem
389 2603 529 2639 laedere
547 2604 724 2651 potuerit3
748 2604 828 2639 inde
845 2616 993 2645 movens.
1017 2605 1156 2638 Romam
1175 2603 1297 2645 tendit,
1323 2603 1486 2646 Odoacri,
1510 2605 1600 2639 Bar·-

130 2645 288 2681 baromm
311 2647 388 2692 regi
408 2653 477 2684 tum
502 2654 690 2697 parentem.
747 2651 891 2692 Quicum
916 2649 1002 2685 inito
1034 2650 1183 2696 praelio,
1220 2660 1261 2683 ex
1285 2649 1490 2685 Senatorum
1514 2662 1598 2685 con-

129 2702 228 2726 sensu
252 2696 288 2726 et
309 2693 503 2738 proditione
526 2697 644 2731 urbem
670 2696 811 2731 Romam
841 2697 1016 2742 ipsumque
1046 2696 1238 2730 Odoacrem
1261 2695 1353 2730 nullo
1377 2696 1516 2740 negotio
1541 2708 1599 2731 ce-

128 2736 191 2783 pit.
223 2737 318 2779 ,Quo
343 2739 468 2783 occiso,
489 2741 502 2776 i
527 2754 564 2777 se
586 2742 775 2777 Romanum
797 2753 939 2787 regnum
962 2741 1027 2776 sibi
1048 2740 1265 2783 vendicavit3
1290 2741 1432 2787 regnavi
1472 2754 1514 2777 ue
1534 2742 1597 2785 ibi,

127 2793 192 2828 per
215 2793 318 2818 annos
341 2794 451 2819 nvn.
533 2788 756 2823 hender-iebus
779 2792 912 2830 autem,
945 2788 1110 2833 posthaec
1133 2786 1167 2820 in
1191 2786 1336 2831 gratiam
1359 2799 1434 2822 cum
1489 2799 1597 2822 enone

126 2827 283 2874 rediens,
307 2831 419 2867 omnia
442 2831 487 2868 ad
509 2838 653 2870 mentem
673 2835 748 2879 ejus
771 2834 946 2879 agitabatx
987 2832 1150 2868 consules
1173 2833 1276 2871 etiam
1298 2833 1373 2881 ipse
1396 2833 1596 2870 Constanti-
