1838 3230
0 0 126 156 rinna·
155 18 158 21 Δ

42 44 45 53 «

25 77 30 85 ,
46 76 49 81 r

2 158 29 182 5

0 199 5 211 Ι

599 178 1065 226 ANNOTATIONES.
1462 183 1562 233 525

221 301 318 353 Peg.
346 300 440 342 108.
469 299 509 340 2.
536 296 824 349 Αμφιγενείας,
855 296 897 347 ἐξ
927 295 1074 350 Ιλίου.]
1104 295 1231 350 Hujus
1261 309 1335 336 nec
1363 291 1471 350 apud
1496 297 1561 336 Di-

109 361 218 408 etym
231 385 244 407 ,
272 368 347 396 uec
365 355 545 394 Daretem
564 354 709 392 mentio
729 353 825 392 ulla.
883 354 947 392 Ilii
967 367 1065 393 vero
1086 355 1244 393 nomine
1262 360 1424 393 vocatas
1446 355 1564 395 urbes

77 433 82 438 -
108 412 284 464 quinque
308 417 514 451 enumerat
542 408 763 461 Stephanus
795 410 844 448 de
877 409 972 450 Urb.
1003 424 1169 462 quarum
1195 410 1350 450 tertiam
1375 411 1565 451 Macedo-

106 468 214 518 niae,
255 474 434 520 quartam
452 466 694 515 Thessaliae,
725 467 902 518 quintam
926 466 1114 505 Thraciae
1135 480 1216 504 esse
1238 473 1423 510 testatur.

220 527 316 578 Pag.
350 526 442 567 108.
470 523 511 566 4.
551 524 811 575 Κεφαληνίας
843 520 1019 574 Ιθᾶκης]
1056 524 1158 562 Male
1179 522 1246 562 hic
1269 525 1563 577 conjunguntur

103 580 203 622 istae
227 540 383 620 Insulae
414 593 461 618 ac
490 579 525 618 si
544 593 623 617 una
656 586 802 618 essent.
851 580 998 618 Ulisses
1027 580 1129 618 enim
1160 593 1211 618 ex
1238 579 1393 631 Ithaca,
1432 582 1561 620 insula

106 637 368 707 cephaleniae
389 636 530 675 vicina.
587 635 772 707 Steph’ian
794 636 843 675 de
864 637 952 676 urb.
974 633 1108 702 Ιθακη
1126 639 1260 687 νῆσος,
1290 635 1391 690 πρὸς
1412 641 1465 692 τῇ
1483 641 1570 678 Κε-

105 694 304 749 φαληνίᾳ,
333 689 414 734 duo*
435 688 613 742 Ιθάκου,
646 689 715 744 ἀφ’
741 687 790 745 ἧς
812 710 833 734 ο
867 688 1082 740 caveo-2159.
1141 692 1362 744 Hesychius
1379 694 1474 733 item
1497 695 1628 744 (13-7

103 734 328 802 phaleniam
351 749 468 802 juxta
495 747 669 787 Ithacam
701 749 1324 802 [101111.Κεφαλῆνες,ἕθνος
1349 749 1459 806 παροὶ
1488 767 1562 804 την

105 803 275 859 Ιθᾶκην.

216 865 302 916 Peg
273 877 314 916 g.
345 865 439 907 108.
469 862 508 906 5.
546 859 748 914 Αχιλλεῦς,
777 861 821 903 ἐκ
839 866 912 904 τοῦ
928 866 1087 917 Αργους
1105 865 1177 915 τῆς
1197 862 1401 917 Ελλαδος]
1427 863 1562 902 Achil-

101 919 160 960 les
175 933 258 959 non
278 933 330 959 ex
351 920 456 970 Argo
491 919 716 968 Helladica,
759 919 840 958 sive
868 919 1191 972 Peloponesiaca,
1236 919 1305 958 sed
1339 920 1562 959 Thessalica

103 977 314 1016 oriundus.
372 975 596 1027 Stephanus
615 977 664 1014 de
687 975 776 1013 urb.
806 977 992 1015 undecim
1010 977 1130 1015 urbes
1152 975 1230 1013 hoc
1247 977 1404 1015 nomine
1424 979 1562 1029 appel-

99 1033 200 1072 latas
219 1046 475 1081 enumerans,
503 1032 661 1071 tertiam
681 1031 904 1072 Thessaliae
922 1033 1027 1073 facit.
1088 1033 1224 1083 Dictys
1249 1034 1422 1072 cretens.
1444 1035 1562 1073 Grae-

102 1103 242 1128 corum
260 1090 427 1127 Classem
450 1089 660 1139 colligens,
690 1103 744 1127 ex
766 1088 938 1140 Pelasgis
965 1090 1271 1142 quinquaginta,
1301 1089 1449 1141 inquit:
1482 1092 1562 1130 Da-

99 1158 165 1184 res
185 1145 330 1198 Phryg.
355 1145 472 1184 etiam
497 1144 688 1183 Achillem
710 1158 759 1182 ex
778 1145 917 1184 Phthia
941 1145 1092 1198 (Pithia
1117 1144 1272 1183 codices
1292 1145 1472 1197 impressi
1490 1146 1560 1185 ha-

100 1202 219 1252 bent,
258 1198 501 1256 mendoset)
543 1201 673 1249 ducit,
711 1201 883 1240 navibus
911 1215 1078 1240 numero
1104 1215 1142 1240 L.
1174 1201 1428 1243 instructum.
1485 1205 1562 1242 Pe-

99 1259 220 1310 lasgia
251 1271 371 1307 vero,
403 1264 443 1297 et
469 1257 633 1305 Phthia,
664 1256 886 1298 Thessaliae
914 1266 1048 1311 partes
1074 1263 1189 1309 sunt,
1228 1258 1288 1296 uti
1312 1273 1433 1312 supra
1459 1259 1562 1299 dixi.

100 1328 200 1359 mus.
259 1289 490 1354 Constan‘tin
508 1315 717 1355 Manasses.

321 1374 356 1412 Ο
372 1369 416 1412 δὲ
437 1367 628 1423 Φθιώτης
645 1367 835 1423 Αχιλλεῦς
855 1369 1028 1423 ἔλαμπεν
1047 1368 1150 1437 ’ὑπὲρ
1174 1366 1340 1420 πάντας.

215 1429 312 1481 Pag.
344 1431 437 1472 108.
455 1430 494 1470 9.
527 1428 572 1468 αἱ
585 1430 713 1468 πᾶσαι
731 1430 826 1479 νῆες
844 1430 925 1467 τῶν
945 1423 1142 1480 Ελλήνων
1165 1427 1279 1482 ασν.]
1306 1429 1442 1481 Dictys
1464 1429 1556 1468 Cre-

100 1483 217 1523 tensis
246 1485 370 1528 1275.
398 1491 624 1534 enumerat,
667 1485 790 1523 Dares
821 1482 1040 1537 Phrygius,
1072 1487 1192 1526 1140.
1222 1486 1384 1524 Tzetzes
1413 1486 1455 1523 in
1477 1487 1562 1537 Ly-

99 1539 293 1594 cophron.
337 1543 459 1585 1186.
498 1554 746 1594 nequaquam
775 1554 866 1580 cum
896 1547 1058 1591 nostro,
1097 1554 1172 1580 nec
1208 1555 1363 1593 secum,
1405 1555 1561 1581 conve-

98 1597 264 1637 nientes.
464 1613 468 1615 ·

215 1656 313 1706 Pag.
344 1657 439 1698 ,108.
468 1657 536 1697 21.
584 1651 754 1706 φανεροὶ
787 1649 831 1693 δὲ
870 1650 1159 1704 προσέμειναν]
1205 1653 1375 1707 φανεροὶ
1411 1654 1559 1706 ubique

101 1709 208 1763 apud
228 1710 417 1749 Autorem
439 1716 616 1748 nostrum
639 1723 713 1761 pro
732 1709 889 1747 nomine
900 1709 1162 1747 multitudinis
1182 1716 1415 1761 usurpatum
1438 1710 1560 1749 idem-

101 1780 178 1819 que
204 1773 341 1815 sonat,
373 1766 480 1819 quod
517 1765 658 1806 πολλοὶ
690 1765 773 1804 sive
803 1769 990 1806 πλεῖστοι.
1030 1765 1082 1804 ita
1112 1766 1214 1804 111113
1248 1767 1319 1806 lib.
1342 1770 1380 1809 7.
1403 1781 1442 1818 p.
1466 1767 1557 1823 155.

98 1823 168 1864 καὶ
193 1822 360 1875 φανεροὶ
381 1839 463 1863 των
481 1825 554 1875 τῆς
585 1819 739 1869 πόλεως
765 1822 949 1874 λαμπροί.
987 1836 1041 1861 ex
1070 1821 1177 1861 urhis
1208 1832 1336 1861 autem
1354 1824 1558 1875 primariis

97 1877 271 1933 plurimi.
302 1879 396 1918 item
414 1879 482 1919 lib.
515 1881 578 1920 18
609 1892 649 1930 Ρ.
681 1879 774 1922 496.
807 1879 855 1916 (13
879 1877 1017 1916 Trulla
1045 1892 1208 1928 magnae
1231 1879 1428 1918 Ecclesiae
1453 1880 1556 1918 Con-

98 1936 469 1988 stantinopolitanae
488 1935 652 2001 loquens
667 1933 765 1973 haec
785 1934 927 1973 habet.
956 1930 1081 1986 ῥήξας
1100 1933 1173 1988 γὰρ
1198 1937 1252 1986 ἦν
1276 1936 1332 1983 εἰς
1356 1934 1557 1987 φανεοους

94 1989 265 2041 τόπους,
291 1991 470 2046 pluribus
496 1993 537 2030 in
555 1990 655 2031 locis
675 2001 862 2045 perrupta
878 1989 1034 2046 fuerat.
1096 1994 1298 2031 Caeterum
1325 1991 1555 2045 hujusmodi

98 2050 277 2101 exempla
297 2049 443 2101 passim
462 2061 580 2087 occul
582 2055 686 2088 runt

211 2108 307 2158 Pag.
340 2109 432 2148 109.
460 2109 502 2147 2.
555 2101 700 2152 ζτᾶδιον
733 2107 805 2156 τῆς
836 2099 1067 2152 Πάλλαδος]
1105 2104 1158 2143 ita
1189 2104 1304 2143 etiam
1334 2103 1552 2143 Cedrenus:

97 2161 246 2202 Verum
275 2162 480 2214 Xylander
510 2158 654 2211 ξόανον
682 2161 737 2199 ibi
766 2162 975 2210 legendum
1013 2161 1258 2213 suspicatur3
1295 2160 1405 2199 haud
1431 2167 1552 2199 recte.

97 2217 332 2270 Hesychius.
389 2216 648 2272 Ακρωτήρια,
680 2216 728 2258 τοὶ
748 2216 881 2259 ἐπάνω
901 2220 980 2257 τῶν
1007 2221 1117 2258 ναῶν
1135 2214 1256 2266 ζώδια
1275 2214 1553 2269 οἷνατιθέμενα.

99 2271 244 2323 saidam!
276 2273 356 2314 hoc
383 2275 474 2313 loco
501 2275 606 2314 idem
637 2281 772 2325 sonat,
809 2273 919 2325 quod
950 2270 1231 2327 ἆπεικόνισμα,
1275 2275 1356 2312 sive
1388 2270 1553 2327 ἄγαλμα.

98 2330 344 2384 Pherecydes
375 2331 483 2384 apud
499 2332 550 2370 Is.
579 2333 781 2380 Tzetzem,
811 2330 985 2370 Palladia
1018 2337 1157 2381 voca·‚t
1195 2328 1244 2371 τὰ
1275 2327 1553 2383 εἷχειοοποίητα

99 2386 370 2441 mammam,
397 2388 466 2429 καὶ
488 2390 571 2428 πᾶν
591 2404 635 2428 το
668 2388 708 2437 ἐξ
738 2384 918 2440 ουρανοῦ
945 2384 1043 2439 πρός
1066 2390 1144 2441 γῆν
1173 2383 1443 2438 παλλόμενον,
1474 2399 1554 2424 non

99 2457 219 2482 manu
235 2445 363 2497 fictos
387 2454 558 2494 statuas,
596 2442 664 2484 sed
702 2442 890 2498 quicquid
921 2442 1082 2483 coelitus
1114 2444 1155 2481 in
1191 2453 1331 2481 ier-ram
1363 2441 1551 2482 vibratur.

98 2499 371 2551 Apollodorus
397 2501 515 2540 etiam
537 2501 646 2553 apud
667 2501 844 2550 eundem,
877 2500 1018 2549 tradit,
1048 2498 1171 2548 Ilum,
1199 2509 1405 2552 postquam
1430 2496 1552 2536 Ilium

99 2553 358 2607 condidisset,
386 2572 546 2596 vaccam
566 2567 789 2611 sequutum.-
816 2571 946 2597 orasse
963 2566 1006 2595 ut
1034 2554 1175 2595 videret
1190 2555 1356 2607 signum,
1386 2562 1552 2607 tuncque

102 2608 326 2651 Palladium
351 2611 550 2652 decidisse.
609 2614 814 2652 Caeterum
844 2613 1060 2652 Palladium
1087 2610 1383 2663 11οο,τέλεσμα
1420 2609 1550 2660 quod-

99 2666 190 2705 dam
209 2666 328 2706 fuisse
348 2675 462 2720 putat
477 2669 725 2709 doctissimus
743 2671 824 2709 Jac.
858 2669 1101 2717 Gaffarellus‚
1135 2664 1410 2706 Curiositatum
1430 2663 1549 2704 Ῑηαιι-

99 2721 293 2774 diturum,
322 2723 468 2764 Gallice
489 2726 748 2778 scriptarum,
773 2736 877 2779 part.
907 2731 947 2768 2.
981 2739 1066 2777 cap
1091 2727 1128 2765 6.
1161 2723 1225 2761 cui
1254 2722 1340 2775 ipse
1366 2721 1547 2761 81530111-

97 2778 322 2818 bentissime
351 2782 519 2833 accedo,
549 2783 713 2822 Autoris
742 2783 867 2822 nostri
889 2782 1012 2821 fretus
1037 2778 1285 2829 testimonio,
1318 2778 1385 2831 qui
1411 2778 1548 2816 asserit

98 2835 319 2876 Palladium
346 2837 468 2878 fuisse
495 2838 764 2892 τετελεσμένον
790 2855 828 2880 τι
857 2840 913 2888 εἰς
939 2839 1074 2890 νίκην,
1107 2833 1306 2889 φυλάττον
1331 2850 1406 2887 την
1428 2831 1546 2875 πόλιν
