1838 3230
253 290 286 325 E

191 693 287 731 V4l

163 831 196 864 Ο
221 830 287 867 114

311 165 408 214 898
697 160 988 206 IOANNIS
1020 164 1363 208 MALALAE

313 277 447 337 γὸντες
475 279 521 323 τὸ
541 281 745 335 λείψανον,
782 277 974 338 σύραντες
1001 280 1076 334 ἔξω
1094 287 1166 338 τῆς
1197 281 1348 334 πόλεως
1372 283 1610 339 Ἀντιοχείας
1626 282 1746 328 hotv-

309 366 388 392 σαν
408 347 637 405 φρυγάνοις.
708 346 729 390 ὃ
760 350 804 391 δὲ
823 349 1012 401 βασιλεὺς
1031 349 1295 400 Ἀναστάσιος
1329 353 1537 406 διδαχθεὶς
1568 369 1747 409 προεχειν·

311 418 451 473 ρίσατο
483 414 641 470 κόμητα
670 415 870 471 ἀνατολῆς
895 419 1109 474 Εἲρηναῖον
1142 419 1211 461 τὸν
1239 417 1563 475 Πενταὸιαστήν,
1593 419 1748 464 Ἀντω-

306 484 401 539 χέα·
447 486 512 525 καὶ
532 485 713 537 ἐποίησεν
740 485 937 539 ἐκδίκησιν
972 488 1036 527 καὶ
1071 485 1201 542 φόβον
1221 487 1262 528 ἔν
1280 491 1329 543 τῇ
1350 485 1473 530 πόλει.

405 549 454 594 Ὁ
475 553 518 593 δὲ
538 551 660 600 αὐτὸς
678 552 866 604 βασιλεὺς
885 551 1068 609 ἐκούφισε
1088 554 1161 608 τὴν
1183 557 1427 610 λειτουργίαν
1445 557 1519 597 τοῦ
1531 553 1746 610 ’λεγομένου

304 617 590 676 χρυσαργύρου
624 623 761 661 πᾶσαν
790 622 1092 672 διαιωνίζουσαν
1119 621 1198 664 ἀπὸ
1229 623 1345 664 θείου
1377 621 1520 673 τύπου,
1557 620 1647 677 ἥτις
1665 622 1749 664 ἐστὶ

310 685 462 742 μεγάλη
484 689 550 729 καὶ
577 687 734 743 φοβερὰ
753 689 973 743 φιλοτιμία,
1011 687 1245 740 ἇντεισάξας
1264 697 1352 740 ταῖς
1370 691 1502 740 θείαις
1519 692 1749 747 λαργιτιῶσι

308 752 508 811 πρόσοδον
533 755 614 797 ἄντ’
639 755 764 797 αὐτοῦ
795 757 837 797 ἐκ
855 760 935 798 τῶν
954 758 1066 799 ἰδίων
1089 757 1226 800 αὐτοῦ.

366 822 523 865 ’Έκτισε
557 823 601 865 δὲ
627 821 648 865 ὃ
676 823 798 872 αὐτὸς
826 824 1016 877 βασιλεὺς
1046 825 1087 867 ἐν
1108 825 1326 884 Ἀντιοχείᾳ
1351 826 1416 867 καὶ
1446 824 1521 881 τὴν
1537 824 1750 880 λεγομένην

301 889 515 948 Ῥουφίνοὺ
537 893 603 932 καὶ
620 891 723 933 κατὰ
743 889 859 933 πόλιν
877 895 950 946 τῆς
975 890 1196 946 Ῥωμανίας
1222 891 1401 949 διάφορα
1430 894 1643 947 κτίσματα.

405 959 491 1001 Ἐπὶ
520 959 564 1000 δὲ
582 963 655 1014 τῆς
674 958 798 1001 αὐτοῦ
818 961 1023 1012 βασιλείας
1042 958 1288 1017 παρελήφθη
1307 959 1468 1014 Ἄμιδα,
1503 958 1751 1017 μητρόπολις

310 1026 438 1083 ὀχυρὰ
468 1024 573 1068 πάνυ
603 1031 676 1081 τῆς
706 1029 1053 1080 Μεσοποταμίας,
1099 1030 1164 1070 καὶ
1196 1026 1551 1080 Θεοδοσιοῦπολις,
1587 1027 1750 1086 πολέμῳ

311 1100 518 1152 ληφθεῖσα
536 1093 615 1136 ὑπὸ
638 1092 831 1147 Κωάδου,
855 1096 1052 1148 βασιλέως
1072 1100 1260 1150 Περσῶν,
1278 1094 1519 1145 ἐπελθόντος
1535 1099 1608 1138 τοῦ
1629 1099 1751 1148 βασι-

1758 562 1780 598 5

1759 901 1806 935 10

309 1164 408 1212 λε’ως
439 1162 542 1216 μετὰ
570 1161 777 1215 δυνάμεως
804 1167 967 1218 πολλῆς.
1039 1163 1156 1217 ἔλαβε
1193 1165 1236 1206 δὲ
1261 1161 1552 1219 παραλήπτους
1579 1161 1600 1206 ὃ
1629 1161 1752 1211 αὐτὸς
1785 1195 1789 1198 -

306 1231 497 1285 βασιλεὺς
519 1233 694 1286 Περσῶν
711 1233 1036 1283 Κωνσταντΐνον,
1073 1231 1299 1287 στρατηγὸν
1324 1229 1530 1285 Ῥωμαίων
1559 1228 1746 1283 δυνατόν,

257 1337 259 1340 .
307 1296 568 1355 φυλάττοντα
600 1297 674 1351 τὴν
694 1297 820 1352 αὐτὴν
844 1297 1196 1350 Θεοδοσιούπολιν,
1234 1301 1300 1340 καὶ
1320 1299 1466 1348 ἄλλους
1487 1299 1532 1341 δὲ
1552 1296 1748 1348 πολλούς·

306 1368 446 1415 οἵτινες
473 1366 539 1407 καὶ
567 1363 825 1419 ἐτελεύτησαν
846 1366 885 1406 ἓν
907 1373 990 1414 τοῖς
1011 1371 1226 1422 Περσικοῖς
1247 1367 1395 1421 μέρεσι.
1465 1368 1532 1408 καὶ
1556 1363 1751 1422 ἐπεστρά-

306 1450 420 1477 τευσε
439 1432 542 1475 κατὰ
559 1436 732 1487 Περσῶν
752 1431 772 1474 ὅ
797 1432 918 1481 αὐτὸς
933 1432 1193 1483 Ἀναστάσιος
1212 1431 1412 1486 βασιλεύς,
1434 1433 1600 1487 πέμψας
1613 1431 1750 1490 Ἀρεό-

303 1504 445 1556 βινὸον
478 1500 549 1542 τὸν
571 1501 842 1556 Δαγαλαίφου
861 1498 972 1553 ὗιόν,
1011 1499 1293 1556 στρατηλάτην
1323 1501 1544 1555 ἀνατολῆς,
1581 1500 1653 1544 τὸν
1677 1500 1750 1543 ι’ίν-

1762 1239 1804 1274 15

308 1572 387 1625 δρα
402 1565 639 1618 Ἰουλιάνας,
654 1569 719 1609 καὶ
741 1569 954 1623 Πατρίκιν,
969 1567 1249 1624 στρατηλάτην
1272 1573 1343 1611 τοῦ
1364 1566 1538 1624 μεγάλου
1561 1568 1807 1624 πραισέν-20

304 1654 393 1689 του,
435 1638 500 1678 καὶ
521 1633 716 1689 ιΥπάτην,
743 1634 1024 1691 στρατηλάτην
1047 1637 1299 1692 πραισέντου,
1336 1636 1407 1678 τὸν
1425 1636 1512 1678 υἶόν
1536 1637 1751 1679 Σεκουνδί-

305 1722 378 1747 νου
402 1708 474 1746 τοῦ
498 1704 734 1758 πατρικίου,
769 1705 835 1744 καὶ
856 1703 927 1745 τὸν
957 1706 1166 1761 πατρίκιον
1185 1704 1401 1755 Ἀππίονα,
1436 1701 1609 1758 ποιήσας
1627 1703 1751 1745 αὐτὸν

306 1771 483 1829 ἔπαρχον
510 1770 764 1828 πραιτωρίων
805 1770 1025 1826 ἀνατολῆς,
1078 1773 1144 1814 καὶ
1173 1775 1335 1826 πλῆθος
1367 1770 1529 1828 ἄπειρον
1558 1775 1752 1828 στρατιᾶς

308 1899 520 1936 Antiochiam
552 1899 668 1934 urbem
699 1901 907 1945 projectum,
944 1895 1076 1935 cremiis
1108 1901 1367 1936 combusserunt.
1423 1900 1471 1935 lm
1498 1902 1614 1935 erator
1640 1902 1753 1934 autem

309 1946 520 1987 Anastasius,
543 1944 601 1979 ubi
622 1946 707 1979 haec
731 1946 1076 1988 audieranorientis
1097 1946 1260 1981 comitem
1283 1945 1454 1981 constituit
1493 1956 1648 1980 renaeum
1663 1945 1754 1978 Pen-

310 1992 507 2031 tadiustem,
531 1990 788 2026 Antiochenum:
815 1993 873 2036 qui
895 1992 1011 2037 poenis
1035 1992 1192 2037 populum
1215 2003 1392 2034 coercens,
1415 1995 1581 2026 terrorem
1603 1990 1753 2025 omnibus

308 2035 457 2070 incussit.

399 2080 491 2114 Idem
513 2081 711 2124 Imperator,
736 2081 850 2115 divino
873 2093 931 2117 suo
948 2082 1081 2123 Edicto,
1104 2085 1303 2128 perpetuum
1320 2081 1404 2116 illud
1425 2079 1653 2127 Chrysargnri
1670 2078 1753 2113 Tri-

309 2127 427 2160 butum
450 2125 582 2170 penitus
605 2126 752 2160 sustulit:
777 2127 946 2172 sacrisque
969 2128 1239 2172 Largitionibus‚
1260 2128 1296 2161 in
1318 2128 1426 2161 locum
1449 2127 1535 2171 ejus,
1557 2124 1686 2160 reditus
1709 2124 1753 2158 de

309 2170 451 2216 proprio
483 2170 751 2205 subministravit.
820 2172 1007 2217 Egregium
1031 2175 1094 2207 hoc
1117 2173 1248 2217 Regiae
1280 2172 1547 2217 magnificentiae
1573 2173 1608 2204 et
1630 2169 1755 2204 miran-

311 2217 390 2250 dum
412 2215 511 2260 plane
534 2215 728 2259 exemplum.

401 2261 494 2294 Idem
518 2260 618 2294 etiam
641 2261 841 2295 Antiochiae
864 2263 980 2297 Rufini
1003 2263 1179 2298 Basilicam
1201 2262 1421 2298 instauravit:
1443 2261 1538 2296 varia
1560 2259 1661 2294 etiam
1682 2259 1754 2295 Ro-

310 2305 441 2341 maniae
463 2316 525 2350 per
547 2306 647 2339 urbes
679 2305 833 2340 aedificia
855 2308 1030 2344 excitavit.

402 2351 532 2384 Eodem
553 2351 754 2395 Imperante‚
781 2351 956 2386 Persarum
980 2365 1042 2387 rex
1064 2353 1206 2394 coades,
1239 2350 1369 2397 ingenti
1391 2349 1540 2384 exercitu
1563 2349 1754 2392 instructus,

308 2395 607 2441 Theodosiopolim
639 2399 741 2439 atque
764 2396 935 2438 Amidam,
970 2399 1214 2432 munitissimam
1237 2395 1502 2440 Mesopotamiae
1525 2395 1755 2440 Metropolim,

309 2441 398 2475 bello
423 2441 534 2486 cepit:
590 2440 844 2474 Constantinum
867 2453 1019 2486 quoque,
1056 2443 1182 2477 Ducem
1205 2443 1423 2475 Romanorum
1447 2439 1680 2481 fortissimum,
1718 2444 1755 2473 et

311 2487 405 2520 urbis
421 2485 787 2530 Theodosiopolitanae
810 2486 1002 2529 Custodem,
1028 2500 1102 2521 cum
1124 2487 1271 2532 pluribus
1295 2485 1380 2526 aliis,
1405 2484 1574 2529 captivum
1594 2484 1754 2524 abduxit3

311 2530 371 2575 qui
403 2531 491 2564 diem
512 2542 607 2565 suum
638 2541 747 2564 omnes
777 2531 812 2564 in
835 2531 974 2565 Perside
998 2533 1162 2567 obierunt.
1207 2532 1394 2575 Imperator
1415 2530 1532 2574 itaque
1562 2529 1757 2564 Anastasius

310 2576 432 2610 bellum
455 2576 566 2610 Persis
589 2575 724 2617 intulit,
759 2574 794 2609 in
826 2576 1073 2620 expeditionem
1103 2578 1190 2610 hauc
1212 2575 1314 2609 missis
1338 2575 1528 2609 Areobindo
1551 2572 1756 2619 Dagalaiphi

310 2621 405 2661 filio,
429 2620 584 2654 Julianae
607 2621 770 2664 conjuge,
801 2625 836 2654 et
858 2621 997 2655 militum
1020 2622 1056 2655 in
1079 2622 1223 2655 Oriente
1246 2619 1432 2663 Magistr03
1469 2619 1618 2653 Patricio
1641 2619 1754 2659 etiam,

310 2665 429 2709 Magni
453 2665 645 2700 Praesentis
668 2666 814 2700 Militiae
838 2666 1025 2710 Magistr03
1055 2670 1091 2700 et
1113 2665 1276 2710 Hypatio,
1301 2664 1483 2698 Secundini
1505 2663 1648 2698 Patricii
1669 2662 1753 2704 filio,

308 2709 503 2744 Praesentis
525 2710 672 2744 Militiae
694 2710 881 2755 Magistr03
911 2711 1064 2756 Appione
1087 2722 1220 2755 quoque
1243 2709 1406 2750 Patricio,
1430 2720 1528 2754 quem
1550 2713 1586 2743 et
1607 2709 1754 2742 Praeto-

312 2754 366 2789 rio
389 2756 601 2789 Praefectum
626 2755 777 2790 Orientis
800 2756 990 2790 constituit:
1027 2758 1145 2790 horum
1162 2767 1243 2789 vero
1264 2756 1324 2789 sub
1344 2755 1449 2788 ductu
1471 2753 1654 2788 exercitum
1671 2751 1752 2785 emi-

312 2800 370 2841 sit,
394 2812 437 2835 ex
460 2799 678 2846 Equestribus
700 2804 736 2835 et
759 2801 972 2837 Pedestribus
997 2800 1124 2848 Copiis,
1146 2800 1438 2836 instructissimum.
1485 2798 1618 2834 Praelio
1642 2801 1752 2832 autem
