1838 3230
456 157 1089 204 CHRONOGRAPHIA.
1146 157 1195 202 L.
1226 158 1280 202 X.
1504 164 1604 212 245

131 280 275 330 δαίους
290 280 358 323 καὶ
379 279 455 330 τὰς
476 277 713 335 συναγωγὰς
735 276 872 321 αὐτῶν
894 275 1084 321 ἔκαυσαν.
1155 278 1223 321 καὶ
1246 276 1428 330 ἀκούσας
1446 280 1488 323 ἓν
1505 283 1604 323 Πα-

129 349 316 406 λαιστίνῃ
334 346 356 392 ὅ
377 347 504 404 ἱερεὺς
521 351 604 391 τῶν
625 346 761 390 αὐτῶν
775 346 987 390 Ἰουδαίων
1007 345 1177 401 ὀνόματι
1198 347 1351 400 Φινεές,
1371 350 1603 404 συναθροί-Ι
1622 359 1654 394 D

128 434 208 468 σας
228 420 393 473 πλῆθος
406 416 617 460 Ἰουδαίων
638 417 705 458 καὶ
722 416 978 468 Γαλιλαίων,
1011 419 1188 459 πολιτῶν
1209 415 1338 459 ὄντων
1348 450 1362 470 ,
1401 415 1457 467 ὥς
1478 415 1516 459 λ’
1535 435 1601 472 χι-

129 483 276 536 λιάδας
305 485 407 540 ἔχων
433 484 529 540 μεθ’
558 483 706 528 ἑαυτοῦ
740 479 871 540 ἦλθεν
899 485 1093 541 ἐξαίφνης
1123 485 1165 527 ἐν
1190 489 1242 542 τῇ
1273 484 1378 543 αὐτῇ
1392 484 1601 541 Ἀντιόχου

94 552 243 600 5πόλει
266 553 348 598 ἀπὸ
371 551 614 609 Τιβεριάδος
634 551 788 603 πόλεως
802 567 811 577 ’
848 554 915 596 καὶ
935 551 1149 610 ἐφόνευσεν
1169 552 1368 607 πολλούς,
1407 553 1463 605 ὦς
1491 553 1602 606 ἅπαξ

127 624 335 680 αἰφνίδιον
364 621 560 666 εἷσελθὼν
591 622 696 676 μετὰ
727 620 990 676 ὡπλισμένων
1017 621 1202 677 ἀνδρῶν·
1239 624 1307 665 καὶ
1335 620 1461 673 ἐάσας
1478 622 1602 666 πάλιν

127 691 320 747 ἀπῆλθεν
339 692 382 733 ἓν
404 688 616 747 Τιβεριάδι
636 689 657 733 ὃ
677 691 801 740 αὐτὸς
824 691 976 741 Φινεές.
1049 692 1116 733 καὶ
1140 695 1274 733 ταῦτα
1295 692 1449 745 μαθών
1477 690 1499 734 ὃ
1518 697 1601 746 βα-

113 759 263 810 σιλευς
291 757 418 810 Γάϊος
442 757 698 815 ἠγανάκτησε
726 760 831 805 κατὰ
868 764 950 802 τῶν
982 763 1259 814 συγκλητικῶν
1290 764 1372 803 τῶν
1401 759 1531 803 ὄντων
1561 762 1603 803 ἓν

126 833 180 886 τῇ
201 828 307 886 αὖτῇ
320 828 542 888 Ἀντιοχείᾳ
562 826 675 871 πόλει
690 826 883 872 Ποντόου
905 830 972 871 καὶ
994 827 1198 884 Οὐαρίου,
1236 831 1304 871 καὶ
1319 828 1488 884 πέμψας
1505 828 1602 884 ἐδή-

59 908 278 952 ·,1ομευσεν
308 897 460 947 αὐτους
491 898 668 954 ἐπαίρων
698 902 835 940 πᾶσαν
866 897 941 952 τὴν
971 899 1206 953 περιουσίαν
1236 896 1372 941 αὐτῶν
1406 900 1472 940 καὶ
1504 898 1604 948 τοὺς

123 967 397 1024 διαφέροντας
426 966 567 1016 αὐτοῖς
594 968 636 1008 ἓν
660 966 880 1025 Ἀντιοχείᾳ
911 966 1047 1015 οἷ’κους
1066 966 1303 1016 ἐτίτλωσεν,
1339 964 1458 1008 ἅτινα
1486 964 1602 1021 οἷκή-
1625 982 1659 1016 0
1681 982 1750 1018 315

123 1052 240 1090 ματα
270 1034 425 1090 ἐκλήθη
449 1035 500 1077 τὰ
532 1035 724 1088 βασιλικοὶ
755 1036 798 1085 ἐξ
820 1036 970 1078 ἐκείνου
995 1035 1036 1077 ἒν
1066 1039 1118 1091 τῇ
1147 1035 1253 1091 αὐτῇ
1277 1035 1499 1094 Ἀντιοχείᾳ
1529 1039 1603 1090 τῆς

124 1104 302 1160 Συρίας,
341 1103 502 1160 ἀγαγὼν
524 1106 589 1146 καὶ
612 1104 764 1153 αὐτοὺς
788 1104 1148 1160 σιδηροδεσμίους,
1187 1101 1290 1145 διότι
1312 1102 1404 1146 οἷ’τε
1425 1102 1500 1158 τήν
1522 1121 1598 1146 ταν
1620 1118 1653 1152 Ε

124 1172 256 1228 ραχὴν
285 1177 358 1227 τῆς
385 1171 541 1222 πόλεως
571 1172 753 1216 ἔπαυσαν
789 1171 880 1216 οὕτε
912 1176 970 1231 τῷ
997 1171 1098 1229 ἱερεῖ
1115 1173 1254 1221 Φινεὲς
1274 1176 1505 1230 πορθοῦντι
1527 1173 1601 1227 τὴν

63 1249 114 1289 ,15
124 1239 242 1285 πόλιν
266 1241 532 1296 ἀντέστησαν.

216 1309 402 1364 ’Ἐπεμψε
423 1310 468 1352 δὲ
486 1310 551 1352 καὶ
575 1309 617 1351 ἓν
642 1307 852 1366 Τιβεριάδι
874 1306 987 1351 πόλει
1007 1313 1080 1364 τῆς
1100 1310 1399 1364 Παλαιστίνης,
1429 1311 1497 1351 καὶ
1518 1327 1601 1351 παι-

113 1378 270 1436 -ρέλαβε
291 1378 362 1421 τὸν
383 1377 507 1422 αὐτὸν
530 1378 682 1430 Φινεές,
719 1379 826 1433 ἱερέα
848 1383 931 1421 τῶν
950 1377 1174 1431 Ἰουδαίων,
1212 1379 1278 1420 καὶ
1307 1376 1602 1434 ἀπεκεφάλισεν

122 1447 249 1491 αὑτὸν
270 1445 326 1497 ὥς
343 1445 557 1502 τύραννον,
595 1448 662 1488 καὶ
681 1447 858 1496 πολλοὺς
875 1447 1101 1496 Ἰουδαίους
1123 1449 1189 1489 καὶ
1217 1447 1461 1496 Γαλιλαίους
1483 1446 1599 1489 ἀπώ-

123 1521 224 1560 λεσε.
294 1518 363 1559 καὶ
392 1516 467 1571 τὴν
495 1515 676 1573 κεφαλὴν
700 1517 744 1558 δὲ
763 1520 835 1559 τοῦ
857 1515 994 1572 ἱερέως
1017 1516 1156 1566 Φινεὲς
1174 1514 1405 1558 ε’κόντευσεν
1427 1514 1504 1565 ἔξω
1526 1519 1600 1570 τῆς

59 1595 115 1631 ,20
124 1583 280 1635 πόλεως
295 1584 540 1639 Ἀντιοχείας
560 1585 687 1640 πέραν
707 1589 782 1627 τοῦ
799 1584 990 1640 Ὀρέντου
1010 1588 1224 1639 ποταμοῦ,
1261 1586 1329 1626 καὶ
1347 1583 1400 1626 τὰ
1419 1584 1593 1626 καυθέν-
1623 1595 1653 1628 V
1680 1593 1747 1630 104

121 1670 176 1701 ,τα
196 1654 239 1696 ἐν
261 1657 313 1710 τῇ
333 1651 447 1696 πόλει
467 1653 661 1696 ἀνενέωσε
685 1653 854 1707 πέμψας
873 1651 1081 1707 χρήματα.

225 1723 314 1766 ,Καὶ
340 1722 383 1765 ἐν
411 1721 524 1782 αὐτῷ
552 1725 611 1781 τῷ
633 1720 709 1764 ἔτει
730 1719 886 1778 ἐσφάγη
910 1719 931 1764 ὅ
953 1720 1079 1771 αὐτὸς
1101 1716 1226 1770 Γάϊος
1243 1720 1437 1774 βασιλεὺς
1456 1718 1536 1763 ἴσω
1556 1721 1598 1763 ἐν

155 1844 157 1847 ¹
215 1856 250 1891 5.
273 1852 481 1900 ἐφόνευσαν
505 1855 572 1889 Ox.
651 1853 706 1890 14.
730 1835 941 1898 πορθοῦντι
962 1853 1043 1895 ch„
1066 1853 1289 1896 πορθοῦντα
1312 1852 1379 1886 Ox.
1458 1852 1515 1888 20.
1536 1850 1598 1889 ’O—

213 1900 369 1948 ρέντου]
394 1900 573 1949 Ὀρόντου
600 1900 666 1935 ch.
713 1900 803 1935 Vide
826 1900 971 1934 dicenda
994 1901 1039 1935 ab
1060 1899 1155 1935 nobis
1179 1899 1223 1934 ad
1248 1911 1282 1945 p.
1307 1899 1386 1936 113.
1419 1899 1460 1933 A.

123 2018 327 2062 Synagogas
350 2027 465 2051 eorum
491 2012 649 2049 incendio
673 2014 909 2051 devastarunt.
971 2015 1078 2059 Cujus
1101 2013 1153 2049 rei
1174 2015 1298 2048 famam
1321 2023 1395 2047 cum
1418 2012 1453 2046 in
1475 2013 1598 2047 Palae-

123 2064 214 2099 stina
229 2062 435 2097 Iudaeorum
459 2061 508 2096 ibi
531 2061 710 2104 sacerdos,
736 2062 869 2096 nomine
888 2061 1034 2096 Phineas
1051 2060 1258 2106 accepisset3
1282 2060 1430 2095 collecta
1448 2059 1600 2094 Judaeo-

123 2119 197 2144 rum
221 2112 256 2143 et
280 2107 514 2142 Galilaeorum
538 2107 676 2152 copiosa
696 2107 931 2150 multitudine,
966 2119 1087 2153 nempe
1111 2106 1258 2152 triginta
1280 2105 1420 2140 circiter
1442 2105 1599 2146 millibus,

124 2153 170 2190 ab
194 2155 280 2189 urbe
303 2153 495 2188 Tiberiade
527 2153 713 2188 exercitum
736 2154 824 2187 hunc
853 2154 998 2194 ducens,
1037 2152 1252 2187 Antiochiam
1284 2151 1397 2186 subito
1422 2150 1596 2185 adoritur:

124 2199 372 2245 eujus.incolas
394 2199 590 2246 inopinatos
613 2199 825 2245 opprimens,
860 2198 1120 2244 quamplurimos
1144 2209 1261 2232 eorum
1284 2197 1510 2232 internecioni
1535 2196 1599 2229 de-

122 2245 196 2288 dit3
218 2251 403 2292 strageque
421 2245 540 2288 finita,
564 2245 786 2280 Tiberiadem
808 2246 924 2280 statim
939 2245 1080 2290 repetit.
1124 2245 1223 2278 Haec
1243 2243 1302 2277 ubi
1322 2243 1472 2276 audisset
1492 2242 1596 2276 Caius

123 2291 334 2338 Imperator,
369 2291 404 2325 in
427 2291 594 2326 Pontoum
619 2296 655 2325 et
678 2291 819 2326 Varium
841 2292 1046 2332 Senatores,
1071 2291 1131 2335 qui
1154 2288 1357 2324 Antiochiae
1382 2288 1597 2328 habitabant,

124 2335 179 2373 ira
201 2341 384 2372 commotus
408 2342 471 2372 est.
521 2337 633 2372 Missis
656 2337 775 2382 itaque
799 2337 858 2383 qui
881 2338 971 2372 bona
995 2348 1112 2371 eorum
1136 2335 1371 2381 publicarent,
1413 2334 1598 2377 domosque

125 2393 242 2418 eorum
265 2395 378 2418 omnes
402 2383 484 2418 fisco
511 2383 733 2425 addicerent3
772 2382 888 2428 (quae
908 2382 1053 2437 proinde
1078 2383 1122 2416 ab
1146 2379 1386 2419 Antiochenis,
1410 2380 1599 2419 Basilio-ae,

126 2427 151 2462 i.
175 2440 207 2463 e.
233 2428 351 2464 domus
374 2428 507 2474 Regiae
529 2429 739 2473 vocanturz)
762 2428 852 2475 ipsos
872 2434 974 2463 etiam
996 2427 1121 2463 ferreis
1143 2427 1362 2473 compedibus
1382 2425 1516 2458 vinctos
1535 2424 1599 2457 ad-

126 2473 207 2508 duci
225 2475 344 2519 jussit3
380 2487 421 2509 eo
444 2475 537 2520 quod
559 2475 920 2520 nequeAntiochenos
942 2474 1186 2510 tumultuantes
1209 2470 1507 2518 compescuissent3
1531 2481 1597 2505 nec

125 2518 280 2555 Phineae
302 2520 472 2556 sacerdoti
497 2522 616 2555 urbem
639 2520 810 2563 vastanti,
836 2520 970 2556 obviam
991 2520 1144 2555 ivissent.

218 2564 316 2613 Misit
345 2566 449 2601 etiam
473 2566 693 2602 Tiberiadem
717 2567 954 2610 Palaestinae,
995 2565 1053 2612 qui
1077 2565 1241 2600 Phineam
1271 2561 1481 2596 sacerdotem
1504 2572 1597 2596 com-

126 2611 347 2691 prehensum,
384 2616 546 2658 tanquam
576 2612 771 2647 rebellionis
802 2625 916 2654 reum,
952 2612 1067 2658 capite
1098 2611 1292 2645 multarent.
1339 2607 1469 2642 Multos
1491 2607 1594 2642 etiam

151 2655 274 2690 udaeos
305 2662 340 2691 et
371 2658 569 2701 Galilaeos,
609 2659 684 2693 neci
718 2658 825 2694 dedit.
882 2658 1033 2693 Phineae
1057 2661 1169 2692 autem
1191 2652 1377 2689 sacerdotis
1400 2658 1522 2699 eaput,
1558 2652 1593 2686 in

128 2701 270 2736 Orontis
292 2701 388 2737 fluvii
411 2703 488 2750 ripa
511 2704 691 2751 opposita,
716 2709 817 2739 extra
839 2705 959 2739 urbem
981 2701 1211 2742 Antiochiam,
1237 2703 1339 2734 conto
1362 2698 1503 2733 affixum
1525 2698 1594 2733 eri-

127 2748 288 2793 gebatur.
334 2748 433 2790 Quae
462 2761 546 2785 vero
569 2749 606 2784 in
627 2751 715 2786 urbe
735 2749 871 2796 ignibus
905 2751 1083 2795 absumpta
1108 2748 1270 2787 fuerant,
1311 2744 1416 2790 missis
1439 2744 1592 2791 pecuniis

125 2794 138 2828 i
166 2805 202 2829 se
223 2793 438 2828 instauravit.

140 2804 163 2841 P
220 2839 351 2875 Eodem
373 2850 457 2875 vero
481 2851 567 2876 anno
591 2841 694 2877 Caius
717 2841 908 2888 Imperator
933 2852 954 2875 a
976 2836 1204 2874 cubiculariis
1227 2835 1422 2879 Eunuchis,
1456 2835 1596 2872 Satelli-
