1838 3230
289 195 389 245 414
686 193 979 240 IOANNIS
1006 197 1346 243 MALALAE

286 315 449 366 βασιλεῖ
464 310 667 370 ’Ῑουστίνῳ
687 311 755 354 διὰ
773 317 1022 370 πρεσβευτοῦ
1043 318 1190 368 ταῦτα,
1222 314 1286 359 ὅτι
1323 317 1468 368 Φιλίας
1487 319 1555 361 καὶ
1581 316 1739 376 etp-hm,-

289 379 519 434 ἀναμεταξύ
540 377 655 434 ἡμῶν
674 381 923 437 λαλουμένης
941 384 1007 424 καὶ
1037 383 1245 439 γινομένης
1285 383 1337 437 τὰ
1355 386 1518 442 ἐχθρῶν
1534 384 1738 443 πράττεις,

286 447 377 490 ι’δοὺ
403 447 481 503 γὰρ
503 446 574 489 τὸν
590 445 853 502 ὑποκείμενόν
870 467 940 504 μοι
954 451 1125 504 βασιλέα
1143 453 1300 503 Λαζῶν
1321 452 1444 503 αὐτὸς
1461 456 1734 511 προεχειρίσω,

284 515 343 570 μὴ
365 514 463 558 ὄντα
482 513 560 557 ὑπὸ
580 515 653 569 τὴν
674 514 883 570 Ῥωμαίων
899 520 1116 574 διοίκησιν,
1155 519 1240 562 ἀλλ’
1265 517 1346 562 ὗπὸ
1373 520 1447 576 τὴν
1467 524 1643 578 Περσῶν
1659 539 1738 567 πο-

286 584 434 625 λιτείαν
454 584 496 633 ἒξ
518 585 676 633 αι’ῶνος.
748 587 814 627 καὶ
835 585 935 642 πρὸς
954 591 1084 629 ταῦτα
1102 586 1375 643 ἀντεδήλωσεν
1397 586 1418 631 ὃ
1436 587 1768 643 βασιλεῦςῬω-5

285 650 642 704 μαίωνἸουστΐνος
659 651 726 694 διὰ
746 658 1008 708 πρεσβευτοῦ,
1026 652 1166 708 (Ημεΐς
1187 672 1277 698 τινα
1296 660 1375 698 τῶν
1393 654 1663 712 ὑποκειμένων
1682 663 1736 716 τῇ

234 726 263 759 Β
285 716 459 777 ὑμετέρα
476 720 661 778 βασιλείᾳ
681 719 772 763 οὔτε
789 720 1130 776 προσελαβόμεθα
1148 722 1239 766 οὕτε
1258 722 1616 781 προετρεψάμεθα,
1645 725 1733 769 ἀλλ’

286 786 421 829 ἐλθὼν
442 787 544 843 πρὸς
573 784 681 841 ἡμᾶς
715 805 776 837 τις
816 787 985 844 ὀνόματι
1025 788 1211 840 Ζτάθιος
1244 793 1299 841 εἷς
1328 791 1380 834 τοὶ
1407 790 1582 848 ἡμέτερα
1610 794 1736 847 βασί-

285 858 372 897 λεια
406 853 557 910 ἐδεήθη
590 857 855 911 προσπίπτων
887 855 984 912 ἡμῖν
1008 858 1211 914 ῥυσθῆναι
1237 863 1311 902 τοῦ
1328 857 1560 916 Ἑλληνικοῦ
1578 859 1735 918 δόγμα-

285 939 357 972 τος
398 924 466 965 καὶ
498 927 660 966 θυσιῶν
690 923 848 978 ἀσεβῶν
893 928 960 968 καὶ
999 924 1203 980 δαιμόνων
1238 924 1393 982 πλάνης
1437 930 1504 971 καὶ
1543 928 1733 985 γενέσθαι
1745 940 1790 974 10

286 988 538 1047 χριστιανός,
586 989 820 1046 ἀξιούμενος
857 998 931 1048 τῆς
961 992 1171 1048 δυνάμεως
1204 999 1277 1037 τοῦ
1312 997 1476 1038 αἰωνίου
1517 1000 1620 1039 θεοῦ
1666 998 1735 1040 καὶ

142 1069 175 1104 Ο
200 1069 266 1107 137
291 1061 535 1115 δημιουργοῦ
571 1063 653 1102 τῶν
693 1058 896 1105 ἁπάντων.
973 1063 1039 1104 καὶ
1080 1066 1257 1104 κωλῦσαι
1294 1062 1364 1105 τὸν
1396 1061 1644 1118 βουλόμενον
1679 1066 1737 1116 εἷς

284 1128 473 1182 βελτίονα
498 1125 612 1176 τάξιν
635 1129 769 1171 ἐλθεῖν
812 1131 878 1171 καὶ
904 1133 1052 1185 γνῶναι
1080 1130 1179 1173 θεὸν
1211 1130 1407 1186 ἀληθινὸν
1429 1129 1544 1186 ἡμεῖς
1562 1148 1735 1189 προτρε-

286 1193 452 1249 πόμεθα
483 1193 588 1237 ὥστε
618 1196 852 1252 χριστιανὸν
885 1196 1010 1240 αὐτὸν
1046 1196 1254 1253 γενόμενον
1298 1200 1365 1240 καὶ
1399 1198 1626 1249 ἀξιωθέντα
1651 1203 1734 1244 τῶν

284 1263 536 1319 ἐπουρανίων
554 1265 790 1318 μυστηρίων
835 1267 890 1314 εἷς
917 1264 992 1319 τὴν
1024 1267 1131 1308 ῗδίαν
1160 1263 1415 1320 ἀπελύσαμεν
1441 1265 1596 1324 χώραν.
1665 1269 1732 1311 καὶ
1745 1275 1788 1312 15

284 1330 436 1387 ἐγένετο
457 1331 500 1373 ἐκ
518 1328 666 1373 τούτου
687 1331 817 1388 ἔχθρα
839 1333 991 1386 μεταξὺ
1010 1331 1219 1387 Ῥωμαίων
1253 1335 1320 1376 καὶ
1339 1337 1529 1391 Περσῶν.

231 1407 262 1441 C
387 1400 472 1442 Καὶ
504 1399 784 1455 προετρέψατο
820 1398 841 1442 ὃ
868 1400 1058 1453 βασιλεὺς
1087 1404 1262 1457 Περσῶν
1300 1402 1342 1443 ἐν
1371 1406 1431 1460 τῷ
1459 1402 1571 1460 αὖτῷ
1595 1399 1732 1461 χρόνῳ

282 1467 386 1526 ῥῆγα
412 1470 495 1510 τῶν
527 1465 693 1510 Οῧννων
727 1464 895 1522 ὀνόματι
925 1469 1106 1524 Ζιλγιβί·
1158 1470 1247 1525 περὶ
1278 1462 1325 1511 οὗ
1357 1467 1536 1519 ἀκούσας
1562 1469 1732 1512 Ἰουστῖ-

281 1553 352 1585 νος
382 1533 403 1577 ὅ
435 1532 647 1586 βασιλεύς,
686 1533 747 1577 ὅτι
778 1534 917 1594 πρῴην
939 1537 1013 1589 μὲν
1031 1536 1155 1586 αὐτὸς
1179 1531 1230 1591 ἦν
1252 1534 1583 1592 προτρεψάμενος
1607 1536 1732 1580 αὐτὸν

281 1603 385 1660 πρὸς
403 1600 602 1657 βοήθειαν
616 1600 847 1656 Ῥωμαίων·
883 1603 1050 1658 πέμψας
1067 1604 1143 1660 γὰρ
1163 1599 1214 1659 ἦν
1234 1604 1346 1662 αὐτῷ
1366 1606 1432 1646 καὶ
1452 1607 1566 1659 δῶρα
1599 1605 1787 1652 nomaso

282 1673 349 1714 καὶ
368 1669 557 1720 σύνταξιν
579 1670 673 1727 παρ’
700 1671 827 1713 αὐτοῦ
852 1672 991 1725 λαβὼν
1024 1671 1119 1726 μεθ’
1144 1669 1292 1728 ὅρκου,
1325 1670 1504 1722 ἀκούσας
1521 1670 1584 1715 ὅτι
1602 1688 1733 1729 προσ,

282 1737 404 1798 εῤῥύη
438 1742 498 1798 τῷ
533 1742 699 1792 βασιλεῖ
729 1742 928 1796 Περσῶν,
974 1738 1162 1795 ἐλυπήθη
1203 1737 1383 1797 σφόδρα.
1459 1738 1482 1782 ὃ
1529 1740 1574 1783 δὲ
1609 1739 1734 1791 αὐτὸς

374 1848 430 1883 11.
464 1843 683 1891 ἀξιούμενος
706 1846 785 1889 Ch„
808 1846 934 1881 Chron.
960 1858 995 1893 p.
1020 1848 1100 1884 333.
1125 1849 1172 1890 A,
1195 1844 1415 1892 ἀξιούμενον
1439 1848 1507 1882 Ox.
1610 1849 1664 1885 13.
1688 1845 1732 1894 ἢ-

371 1896 454 1972 μεῑς
480 1891 784 1974 πΙρῖἔιριῖπόμεθα]
818 1891 885 1930 οὐκ
907 1892 1103 1939 εἰσεδέχετο
1126 1892 1222 1940 ponit
1244 1894 1370 1928 Chron.
1394 1896 1430 1929 et
1459 1895 1580 1940 aperte
1610 1893 1727 1930 vitium

372 1951 408 1973 es
444 1950 480 1973 m
613 1950 647 1975 a.

282 2035 399 2078 gatum
431 2032 561 2068 Justino
590 2032 708 2067 literas
740 2032 852 2075 misit,
887 2032 922 2067 in
953 2033 1039 2068 haec
1059 2034 1167 2068 verba
1188 2032 1351 2080 scriptas=
1383 2033 1475 2076 „Tu
1489 2055 1500 2074 ‚
1521 2031 1669 2067 amicitia
1691 2036 1728 2068 et

282 2089 369 2123 pace
391 2077 481 2112 inter
503 2089 562 2112 nos
584 2079 699 2119 facta,
733 2079 869 2114 hostilia
898 2084 1011 2113 tamen
1034 2079 1116 2124 agis.
1171 2080 1265 2113 Ecce
1288 2079 1373 2113 enim
1395 2078 1561 2112 Lazarum
1583 2077 1725 2122 Regem,

280 2123 364 2158 mihi
385 2123 572 2163 subditum,
604 2123 835 2168 inaugurasti3
866 2135 943 2158 cum
966 2126 1025 2159 sub
1049 2125 1273 2158 Romanorum
1303 2133 1488 2168 nunquam,
1519 2123 1579 2157 sub
1602 2123 1728 2157 Persa-

280 2180 356 2203 rum
378 2179 461 2203 vero
485 2167 629 2213 Imperio
653 2180 784 2213 semper
806 2169 950 2204 fuerit.“
996 2171 1049 2204 Ad
1072 2171 1157 2203 haec
1175 2170 1321 2203 Justinus
1336 2169 1560 2203 Romanorum
1574 2167 1727 2213 Impera-

281 2218 339 2248 tor
363 2225 424 2259 per
447 2213 611 2257 Legatum
641 2213 673 2247 ei
704 2214 897 2260 rescripsit,
932 2214 1025 2250 hisce
1055 2215 1187 2249 verbis:
1228 2239 1252 2257 ‚‚
1265 2215 1338 2248 Nos
1359 2213 1564 2248 subditorum
1594 2217 1727 2247 tuorum

279 2258 426 2304 Imperio
450 2263 562 2293 nostro
588 2258 819 2304 adscripsimus
841 2260 1022 2302 neminem,
1053 2261 1109 2294 vel
1137 2260 1172 2293 in
1207 2264 1322 2305 partes
1354 2262 1486 2293 nostras
1507 2257 1724 2302 pelleximusz

279 2305 406 2339 Verum
427 2303 463 2337 in
487 2303 630 2338 ditiones
654 2308 784 2338 nostras
807 2305 899 2339 venit
910 2306 1066 2340 Ztathius
1083 2305 1230 2350 quidam,
1254 2303 1451 2350 suppliciter
1472 2314 1533 2338 nos
1556 2310 1726 2348 precatus,

280 2349 333 2383 uti
356 2350 399 2383 ab
423 2349 569 2383 Ethnica
589 2348 774 2393 religione,
798 2351 973 2385 sacrificiis
994 2351 1132 2396 impuris
1155 2354 1190 2384 et
1213 2360 1331 2384 errore
1353 2347 1528 2382 Diabolico
1551 2347 1726 2390 liberatus,

281 2394 316 2427 in
340 2394 568 2428 Christianum
590 2394 711 2436 fieret,
745 2395 942 2440 aeternique
974 2396 1059 2439 Dei,
1090 2406 1199 2430 rerum
1231 2393 1372 2429 omnium
1406 2392 1570 2438 Opificis,
1599 2393 1726 2428 Gratia

280 2439 402 2484 dignus
426 2444 629 2476 censeretur.
682 2439 735 2474 Ad
761 2440 927 2474 meliorem
950 2441 1064 2486 itaque
1100 2441 1195 2474 vitae
1216 2439 1439 2474 conditionem
1469 2438 1586 2472 venire
1608 2438 1726 2473 volen—

279 2490 349 2519 tem
372 2485 551 2529 prohibere
573 2489 721 2519 nostrum
743 2496 809 2519 non
832 2490 926 2519 erat=
969 2486 1060 2526 Quin
1083 2490 1120 2520 et
1142 2484 1205 2518 Dei
1228 2484 1451 2529 cognitionem
1476 2488 1513 2518 ut
1542 2494 1593 2518 am
1618 2483 1724 2518 lecte-

278 2536 394 2571 retur‚
427 2541 500 2564 eum
535 2529 661 2564 hortati
682 2541 798 2565 sumus.
856 2530 1083 2565 Christianum
1114 2530 1259 2574 denique
1279 2530 1428 2570 factum,
1461 2529 1598 2564 coelesti
1622 2539 1728 2573 usque

279 2575 455 2620 Mysteriis
488 2574 677 2618 initiatum,
711 2575 746 2609 in
776 2575 947 2620 regionem
982 2587 1074 2610 suam
1103 2575 1295 2610 remisimus.
1304 2577 1330 2595 ‘⁶
1395 2574 1575 2609 Caeterum
1602 2573 1729 2608 exinde

279 2619 393 2654 Persis
417 2631 490 2654 cum
511 2621 668 2656 Roman-is
690 2620 886 2656 inimicitiae
912 2620 1182 2655 intercesserunt.

370 2665 501 2699 Eodem
523 2670 676 2712 tempore
692 2666 767 2700 Rex
788 2667 964 2701 Persarum
988 2666 1159 2709 Zilgibim,
1182 2665 1379 2699 Hunnorum
1400 2676 1529 2711 regem,
1550 2663 1585 2700 in
1607 2666 1722 2710 partos

282 2720 357 2743 suas
391 2710 594 2745 sollicitavit.
656 2712 758 2753 Quod
780 2723 853 2746 cum
875 2710 1023 2745 Justinus
1044 2711 1229 2756 Imperator
1252 2710 1423 2752 audisset,
1458 2711 1560 2755 (eum
1582 2709 1722 2750 scilicet,

283 2766 384 2798 quem
414 2755 487 2800 ipse
518 2756 611 2801 prius
643 2757 688 2791 ad
721 2757 945 2792 Romanorum
978 2755 1172 2791 societatem
1206 2755 1309 2790 missis
1344 2756 1439 2790 donis
1473 2754 1724 2801 quamplurimis

282 2798 514 2842 invitaverat,
537 2802 722 2847 foedusque
741 2804 931 2848 juramento
963 2802 1181 2843 firmaverat,
1213 2802 1255 2835 ad
1291 2802 1468 2836 Persarum
1498 2811 1612 2845 regem
1633 2809 1722 2832 nune

283 2844 515 2891 descivisse5)
536 2847 666 2893 ingenti
688 2847 742 2884 ira
764 2852 939 2896 correptus
961 2851 1024 2883 est.
1080 2848 1263 2883 Caeterum
1285 2847 1427 2884 nunnus
1447 2845 1530 2891 iste,
1562 2857 1585 2882 a
1607 2843 1722 2879 Coade
