1838 3230
266 187 362 234 164
660 178 951 225 IOANNIS
979 179 1314 225 MALALAE

264 300 398 360 φέρων
428 300 504 357 τὴν
529 298 754 356 συγγένειαν
784 297 827 341 ἐκ
853 303 926 342 τοῦ
956 298 1128 354 Οῗνέως,
1165 299 1364 355 βασιλέως
1391 304 1465 356 τῆς
1493 301 1722 353 ΑἲτωλΙας..

264 370 376 421 ὅστις
413 368 555 418 Οἲνεὺς
594 364 836 423 ἀγαγόμενος
872 374 1041 422 γυναῖκα
1079 366 1248 423 ὀνόματι
1284 368 1488 426 Ἐρίβοιαν
1521 367 1632 427 ἔσχεν
1673 370 1717 422 ἔξ

122 448 156 484 o
178 448 247 486 208
271 439 398 493 αὐτῆς
414 437 486 480 τὸν
506 435 655 479 Τυδέα.
704 436 770 476 καὶ
790 432 1038 491 ἐτελεύτησεν
1056 434 1290 493 ἡἘρίβοια,
1309 439 1374 480 καὶ
1391 435 1559 493 ἠγάγετο
1577 436 1719 496 ἑτέραν

263 512 431 564 γυναῖκα
466 501 633 557 ὀνόματι
655 501 889 547 Ἀλθαίαν»
911 505 978 545 καὶ
1009 503 1121 558 ἴσχεν
1152 506 1193 554 ἐξ
1223 504 1351 560 αὐτῆς
1376 506 1449 548 τὸν
1475 505 1717 562 Μελέαγρον

267 576 333 618 καὶ
365 570 573 628 θυγατέρα
608 567 777 624 ὀνόματι
805 567 1064 627 Δηιάνειραν.
1131 569 1323 629 νεώτερός
1341 589 1401 622 τις
1420 571 1589 627 ὀνόματι
1603 573 1750 628 Ἀχε-5

267 646 387 701 λῷος,
410 639 498 689 υἱὸς
518 638 810 690 Ποσειδωνίου,
833 642 1094 695 συγκλητικοῦ
1115 644 1189 683 τοῦ
1205 640 1382 693 Τυδέως,
1405 638 1715 696 ἐμνηστεύσατο.

269 709 290 753 ὃ
329 710 373 752 δέ
398 708 592 765 Ἀχελῷος
617 706 697 763 πρὸ
727 710 800 748 τοῦ
829 703 962 761 γάμου
991 706 1154 764 ἔφθειρε
1183 707 1257 762 τὴν
1286 706 1533 764 Δηιάνειραν
1559 706 1715 768 λάθρᾳ,

269 779 337 820 καὶ
363 775 467 830 μετὰ
499 778 632 817 ταῦτα
659 773 759 830 λέγει
789 771 848 833 τῷ
879 776 1003 831 πατρὶ
1034 775 1161 831 αὐτῆς
1191 780 1249 834 τῷ
1285 778 1413 829 Οἷνεΐ,
1467 776 1554 819 Οὐκ
1585 775 1719 826 ἄλλως

269 841 468 902 λαμβάνω
496 842 572 897 τὴν
599 841 810 898 θυγατέρα
839 858 938 894 σου,
974 843 1008 885 εἲ
1033 842 1090 898 μὴ
1111 841 1417 900 παραχωρήσεις
1435 861 1507 898 μοι
1529 843 1576 887 τὸ
1595 845 1741 898 βασί-’

270 910 375 955 λειόν
405 928 480 954 σου
514 912 686 953 διοικεῖν.
755 907 777 952 ὅ
810 910 854 952 δὲ
877 910 949 953 οὐκ
969 911 1138 965 ἐπείσθη
1159 911 1289 969 αὐτῷ·
1325 910 1549 955 καὶλοιπὸν
1564 911 1640 955 σῦν
1659 915 1718 970 τῷ
1730 923 1774 958 10

218 989 249 1023 C
272 981 360 1038 ῗδίῳ
391 980 515 1034 πατρὶ
542 978 711 1034 ἀντῆρεν
734 975 755 1020 ὃ
775 977 969 1036 Ἀχελῷος
993 983 1051 1036 τῷ
1085 981 1199 1021 Οἳνεΐ
1226 980 1291 1021 καὶ
1323 979 1564 1035 ἐπολέμησεν
1591 979 1717 1038 αὐτῷ.

270 1049 337 1091 καὶ
372 1044 615 1102 ἠναγκάσθη
650 1044 672 1088 ὃ
717 1046 859 1096 Οἰνεὺς
894 1046 1213 1103 προτρέψασθαι
1240 1046 1283 1089 ἐκ
1314 1051 1388 1102 τῆς
1417 1047 1558 1096 Φθίας
1579 1044 1720 1102 χώρας

270 1114 499 1171 στρατηγὸν
525 1119 705 1169 γενναῖον
716 1145 729 1165 ,
760 1111 963 1170 Ἡρακλέα
982 1114 1053 1157 τὸν
1074 1112 1284 1170 λεγόμενον
1303 1111 1584 1171 Πολύφημον,
1622 1131 1721 1158 συν-
1755 1124 1785 1140 ’·

271 1180 496 1237 ταξάμενος
519 1179 675 1224 διδόναι
697 1180 807 1240 αὐτῷ
833 1181 908 1236 τὴν
935 1180 1081 1224 ἑαυτοῦ
1114 1181 1326 1239 θυγατέρα
1358 1181 1433 1238 τὴν
1459 1180 1717 1239 Δηιάνειραν.

274 1250 385 1300 ὅστις
423 1248 633 1292 κατελθὼν
672 1248 775 1303 μετὰ
807 1253 881 1304 τῆς
918 1247 1088 1292 ἐνόπλου
1128 1249 1271 1308 αὐτοῦι
1290 1254 1484 1306 στρατιᾶς
1527 1250 1719 1304 συνέβαλε
1732 1255 1775 1292 15

272 1317 449 1372 πόλεμον
466 1316 569 1371 μετὰ
586 1317 861 1359 Ποσειδωνίου
882 1318 948 1358 καὶ
965 1320 1039 1359 τοῦ
1056 1317 1147 1359 υῗοῦ
1165 1317 1291 1359 αὐτοῦ
1305 1315 1513 1375 Ἀχελῴου.
1583 1319 1649 1361 καὶ
1666 1319 1722 1368 εἷς

272 1386 347 1442 τὴν
376 1384 584 1440 συμβολὴν
612 1384 715 1440 ξίφει
741 1381 761 1425 ὅ
788 1381 1045 1440 Πολύφημος
1074 1384 1145 1427 τὸν
1164 1383 1438 1428 Ποσειδώνιον
1465 1384 1613 1438 ἀνεῖλε,
1649 1385 1722 1429 τὸν

273 1453 429 1509 πατέρα
441 1448 661 1510 Ἀχελῴου·
698 1451 764 1493 διὰ
784 1455 905 1494 τοῦτο
926 1453 969 1493 δὲ
986 1453 1166 1502 ἐξέθεντο
1189 1452 1227 1494 οἳ
1256 1453 1418 1507 ποιηταὶ
1451 1450 1513 1495 ὅτι
1537 1452 1585 1496 τὸ
1603 1451 1722 1510 κέρας

272 1524 348 1564 τοῦ
363 1517 559 1577 Ἀχελῴου
584 1518 812 1562 ἀπέσπασεν
835 1517 855 1561 ὅ
872 1517 1090 1575 εΗρακλῆς,
1128 1518 1224 1576 ὅπερ
1243 1520 1327 1562 ἐστὶ
1341 1519 1415 1575 τὴν
1431 1520 1628 1577 πατρικὴν
1646 1520 1724 1563 αὖ·

273 1592 348 1632 τοῦ
367 1586 550 1642 δύναμιν.
587 1589 654 1629 καὶ
673 1585 861 1644 ἑωρακὼς
877 1586 947 1630 τὸν
965 1587 1068 1630 ἴδιον
1089 1587 1216 1630 αὐτοῦ
1239 1588 1394 1644 πατέρα
1412 1586 1598 1642 πεσόντα,
1622 1585 1778 1646 φεύ-20

274 1672 333 1713 γει
352 1655 545 1713 ἔφιππος·
581 1654 643 1697 διὸ
664 1656 730 1697 καὶ
747 1652 973 1711 γράφουσιν
993 1654 1118 1698 αὐτὸν
1137 1654 1466 1712 ἱπποκένταυρον.
1516 1657 1584 1699 καὶ
1603 1656 1644 1699 ἓν
1664 1659 1724 1714 τῷ

224 1741 256 1775 1)
280 1721 542 1768 καταδιώκειν
571 1721 697 1766 αὐτὸν
731 1722 802 1766 τὸν
834 1720 1092 1780 Πολύφημον
1119 1720 1322 1780 Ἡρακλέα
1354 1724 1549 1780 στραφεὶς
1575 1721 1725 1775 τοξεύει

366 1856 402 1892 5.
432 1851 613 1898 νεώτερός
641 1866 717 1896 τις,
751 1851 906 1899 ὀνόματι
929 1849 1118 1899 ’Ami-aios]
1152 1853 1379 1900 „Legendum
1401 1849 1532 1899 ἥντινα
1551 1851 1725 1898 νεώτερός

365 1913 434 1941 τις.
485 1900 680 1941 cedrenus,
713 1898 752 1943 ἐξ
784 1897 827 1945 ἧς
859 1899 936 1945 ἔσχε
962 1899 1030 1936 τὸν
1051 1897 1281 1946 Μελέαγρον,
1315 1899 1376 1935 καὶ
1397 1898 1466 1945 τήν
1488 1898 1724 1945 Δηιάνειραν,

366 1943 498 1991 ἥντινα
529 1942 701 1990 ἡρμόζετο
728 1944 937 1990 Ἂχελῶος.“
970 1946 1036 1980 ch.
1170 1947 1254 1984 ibid.
1286 1941 1451 1991 Ἀχελῶος
1481 1945 1549 1980 Ox.
1581 1955 1725 1991 semper.

368 1993 426 2028 15.
459 1992 630 2037 στρατιᾶς
651 1991 846 2035 cedrenus,
869 1993 1056 2037 στρατειοῖς
1078 1991 1147 2026 Ox.
1582 2024 1584 2027 ,

280 2105 410 2145 Oeneo,
436 2104 627 2139 Aetolorum
641 2116 725 2149 rege
740 2116 844 2149 genus
866 2104 1028 2139 ducebat:
1053 2104 1111 2150 qui
1132 2115 1268 2139 uxorem
1287 2102 1408 2138 habuit
1429 2102 1624 2145 Eriboeam,
1646 2103 1724 2148 Ty-

279 2149 335 2184 dei
359 2154 506 2185 matrem.
552 2150 700 2184 Eriboea
722 2156 834 2184 autem
855 2151 935 2184 fatis
956 2150 1134 2191 defuncta,
1157 2160 1296 2184 uxorem
1318 2149 1414 2183 duxit
1435 2149 1593 2190 alteram,
1615 2148 1724 2183 nomi-

279 2207 323 2229 ne
354 2195 548 2229 Althaeam:
587 2206 629 2228 ex
654 2207 721 2239 qua
751 2195 855 2229 filium
877 2196 1023 2239 suscepit
1056 2195 1285 2239 Meleagrum3
1324 2194 1494 2239 filiamque
1515 2194 1723 2229 Deianiram.

279 2241 380 2275 Hanc
398 2239 532 2284 juvenis
555 2240 708 2284 quidam,
742 2240 925 2282 Achelous,
957 2240 1129 2275 Posidonii
1152 2240 1258 2281 filius,
1284 2238 1344 2284 qui
1367 2238 1481 2284 Tydei
1503 2250 1545 2273 ex
1567 2238 1723 2273 consilia-

280 2286 340 2319 riis
363 2286 446 2327 fuit,
471 2286 699 2330 desponsatam
723 2285 785 2319 sibi
808 2286 955 2327 habens,
981 2290 1059 2319 ante
1081 2285 1213 2330 nuptias
1236 2284 1419 2318 clanculum
1441 2283 1600 2318 vitiavit:
1626 2283 1724 2317 dein-

282 2330 326 2365 de
348 2342 432 2365 vero
456 2331 592 2372 Oeneo,
616 2329 705 2375 patri
728 2331 818 2373 ejus,
842 2330 948 2371 dixit,
976 2331 1079 2364 filiam
1102 2330 1188 2365 illius
1210 2341 1246 2364 se
1267 2340 1335 2363 non
1358 2329 1426 2363 alia
1447 2328 1639 2363 conditione
1660 2328 1723 2362 du-

280 2380 429 2416 cturum,
453 2375 516 2411 nisi
540 2380 575 2410 et
593 2375 691 2420 regni
714 2374 1032 2409 administrationem
1050 2375 1150 2410 etiam
1173 2375 1236 2410 sibi
1258 2374 1470 2408 concederet.
1518 2373 1638 2407 Oenoe
1659 2385 1723 2408 ve-

279 2433 319 2456 ro
349 2427 532 2463 renuente,
568 2420 758 2462 Achelous,
795 2431 867 2454 cum
898 2424 996 2464 patre
1030 2433 1088 2455 suo
1103 2446 1114 2462 ,
1152 2420 1271 2454 bellum
1294 2419 1327 2453 ei
1348 2418 1462 2452 infert.
1508 2418 1724 2453 Necessitate

277 2466 386 2510 igitur
408 2467 550 2501 adactus
573 2467 726 2507 Oeneus,
748 2466 783 2499 in
806 2464 962 2499 auxilium
985 2466 1068 2506 sibi,
1101 2476 1142 2500 ex
1165 2464 1289 2498 Phthia
1311 2463 1469 2508 regione,
1497 2462 1613 2498 ducem
1634 2469 1723 2498 stre-

280 2523 397 2552 nuum,
434 2512 612 2546 Herculem
635 2511 820 2556 quendam,
853 2510 913 2554 qui
935 2515 971 2544 et
992 2511 1215 2555 Polyphemus
1239 2509 1346 2543 dictus
1368 2512 1440 2550 est,
1474 2508 1629 2543 vocavit:
1668 2508 1724 2542 cui

281 2556 383 2590 etiam
401 2557 436 2590 in
456 2568 592 2591 uxorem
616 2556 699 2591 dare
715 2555 908 2590 Deianiram
930 2555 1032 2588 filiam
1053 2555 1213 2599 promisit.
1258 2554 1346 2597 Poly
1369 2553 1482 2588 hemus
1496 2553 1627 2598 itaque,
1649 2564 1723 2588 cum

281 2602 431 2636 exercitu
467 2602 622 2643 veniens,
658 2601 693 2635 in
726 2600 938 2635 Posidonium
967 2600 1136 2644 filiumque
1159 2601 1229 2643 ejus
1251 2565 1454 2640 Acholium,
1491 2610 1584 2633 arma
1605 2598 1723 2635 movit.

280 2645 321 2679 In
343 2647 415 2692 ipso
439 2651 550 2681 autem
574 2658 773 2691 congressu,
803 2645 1026 2690 Polyphemus
1048 2644 1281 2686 Posidonium,
1312 2643 1452 2678 Acheloi
1475 2649 1625 2689 patrem,
1649 2644 1724 2688 gla-

277 2690 333 2725 dio
357 2692 511 2736 peremit.
559 2692 660 2726 Unde
683 2692 812 2726 Poetae
832 2690 1045 2731 fabulantur,
1088 2689 1267 2723 Herculem
1290 2689 1428 2723 Acheloi
1457 2700 1561 2723 cornu
1583 2688 1724 2723 avulsis-

278 2747 334 2776 se;
368 2737 550 2771 Paternum
573 2737 702 2771 scilicet
724 2735 894 2771 auxilium.
939 2735 1103 2770 Achelous
1127 2738 1259 2775 autem,
1281 2733 1340 2768 ubi
1363 2739 1492 2778 patrem
1516 2745 1646 2768 caesum
1669 2733 1724 2767 vi-

277 2780 350 2820 dit,
386 2782 502 2826 fugam
525 2793 628 2826 eques
653 2782 815 2827 capessit,
849 2780 936 2815 unde
959 2784 995 2814 et
1017 2791 1092 2814 eum
1114 2779 1426 2824 Hippocentaurum
1447 2778 1548 2813 fuisse
1578 2779 1722 2823 fingunt.

275 2824 476 2869 FugIentem
498 2832 610 2862 autem
632 2827 813 2864 Acheloum
835 2826 911 2862 dum
933 2825 1157 2871 Polyphemus
1179 2824 1387 2870 insequitur,
1412 2835 1588 2859 conversus
1608 2824 1725 2859 Ache-
