1838 3230
256 220 356 269 204
654 209 944 258 IOANNIS
973 211 1311 256 MALALAE

1390 334 1410 345 n
1462 329 1476 345 C

258 335 387 389 ὄνομα
408 334 511 377 ἴδιον
533 335 599 376 καὶ
622 336 702 375 τῶν
723 331 849 374 αὐτοῦ
874 330 1032 384 τέκνων,
1069 330 1125 382 ὥς
1144 330 1278 382 ἔδοξεν
1299 329 1424 389 αὗτῳ,
1456 350 1478 374 ο
1501 330 1708 382 Σέλευκος.

257 403 278 447 ὃ
302 405 346 447 δὲ
365 403 493 460 σοφὸς
507 402 751 450 Παυσανίας
769 400 930 450 ἐξέθετο
949 402 1004 450 εἷς
1021 399 1151 455 ὄνομα
1173 404 1246 442 τοῦ
1268 398 1416 442 ἑαυτοῦ
1437 399 1593 457 πατρὸς
1609 399 1712 456 ἔθη-ι
1732 445 1740 451 ,-

256 490 299 516 κε
323 472 370 515 τὸ
403 471 531 525 ὄνομα
555 474 629 525 τῆς
660 466 838 524 μεγάλης
861 468 1101 523 Ἀντιοχείας
1123 467 1144 510 ὅ
1167 468 1290 517 αὐτὸς
1320 468 1541 520 Σέλευκος,
1578 467 1711 523 ἐπειδὴ

257 543 323 583 καὶ
353 538 373 583 ὅ
405 539 532 582 αὐτοῦ
563 537 698 594 πατὴρ
727 537 929 591 Ἀντίοχος
961 537 1125 592 ἐλέγετο.
1198 536 1328 585 οὐδεὶς
1359 537 1403 578 δὲ
1433 537 1574 588 κτίζων
1596 533 1711 580 πόλιν
1741 579 1743 581 ,

255 612 311 658 εἷς
330 608 459 662 ὄνομα
480 604 727 660 τεθνηκότος
747 605 873 658 αὐτὴν
894 609 1027 647 καλεῖ’
1057 604 1140 647 ἔστι
1161 604 1238 660 γὰρ
1257 608 1381 660 λῆρος
1394 618 1403 627 ·
1437 603 1523 646 ἀλλ’
1545 606 1602 654 εἷς
1617 603 1744 649 Baro-5

203 694 232 728 c
255 695 315 731 μα-
339 678 486 728 ζῶντος
502 676 567 716 καὶ
588 672 764 723 ἑστῶτος
784 677 908 716 καλεῖ.
977 671 1118 729 ’ἥντινα
1141 670 1257 715 πόλιν
1276 674 1331 722 εἷς
1357 671 1486 726 ὄνομα
1504 670 1712 726 Ἀντιόχου

250 749 324 787 τοῦ
344 745 447 786 ἲὸίου
470 742 597 785 αὐτοῦ
615 743 721 805 υἱοῦ,
747 739 801 791 ὥς
817 742 1065 798 προείρηται,
1093 738 1266 783 ἐκάλεσε.
1302 740 1433 782 πολλὰ
1454 741 1498 782 δὲ
1518 741 1585 782 καὶ
1607 739 1714 784 ἄλλα

255 811 277 855 ὃ
298 812 420 861 αὗτὸς
442 809 684 867 σοφώτατος
703 811 948 859 Παυσανίας
964 813 1179 864 ποιητικῶς
1198 806 1497 864 συιέγρὰψατο.

351 879 399 923 ‘O
422 881 466 922 δὲ
495 879 618 929 αὐτὸς
635 879 828 928 Σέλευκος
841 880 914 920 ’καὶ
933 880 988 927 εἷς
1014 877 1088 933 τὴν
1103 876 1346 932 Ἱ-Ιρακλεΐὸα
1366 874 1439 931 τήν
1462 893 1560 919 ποτε
1580 873 1710 928 πόλιν,

254 950 341 993 νυνὶ
357 950 400 991 δὲ
411 947 626 1004 λεγομένην
637 946 825 1003 Δάφνην,
845 944 1037 1003 ἐφύτευσε
1056 945 1131 995 τὰς
1150 946 1426 1001 κυπαρίσσους
1442 945 1613 999 πλησίον
1635 948 1710 987 τοῦ
1723 954 1767 989 10

256 1019 365 1075 ἱεροῦ
397 1021 468 1059 τοῦ
491 1015 766 1066 Ἀπόλλωνος,
800 1014 904 1069 μετὰ
930 1014 1004 1064 τὰς
1029 1013 1302 1071 φυτευθείσας
1331 1013 1608 1068 κυπαρίσσους
1633 1010 1709 1055 vim*

255 1091 330 1129 τοῦ
359 1084 571 1142 Ηρακλέος
591 1088 664 1126 τοῦ
683 1087 869 1126 τελεστοῦ
881 1116 894 1135 ,
931 1087 1004 1125 τοῦ
1025 1083 1236 1130 κτίσαντος
1256 1081 1330 1135 τὴν
1346 1078 1522 1136 Δάφνην
1542 1082 1598 1130 εἷς
1617 1079 1713 1123 ὅνο-

254 1172 314 1207 μα
342 1152 490 1196 ἑαυτοῦ
522 1154 587 1195 καὶ
620 1152 864 1201 καλέσαντος
894 1151 1022 1205 αὐτὴν
1051 1149 1298 1207 ἹΙρακλεΐδα
1330 1146 1458 1192 πόλιν.
1530 1147 1633 1203 αὕτη
1668 1148 1714 1191 δὲ

106 1237 140 1270 o
163 1238 229 1272 261
256 1223 334 1272 ἔξω
356 1226 428 1264 τοῦ
453 1221 602 1270 ἄλσους
622 1216 673 1274 ’ἦν
693 1220 924 1274 κεκτισμένη
954 1220 1017 1261 ἐπὶ
1034 1219 1105 1261 τὸν
1128 1218 1226 1260 ναὸν
1246 1221 1319 1272 τῆς
1331 1214 1530 1272 Ἀθήνης·
1565 1216 1612 1259 τὸ
1635 1215 1711 1272 γὰρ

254 1294 328 1333 τοῦ
350 1287 603 1338 Ἀπόλλωνος
623 1288 728 1343 ἱερὸν
744 1289 962 1344 Δαφναῖον
982 1287 1157 1342 ἐλέγετο,
1189 1286 1315 1340 με’σον
1332 1284 1431 1327 ὄντα
1448 1289 1522 1327 τοῦ
1543 1284 1707 1338 ἄλσους.
1723 1294 1766 1330 15

256 1358 368 1408 ὅστις
382 1356 589 1413 “Ηρακλῆς
608 1358 673 1399 καὶ
695 1356 768 1410 τὴν
788 1361 862 1410 τῆς
884 1353 1016 1409 πάλης
1037 1356 1196 1405 ἐξέθετο
1217 1354 1358 1408 τέχνην
1378 1357 1551 1409 πρῶτος.

203 1442 236 1476 1)
361 1428 446 1469 Καὶ
475 1425 615 1468 λοιπὸν
639 1423 889 1478 ἐτελεύτησεν
909 1422 928 1465 ὁ
949 1423 1072 1472 αὐτὸς
1090 1423 1283 1471 Σέλευκος
1305 1423 1345 1462 ἐν
1363 1426 1414 1477 τῇ
1428 1418 1710 1479 Ἑλλησπόντῳ

252 1494 309 1539 ὢν
333 1495 527 1536 ἐνιαυτῶν
550 1491 629 1547 οβ’,
667 1495 733 1535 καὶ
755 1490 884 1548 ἐτάφη
905 1493 944 1533 ἒν
964 1493 1174 1549 Σελευκείᾳ
1194 1494 1266 1544 τῆς
1285 1490 1451 1545 Συρίας.

352 1562 478 1605 Μετὰ
511 1562 554 1604 δὲ
584 1562 658 1616 τὴν
687 1562 895 1614 βασιλείαν
925 1558 1121 1603 Σελεύκου
1152 1559 1407 1610 ἐβασίλευσεν
1437 1554 1564 1606 ὅυῖὂς
1582 1555 1710 1599 αὐτοῦ

245 1631 449 1684 Ἀντίοχος
472 1628 492 1673 ὅ
515 1631 743 1685 ἐπικληθεὶς
761 1628 907 1685 Σωτὴρ
931 1627 998 1683 ἴτη
1018 1628 1141 1670 εἴκοσι
1155 1641 1164 1650 ·
1201 1624 1312 1675 ὅστις
1323 1625 1526 1679 Ἀντίοχος
1545 1625 1708 1681 ἐφίλησε
1720 1634 1766 1669 20

251 1699 327 1755 τὴν
356 1700 463 1741 ἰδίαν
491 1698 695 1756 μητρυιὰν
723 1698 999 1755 Στρατονίκην
1025 1696 1098 1751 τὴν
1114 1694 1326 1752 θυγατέρα
1342 1693 1608 1750 Δημητρίου,
1645 1693 1711 1735 καὶ

345 1842 379 1876 1,
426 1837 475 1881 ὥς
497 1838 619 1884 ἔδοξεν
643 1837 762 1887 αὐτῷ,
795 1836 816 1874 ὁ
844 1836 1043 1882 Σέλευκος]
1077 1834 1133 1880 ,,ὃ
1158 1836 1356 1878 Σέλευκος,
1382 1834 1596 1870 redundat.“
1643 1833 1708 1869 Ch.

342 1888 376 1921 5.
403 1889 513 1931 λῆρον
539 1890 605 1921 ΟΧ.
718 1889 750 1921 9.
780 1887 832 1922 13.
854 1884 1092 1929 Ἡρακλεῖδαι]
1118 1884 1209 1918 Idem
1234 1884 1323 1928 quod
1343 1880 1569 1925 Ἡράκλειαν.
1616 1879 1710 1913 Red-
1746 1879 1751 1884 ⁴

344 1933 454 1966 denda
477 1934 561 1966 haec
585 1934 695 1967 forma
718 1931 876 1975 Syncello
902 1944 933 1976 p·
953 1933 1031 1965 257.
1055 1930 1098 1964 D.
1148 1931 1231 1963 Cum
1256 1928 1400 1963 diaeresi
1424 1933 1536 1961 autem
1558 1925 1711 1959 scriben-

345 1978 422 2011 dum
444 1979 590 2012 videtur.
701 1980 754 2013 12.
776 1975 991 2021 “Ηροικλεός]
1011 1974 1211 2022 Ἡρακλέους
1234 1975 1302 2010 Ox.
1414 1973 1469 2010 14.
1495 1972 1550 2010 15.
1575 1969 1710 2012 ἄλσους

343 2024 411 2058 ΟΧ.
504 2026 558 2060 15.
585 2024 767 2069 Δαφνέων
792 2024 860 2059 ΟΧ.

254 2154 365 2188 autem
387 2152 573 2186 Pausanias
595 2149 759 2192 tradidit,
784 2149 962 2184 Seleucum
984 2147 1185 2182 Antiochiae
1206 2156 1348 2190 magnae
1370 2154 1491 2178 nomen
1513 2142 1665 2183 dedisse,
1689 2152 1711 2175 a

255 2204 356 2245 patre
385 2210 445 2233 suo
470 2197 648 2231 Antiocho.
694 2196 817 2229 Verum
840 2207 936 2229 nemo
971 2195 1063 2229 urbis
1086 2193 1271 2234 Conditor,
1305 2202 1379 2225 eam
1401 2190 1437 2223 in
1461 2188 1627 2224 demortui
1650 2198 1710 2221 no-

254 2257 329 2279 men
351 2256 478 2278 vocare
500 2243 605 2277 solett
641 2242 820 2275 absurdum
845 2241 931 2274 enim
953 2241 1017 2274 hoc
1041 2243 1144 2274 esset:
1179 2238 1238 2272 sod
1260 2235 1407 2270 viventis
1431 2235 1573 2278 alicujus
1597 2237 1632 2267 et
1653 2244 1710 2266 su-

255 2290 408 2335 perstitis
440 2300 559 2322 nomen
583 2287 615 2321 ei
640 2286 737 2320 indit.
784 2287 906 2330 ltaque
930 2291 966 2320 et
992 2287 1109 2319 urbem
1134 2286 1219 2318 hanc
1243 2282 1426 2321 Seleucus,
1464 2279 1624 2314 Antiochi
1648 2277 1710 2311 filii

256 2336 308 2370 sui
325 2336 468 2377 nomine,
493 2332 703 2368 Antiochiam
723 2331 879 2365 vocavit:
906 2332 958 2364 uti
979 2331 1014 2364 in
1038 2330 1205 2376 prioribus
1229 2329 1365 2362 dictum.
1405 2326 1587 2360 Caeterum
1608 2323 1710 2358 multa

256 2382 357 2416 etiam
381 2381 467 2422 alia,
503 2379 643 2413 Poetice
665 2377 793 2422 scripta
815 2376 910 2410 nobis
936 2377 1072 2420 reliquit
1094 2373 1354 2421 sapientissimus
1378 2371 1574 2405 Pausanias.

345 2427 438 2460 Idem
461 2426 623 2460 Seleucus
646 2424 828 2467 cupressos
853 2422 1030 2465 plantavit,
1062 2422 1105 2456 ad
1129 2422 1245 2455 urbem
1267 2416 1483 2452 Heraclidem
1507 2415 1583 2448 olim
1605 2425 1710 2448 voca-

252 2476 334 2514 tam,
361 2483 449 2517 quae
472 2472 615 2516 Daphne
638 2480 726 2503 nunc
749 2468 950 2513 appellatur,
972 2469 1070 2510 juxta
1093 2467 1222 2500 Fanum
1246 2462 1426 2508 Apollinis3
1451 2460 1509 2494 ubi
1532 2465 1612 2494 ante
1633 2471 1709 2493 eum

253 2529 428 2563 cupressos
463 2517 562 2551 etiam
595 2515 811 2560 plantaverat
844 2513 1008 2547 Hercules
1034 2513 1168 2555 Mysta3
1210 2509 1268 2554 qui
1290 2508 1467 2552 Daphnem
1497 2505 1594 2540 istam
1630 2504 1709 2539 olim

254 2563 406 2597 condidit
432 2568 468 2596 et
491 2574 511 2596 a
534 2561 667 2596 nomine
690 2571 768 2600 sue,
808 2558 1022 2593 Heraclidem
1055 2558 1201 2590 vocavit.
1250 2554 1342 2587 Urbs
1366 2557 1477 2586 autem
1502 2553 1587 2585 haec
1609 2556 1710 2584 extra

253 2608 365 2642 lucum
388 2607 526 2642 condita
548 2608 635 2648 fuit,
655 2607 753 2650 juxta
776 2605 952 2638 Minervae
975 2603 1150 2647 templuun
1175 2599 1335 2645 Apollinis
1359 2598 1445 2631 enim
1469 2598 1594 2637 sanum,
1618 2595 1709 2638 quod

253 2653 476 2699 Daphnaeum
496 2653 691 2694 dicebatur;
716 2650 855 2684 mediam
877 2649 943 2683 luci
966 2653 1096 2693 partem
1120 2644 1310 2691 occupavit.
1358 2643 1523 2678 Hercules
1545 2645 1659 2677 autem
1680 2640 1708 2674 is

253 2700 340 2740 fuit,
369 2700 427 2744 qui
452 2699 650 2732 Palaestrae
673 2701 763 2731 artes
787 2695 910 2741 primus
933 2693 1058 2728 docuit.

344 2745 428 2778 Post
450 2746 535 2778 haec
558 2747 704 2782 mortuus
728 2746 778 2776 est
802 2741 962 2775 Seleucus
984 2738 1021 2773 in
1042 2737 1259 2782 Hellesponto
1284 2747 1385 2770 annos
1407 2737 1504 2769 natus
1526 2741 1646 2773 φησι,
1673 2734 1710 2764 et

253 2789 405 2834 sepultus
429 2794 479 2824 est
502 2789 538 2823 in
561 2787 722 2822 Seleucia
745 2788 880 2832 Syriae.

346 2835 489 2869 Seleuco
513 2833 672 2868 successit
695 2834 729 2866 in
751 2844 858 2877 regno
881 2830 968 2865 filius
991 2829 1195 2870 Antiochus,
1220 2825 1416 2871 cognomine
1439 2826 1565 2865 Soter3
1587 2831 1709 2865 regna-

256 2880 307 2915 vit
330 2892 432 2914 annos
455 2892 511 2916 xx.
557 2880 625 2914 Hic
648 2890 826 2914 novercam
847 2888 962 2919 suam,
985 2887 1083 2922 quam
1107 2873 1302 2921 deperibat,
1326 2870 1565 2911 Stratonicen,
1587 2868 1709 2902 Deme-
