1838 3230
656 135 956 193 EplsToLA2
1438 149 1540 198 729

0 274 14 309 Γ
72 267 122 308 -in
142 276 391 307 communem
417 269 636 307 sermonem
659 265 886 305 immutata:
922 271 1004 303 11011
1029 263 1211 304 obscura
1234 268 1364 303 tamen
1392 269 1543 303 restant

79 323 249 375 vestigia
275 324 462 364 Ionismi.
490 329 536 362 ut
554 319 680 391 κάρτα
698 321 852 372 δοκέον,
882 316 1137 375 ἆφαιρέοντα,
1162 315 1366 373 ασσοτέρα,
1400 320 1542 373 ἔπρησ-

80 392 144 430 σε,
174 376 402 434 (ἷεκτήριος,
429 376 624 432 ἐνωπήθη
645 382 696 434 τῇ
710 378 983 445 ..ἔπιῤῥάπίσεμ
1040 378 1092 418 Is.
1126 377 1381 416 casaubonus
1412 377 1461 415 ad
1482 378 1540 415 lo-

81 449 193 487 cum;
223 439 511 487 Εκνωπεῖσθαι,
540 437 614 484 ait,
642 437 678 474 si
702 436 760 475 ita
783 436 940 488 scripsit
963 444 1096 485 autor,
1127 447 1221 472 nove
1247 434 1447 486 usurpavit
1467 448 1541 485 pro

80 493 365 536 δυσωπεῖσθαι.
434 493 609 546 Nempe,
648 491 756 543 quod
791 491 968 541 mireris,
1001 489 1237 530 existimavit
1266 490 1390 529 verba
1419 489 1541 528 Athe-

10 547 16 551 ’
50 544 53 550 ’
79 550 168 590 naei
184 562 289 597 esse,
318 563 400 588 non
419 549 540 589 Ionis.
598 548 723 600 Atqui
754 547 999 589 ἐνωπεῖσθαι
1021 561 1100 586 vox
1128 546 1243 585 nihili
1272 554 1352 586 est:
1384 541 1542 598 ἐνωπη-

79 611 147 659 θη
153 619 249 646 vero
269 605 427 659 Ionica,
457 612 495 644 et
514 620 536 644 a
554 609 778 646 νωπεῖσθαι
795 605 979 644 formata.
1037 603 1277 655 Hesychius.
1308 600 1542 655 Ενῶπηται,

79 659 370 704 τεταπείνωται.
426 662 644 714 Antiquum
666 661 858 710 obtinuit,
888 674 976 699 cum
1001 661 1262 713 depravatum
1280 659 1380 699 illud
1401 666 1545 713 protu-

79 719 128 759 lit
146 733 196 758 ex
213 719 382 758 aliorum
401 718 500 770 fide,
530 718 657 758 nihil·
646 732 729 770 ipse
751 718 957 770 suspicans
976 718 1038 756 vel
1062 717 1268 756 sollicitus.
1325 718 1428 767 Lege
1448 730 1544 755 velo

19 799 21 803 ·
79 776 232 827 integre
261 773 506 828 νενοὶπηται,
542 777 631 814 1000
662 775 794 813 1111111Ιί
819 775 946 813 istius.
1012 767 1118 813 Idem
1151 769 1545 840 3111111Νενων-ηται,

79 834 377 882 τεταπείνωται,
407 831 736 884 καταπέπληκται.
793 832 895 882 Lege
913 831 980 869 hic
1002 844 1161 883 quoque
1178 845 1417 882 νενωπηται.
1476 831 1546 868 Pa-

81 888 256 928 trin-cha
272 888 435 928 Photius
467 889 510 928 in
539 889 686 927 Lexico
720 888 800 929 MS,
835 885 1097 939 Νενωπηται,
1132 887 1452 940 καταπέπληκται
1477 885 1547 926 καὶ

79 941 409 1000 κατεστύγνακεν.
465 946 696 985 Rectissime
721 942 878 997 quidem
902 944 1087 994 Phofius,
1115 951 1162 983 ut
1187 957 1236 982 ex
1257 943 1335 982 1100
1360 943 1548 982 10111310-

83 1011 132 1041 co
148 1003 404 1054 perspicuum
422 1008 495 1042 est.
556 1002 663 1050 Quid
684 1015 755 1052 ego
778 1002 828 1039 de
848 1000 1037 1039 Athenaei
1060 1001 1217 1053 interpr
1221 1007 1282 1039 ete
1301 1001 1452 1050 dicam,
1481 999 1549 1051 qui

81 1059 315 1111 Επιδημίας
331 1057 663 1112 Peregrinationes
682 1058 784 1097 intel
785 1064 985 1110 pretatur:
1014 1057 1178 1109 perinde
1196 1071 1242 1096 ac
1262 1057 1294 1095 si
1312 1058 1488 1108 Αποδημ
1492 1058 1550 1096 ίαι

81 1114 424 1154 inscriberentur?
462 1115 610 1154 Verum
647 1115 741 1153 alibi
782 1128 941 1166 quoque
973 1114 1193 1167 ἕπιδημιῶν
1220 1114 1400 1152 meminit
1425 1112 1551 1151 Athe·
1574 1109 1607 1143 0
1632 1111 1677 1145 66

80 1185 224 1223 naeus,
251 1172 346 1211 utl.
365 1185 427 1211 111.
454 1174 535 1212 τῶν
558 1169 602 1212 δὲ
618 1186 757 1223 χημων
779 1168 1020 1223 μνημονεύει
1051 1174 1131 1211 Ιων
1162 1187 1183 1212 ο
1175 1169 1302 1236 ι’Χῖος
1331 1170 1375 1210 ἐν
1395 1171 1550 1221 Επιδη-

83 1229 203 1282 μίαις.
260 1228 441 1277 Intellige
459 1228 520 1266 De
541 1226 768 1266 adventibus
791 1225 986 1266 clarorum
1011 1227 1180 1266 virorum
1207 1227 1249 1264 in
1279 1225 1435 1274 Chium,
1465 1227 1550 1264 sive

82 1285 144 1323 De
165 1286 215 1324 iis
233 1286 302 1338 qui
319 1286 360 1323 in
379 1282 475 1324 Chio
505 1282 635 1324 insula
667 1286 900 1324 commorati
928 1292 1031 1322 sunt.
1099 1283 1287 1322 Similiter
1321 1297 1367 1322 ac
1390 1283 1549 1321 Polemo

82 1341 228 1380 librum
245 1340 390 1390 edidit,
419 1341 475 1380 De
504 1339 777 1379 Eratosthenis
798 1339 976 1379 adventu
1002 1338 1053 1377 ad
1080 1339 1263 1378 Athenas.
1331 1341 1550 1378 Enarrator

83 1397 231 1436 Comici
259 1398 312 1436 ad
335 1398 462 1435 Aves:
506 1395 701 1449 Πολέμων
735 1396 778 1436 ἐν
807 1399 865 1450 τῷ
901 1395 1069 1451 δευτέρω
1108 1395 1196 1449 περὶ
1231 1397 1303 1446 τῆς
1331 1393 1550 1451 Λθήνῃσιν

82 1452 392 1522 Ερατοσθένους
409 1452 632 1506 ἐπιδημίας.
689 1453 751 1491 Ex
773 1437 985 1516 Epidemiis
1003 1453 1127 1504 petita
1148 1453 1335 1492 videntur
1354 1453 1420 1491 vel
1446 1456 1550 1493 Τπο-

82 1507 283 1563 μνήμασι,
320 1523 420 1562 quae
448 1510 582 1548 laudat
611 1508 850 1548 Plutarchus
878 1509 919 1547 in
960 1510 1045 1547 vita
1078 1510 1266 1561 Periclis3
1308 1515 1347 1547 et
1376 1508 1549 1547 Cimonis

83 1567 204 1606 etiam
229 1580 312 1605 11011
339 1566 458 1615 longe
487 1581 509 1604 a
537 1566 753 1618 principio:
791 1569 856 1605 Ην
891 1563 934 1606 δὲ
964 1565 1033 1605 καὶ
1062 1582 1137 1616 την
1163 1565 1274 1606 ἰδέαν
1294 1561 1345 1605 ου’
1361 1563 1549 1618 μεμπτός,

84 1638 138 1671 ως
155 1635 283 1675 φησιν
303 1625 384 1663 Ιων
404 1621 426 1664 ὃ
443 1620 631 1674 ποιητής,
663 1619 762 1662 αλλα
782 1621 901 1675 μέγας
919 1617 1021 1677 ου’λῇ
1046 1621 1114 1662 καὶ
1135 1625 1264 1677 πολλῇ
1288 1622 1388 1674 τριχὶ
1409 1638 1550 1673 κομων

83 1695 159 1731 την
183 1675 377 1731 κεφαλήν.
447 1678 559 1726 Quae
587 1679 672 1717 sine
707 1678 828 1717 dubio
859 1685 916 1716 est
942 1678 1069 1716 oratio
1096 1679 1316 1731 pedestiis‚
1354 1685 1393 1716 et
1425 1679 1549 1729 magis

83 1735 285 1775 Plutarchi
305 1735 452 1784 verba,
480 1741 526 1774 ut
545 1736 747 1787 suspicor,
779 1747 894 1786 quam
922 1734 1043 1774 Ionis.
1101 1735 1265 1787 Magnus
1295 1741 1426 1774 tamen
1447 1736 1551 1775 Gro-

83 1792 164 1832 tius
181 1792 234 1832 ad
251 1791 410 1831 lambos
425 1791 611 1842 Tragicos
629 1791 808 1842 redigere
824 1797 990 1830 conatus
1015 1797 1093 1830 est:

307 1845 391 1900 Τὴν
409 1845 484 1902 γοῖρ
513 1847 624 1889 ἰδέαν
647 1863 695 1889 ου
715 1863 910 1918 μεμπτος,
935 1844 1022 1888 αλλ’
1042 1847 1112 1900 ἔην
1130 1846 1270 1902 μέγας,
1571 1852 1603 1888 V
1632 1853 1678 1890 34

305 1901 418 1960 Ovi-ff
438 1919 479 1945 τε
498 1907 626 1969 πολλῇ
644 1920 685 1945 τε
701 1903 804 1958 τριχὶ
820 1901 894 1957 τὴν
912 1902 1094 1957 κεφαλην
1112 1908 1264 1957 κομῶν.

84 1961 282 2002 Haechne
303 1967 433 2000 autem
454 1961 604 2009 oratio,
635 1967 716 2000 tam
737 1962 842 1999 leves
860 1963 1013 2000 numeri
1031 1962 1242 2013 Tragicum
1264 1960 1363 2012 quid
1382 1961 1548 2013 spirant,

86 2025 127 2058 et
144 2017 341 2057 cothurno
362 2017 554 2069 dignum?
583 2018 702 2056 Haud
721 2017 808 2056 vidi
825 2019 959 2069 magis.
1000 2018 1109 2066 Quid
1129 2017 1230 2056 illud
1249 2018 1550 2069 11)1(10111,1)0110

84 2074 221 2113 multis
244 2074 493 2127 interjectis?
527 2077 560 2115 Ο
579 2071 619 2115 δ’
640 2078 720 2115 Ιων
739 2071 1062 2128 οἷπομνημονευει
1083 2074 1151 2115 καὶ
1171 2073 1237 2116 τὸν
1256 2072 1391 2143 λόγον,
1411 2070 1451 2144 ᾧ
1475 2092 1551 2127 μα-

83 2134 196 2172 λιστα
211 2146 307 2179 τους
326 2131 597 2198 Αθηναίους’
579 2131 738 2183 εκίνησε
769 2130 963 2199 (Κίμων)
993 2135 1234 2185 παρακαλων
1259 2130 1357 2184 μήτε
1375 2147 1450 2184 την
1472 2135 1551 2171 Ελ-

85 2184 188 2228 zadoc
215 2186 366 2240 χωλην,
404 2183 504 2240 μήτε
533 2203 609 2241 την
647 2184 760 2229 πόλιν
787 2185 994 2242 ἑτερόζυγα
1036 2190 1231 2242 περιϊδεῖν
1268 2186 1547 2242 γεγενημένην.

86 2243 251 2283 Grotius
276 2245 442 2297 perinde
468 2243 569 2284 haec
598 2246 776 2297 accepit,
815 2250 1004 2298 tanquam
1032 2246 1066 2285 si
1094 2259 1144 2285 ex
1159 2245 1401 2297 Tragoediae
1424 2244 1547 2284 choro

85 2300 313 2354 desumpta
321 2301 506 2340 fuissent:

305 2353 427 2406 Μήτε
448 2355 522 2410 τὴν
542 2352 706 2398 Ελλαδα
725 2355 876 2410 χωλην,

304 2412 427 2466 Μήτε
445 2430 520 2467 την
535 2410 648 2455 πόλιν
668 2411 873 2469 ἑτερόζυγα

306 2471 511 2522 Περιϊδεῑν
529 2470 807 2534 γεγενημένην

85 2525 168 2565 Nos
182 2525 328 2589 pusilli
363 2526 595 2566 homunculi
626 2528 695 2567 vix
724 2540 934 2581 possumus
971 2539 1106 2565 carere
1132 2525 1398 2576 venia;cu1n
1433 2525 1549 2563 etiam

85 2581 248 2621 maximi
279 2581 429 2623 Heroes
458 2585 651 2623 labuntur
680 2584 893 2624 identidem
923 2589 960 2621 et
987 2582 1283 2621 hallucinantur
1307 2582 1547 2634 turpissime.

88 2638 257 2690 Scripsit
290 2639 363 2677 lon
399 2646 438 2680 et
471 2639 775 2694 ΡΙιίΖοεορῘιίι-α,
813 2647 859 2679 ut
888 2642 1264 2680 ΚΟΣΜΟΛΟΓΙΚ
1269 2641 1369 2678 ΟΝ·
1417 2638 1549 2679 801101.

86 2693 294 2747 Aristoph.
326 2701 386 2745 et,
423 2696 454 2735 si
485 2698 628 2737 Suidae
659 2698 877 2747 credimus,
918 2697 974 2735 De
1008 2697 1211 2746 meteoris,
1252 2702 1291 2734 et
1317 2697 1551 2746 compositas

88 2751 173 2789 sive
199 2757 356 2790 olnatas
391 2754 606 2794 orationes:
637 2749 774 2805 οὗτος,
814 2755 887 2803 ait,
929 2753 1076 2806 ἔγραψε
1105 2752 1196 2802 πεοὶ
1224 2748 1453 2805 Μετεωρων
1482 2751 1551 2792 καὶ

90 2807 321 2858 Συνθέτους
348 2806 505 2863 λόγους.
571 2811 662 2860 Quo
693 2787 793 2851 nihil
822 2809 997 2862 ineptius
1028 2810 1092 2850 vel
1122 2788 1259 2849 salsius
1296 2809 1375 2848 dici
1406 2808 1549 2860 potuit.
