1838 3230
89 54 98 65 a

663 140 960 187 EPISTOLA.
1232 200 1235 207 Ι
1442 145 1538 191 701

26 249 47 300 „lt
83 257 174 300 sula
197 257 311 302 creta
334 273 423 300 cum
453 256 552 300 Cato
578 259 834 299 Tarentinam
862 273 948 298 eam
981 255 1167 313 appellet,
1197 254 1313 297 credo
1337 254 1445 312 quod
1459 256 1544 309 pri-

25 301 44 360 {¹
83 330 191 356 mum
221 331 266 356 eo
295 317 460 355 venerit.-
490 325 526 354 et
551 317 593 354 in
611 315 792 355 Aenaria
819 317 973 355 succisa
1002 315 1242 367 regerminat.
1300 313 1424 351 Simili
1449 326 1542 351 sane

27 380 39 425 ς]
84 372 318 422 tralatione,
349 385 468 424 quam
486 372 699 424 Euripides
725 372 864 410 Cretae
895 371 1118 424 indigenam
1146 376 1286 420 vocat,
1319 369 1354 408 ei
1366 370 1541 422 patriam

31 442 34 449 “
83 442 169 468 esse
189 429 344 468 Cretam
361 428 515 467 Plinius
538 434 829 468 commemorat.
888 428 962 466 Sed
987 430 1028 466 in
1049 427 1132 479 ejus
1157 427 1291 466 verbis
1309 425 1462 463 macula
1481 426 1541 463 in-

83 490 149 523 est-
159 485 410 534 foedissima,
442 497 666 536 quanquam
690 483 799 523 haud
818 484 935 523 valde
957 484 1230 532 δυσέκπλυτος.
1288 482 1447 534 Quippe
1463 495 1539 534 pro

82 541 192 580 &aria
219 554 303 580 nou
326 553 466 592 magna
488 541 705 578 mutatione
738 541 945 590 legendum
976 547 1035 580 est
1057 541 1193 580 Tarra.
1251 538 1452 591 Siquidem
1476 539 1540 576 in-

27 610 34 619 ‘
81 603 325 650 terpretatur
349 596 454 646 ,haec
479 595 744 648 Theophrasti
771 597 840 635 lib.
870 602 908 640 2.
936 597 1039 638 Hist.
1072 610 1158 649 cap.
1186 599 1228 638 2.
1286 593 1540 647 Κυπάριττος

23 677 25 681 «
83 651 128 694 δὲ
156 651 265 707 παρά
293 651 367 707 μὲν
396 656 482 701 τοῖς
509 651 642 701 ἄλλοις
672 649 753 693 οἷπό
782 652 1022 706 σπέρματος,
1053 653 1097 694 ἓν
1123 648 1261 707 Κρήτῃ
1293 650 1337 694 δὲ
1367 651 1434 692 καὶ
1460 647 1540 692 vind

24 761 25 764 Ἰ
82 708 303 763 στελέχους,
333 705 425 751 οἷον
443 708 511 750 καὶ
534 705 617 750 α’πό
643 712 718 761 τῆς
747 712 896 762 κουρᾶς
915 710 957 750 ἕν
984 706 1135 764 Τᾶῤῥᾳ·
1167 706 1278 762 παραὶ
1293 705 1449 756 τούτοις
1463 704 1540 761 γάρ

81 764 187 807 ἐστιν
212 765 244 817 ἦ
267 764 529 820 κουριζομὲνη
563 763 814 818 κυπάριττος.
873 765 969 804 Mihi
1000 765 1157 818 quidem
1185 765 1264 804 hoc
1295 764 1442 804 certius
1466 770 1538 813 est,

81 834 200 874 quam
215 822 285 861 illa
301 835 403 874 quae
423 822 531 874 apud
553 823 725 874 Sagram.
783 822 862 861 Sed
879 822 970 873 quia
997 822 1210 862 difficulter
1231 821 1310 860 hoc
1337 820 1539 860 nonnullis

82 884 201 930 atque
230 891 346 930 aegre
374 878 601 931 persuaderi
634 878 778 928 video,
820 879 985 929 agedum
1021 893 1070 918 ex
1101 879 1238 917 Solino
1262 874 1540 931 πειθανάγκην

80 934 361 974 admoveamus
377 932 642 987 θετταλικὴν,
670 941 716 972 ut
744 941 883 974 contra
912 935 1034 987 siquis
1065 936 1228 984 sentiat,
1257 934 1358 973 nihil
1385 934 1538 975 sentiat.
1563 932 1596 968 V
1620 932 1664 968 17

78 991 174 1042 Ejus
196 992 317 1030 verba
334 998 428 1030 sunt
445 1005 530 1043 cap.
547 1004 647 1030 xvn.
676 989 792 1030 Mira
811 989 890 1029 soli
909 988 1054 1031 Cretici
1076 990 1345 1044 indulgentia:
1375 989 1541 1029 arbora-

79 1048 131 1086 rii
147 1057 354 1098 proventus
375 1046 645 1087 abundames:
673 1061 764 1085 nam
791 1048 832 1085 in
858 1046 972 1100 hujus
1000 1057 1150 1086 tamum
1178 1045 1327 1086 insulae
1350 1056 1463 1100 parte
1483 1061 1540 1084 re-

75 1101 277 1156 pullulant
293 1117 426 1142 caesae
442 1105 622 1156 cupressi.
679 1103 866 1142 Profecto
895 1110 964 1142 aut
979 1105 1102 1142 Tarra
1132 1104 1174 1142 in
1194 1103 1321 1142 Plinio
1345 1117 1417 1142 suo
1445 1102 1540 1153 legit

78 1159 250 1210 Solinus,
279 1165 347 1198 aut
367 1159 575 1198 Aenariam
597 1159 813 1198 arbitratus
833 1166 892 1198 est
912 1167 1064 1212 partem
1082 1174 1163 1198 esse
1179 1160 1330 1201 Cretae.
1389 1159 1540 1207 Quam-

83 1228 135 1253 ne
154 1222 269 1255 antea
300 1229 388 1267 cap.
407 1229 480 1257 vn.
510 1216 554 1254 in
584 1216 722 1254 insulis
749 1215 896 1254 Italicis
920 1217 1173 1255 numeravit?
1207 1216 1298 1254 Oris
1317 1229 1399 1254 esse
1420 1215 1539 1254 ferrei

83 1277 262 1322 oportet,
293 1272 361 1324 qui
378 1271 456 1311 hoc
476 1272 633 1313 dixerit.
693 1273 790 1320 Quis
809 1279 939 1311 autem
960 1273 1096 1312 credat
1123 1286 1329 1324 cupressos
1353 1272 1395 1310 in
1415 1271 1541 1310 Aena-

82 1331 142 1365 ria
157 1334 298 1380 sponte
315 1329 452 1367 nasci?
478 1329 716 1380 Ecquisnam
739 1328 872 1367 isthuc
891 1330 1100 1368 memoriae
1120 1327 1333 1382 prodidit?
1361 1343 1440 1367 non
1459 1342 1542 1367 ma-

83 1383 142 1434 gis
159 1383 382 1423 mehercule
401 1398 519 1437 quam
544 1386 648 1423 Batti
675 1384 855 1437 Silphion
885 1392 954 1424 aut
983 1386 1169 1425 auriferas
1200 1385 1327 1423 malos
1353 1385 1541 1437 Hesperi-

82 1439 190 1481 dum.
248 1439 395 1480 Verum
425 1447 471 1480 ut
497 1441 663 1480 ulterius
690 1442 1012 1494 progrediamur,
1047 1443 1162 1482 etiam
1185 1442 1361 1480 Solinum
1389 1455 1468 1479 non
1489 1440 1538 1478 ab

81 1496 189 1534 omni
204 1503 315 1548 parte
331 1511 469 1536 sanum
499 1511 583 1536 esse
614 1499 811 1537 existimo.
869 1498 992 1537 Valde
1015 1499 1115 1537 enim
1149 1498 1333 1550 suspicor
1362 1497 1416 1535 ita
1444 1497 1539 1536 scri-

78 1559 194 1605 ptum
212 1566 294 1593 esse
319 1554 558 1605 antiquitus:
588 1554 692 1593 Nam
718 1556 759 1593 in
786 1556 822 1592 T
820 1568 913 1592 arra
930 1554 1042 1607 liujus
1061 1554 1210 1593 insulae
1229 1563 1341 1607 parte
1365 1552 1537 1606 repullu—

80 1607 189 1648 lant:
217 1610 306 1656 vel,
333 1610 376 1648 in
396 1609 510 1661 hujus
527 1619 676 1648 tamum
699 1609 852 1650 insulae
878 1612 1000 1649 Tarra
1024 1610 1273 1663 repullulant.
1330 1611 1412 1648 Nec
1434 1610 1536 1649 enim

81 1679 104 1703 a
122 1665 282 1715 vulgata
302 1667 472 1704 lectione
491 1666 607 1716 longe
634 1667 750 1704 nimis
779 1666 973 1706 abscedo:
1010 1681 1084 1705 nec
1107 1667 1351 1718 probabilem
1377 1679 1536 1705 causam

80 1721 253 1773 reperire
273 1735 434 1774 possum
446 1751 456 1770 ,
487 1734 559 1759 cur
576 1722 786 1761 abstineret
807 1737 891 1761 eam
905 1732 1056 1776 partem
1077 1722 1228 1762 insulae
1248 1737 1320 1761 suo
1338 1723 1535 1761 vocabulo

80 1778 294 1819 nominare.
351 1779 527 1816 Dicerem
550 1778 686 1826 etiam,
714 1779 747 1816 si
769 1780 922 1817 animus
950 1785 1054 1818 esset
1077 1778 1265 1818 hariolari
1292 1782 1532 1831 conjectura,

79 1834 373 1874 similitudinem
389 1834 604 1873 verborum
636 1836 775 1873 Catoni
802 1836 1058 1888 imposuisse,
1087 1850 1176 1875 cum
1207 1849 1439 1889 cupressum
1459 1836 1533 1874 Ta-

78 1891 272 1929 rentinam
294 1891 520 1943 appellaret.
598 1891 799 1943 Siquidem
831 1893 927 1932 urbs
954 1894 1091 1931 Cretae
1123 1889 1275 1945 Τάρῥα,
1317 1894 1530 1931 Tarentum

80 1953 211 1985 autem
235 1942 365 2001 Τάρας
385 1954 566 1987 vocatur.
624 1948 768 1987 Lanam
794 1949 977 2001 quidem,
1006 1956 1047 1988 et
1075 1962 1317 2002 purpuram,
1346 1950 1444 2000 mel,
1471 1963 1531 1987 sa-

77 2004 176 2053 lem,
204 2004 352 2054 oleam,
382 2018 530 2051 ceram,
559 2018 744 2056 porrum,
773 2006 1050 2057 pectunculos‚
1081 2013 1246 2056 ostreas,
1274 2019 1435 2056 nucem,
1466 2020 1529 2044 ca·
1553 2014 1587 2049 o
1610 2014 1657 2051 3ο

79 2066 246 2109 staneas,
274 2060 373 2099 ficus
393 2061 624 2100 Tarentinas
640 2062 901 2102 animadverti
919 2063 1039 2101 fuisse
1056 2062 1096 2101 in
1117 2063 1268 2115 pretio:
1299 2076 1530 2114 cupressum

77 2116 329 2155 Tarentinam
345 2118 445 2156 cedo
468 2116 564 2155 mihi
583 2131 715 2168 unum,
736 2119 805 2170 qui
827 2133 946 2172 supra
966 2126 1138 2158 caeteras
1159 2119 1392 2169 laudaverit,
1415 2133 1530 2172 prae-

79 2179 142 2212 ter
165 2174 363 2215 Catonem.
424 2174 568 2213 Verum
586 2173 663 2212 hoe
682 2175 827 2226 obiter,
858 2182 898 2215 et
913 2175 1033 2227 magis
1049 2175 1140 2228 joco
1162 2176 1312 2215 dictum
1332 2176 1527 2226 existima,

79 2242 196 2281 quam
221 2231 327 2281 quod
346 2231 388 2269 in
409 2244 454 2270 ea
473 2231 544 2269 sim
568 2232 768 2270 sententia.
825 2232 907 2272 Jam
926 2232 1031 2285 quod
1048 2233 1257 2285 Euripides
1283 2234 1394 2271 istam
1414 2232 1528 2271 arbo-

77 2299 162 2325 rem
190 2286 286 2324 dicit
314 2286 550 2326 firmissimas
578 2288 711 2326 trabes
744 2290 898 2341 templis
926 2289 1174 2342 praebuisse3
1200 2289 1328 2328 firmat
1353 2279 1397 2327 id
1428 2289 1527 2327 adeo

79 2342 388 2382 emendationem
406 2350 602 2383 nostram:
633 2358 720 2383 cum
753 2359 980 2398 cupressum
1009 2360 1142 2385 omnes
1170 2359 1251 2384 uno
1286 2359 1354 2385 ore
1382 2351 1526 2384 testen-

78 2404 146 2437 tur
161 2395 427 2452 χρονιωτάτην
448 2414 531 2440 esse
546 2408 664 2453 atque
685 2398 974 2455 ἆσαπεστάτην·
1006 2409 1043 2440 et
1062 2402 1168 2454 quod
1186 2408 1308 2454 caput
1323 2408 1395 2450 est,
1416 2414 1526 2452 egre-

80 2454 142 2504 gie
165 2461 321 2507 praeter
346 2462 519 2495 caeteras
543 2458 583 2495 in
609 2459 779 2497 Deorum
811 2460 973 2499 aedibus
991 2459 1123 2498 locum
1154 2465 1193 2498 et
1210 2458 1397 2498 honorem
1415 2458 1523 2498 inve-

76 2510 191 2550 nisse.
247 2511 484 2564 Hermippus
501 2514 607 2566 apud
626 2514 882 2556 Athenaeum:

296 2588 347 2597 —
378 2590 428 2598 —
462 2592 512 2599 —
543 2571 585 2611 ἐκ
604 2567 644 2611 δ’
662 2567 868 2626 Αἰγύπτου
885 2571 934 2613 τοὶ
951 2569 1147 2624 κρεμαστοὶ

294 2625 404 2664 Ιστία
419 2626 484 2667 καὶ
507 2624 703 2680 βύβλους,
733 2624 812 2670 οἷπὸ
827 2626 867 2670 δ’
883 2625 935 2669 αὖ
955 2629 1105 2682 Συρίας
1122 2624 1355 2682 λιβάνωτον.

292 2682 335 2719 Η
355 2679 398 2721 δὲ
417 2681 517 2735 καλή
536 2680 675 2738 Κρήτη
691 2682 939 2739 κυπάρισσον
958 2689 1060 2725 τοῖσι
1078 2689 1222 2726 θεοῖσι.

78 2733 374 2787 ΤῙῙΘΟΡῙῚΓΜῒΠὸ
399 2736 500 2777 Hist·
537 2742 578 2782 5.
611 2741 649 2783 6.
679 2737 831 2782 τούτων
852 2741 895 2782 δὲ
915 2737 1155 2794 χρονιώτατα
1182 2743 1294 2783 δοκεῖ
1315 2738 1364 2783 τὰ
1391 2756 1516 2784 nvnce-

76 2792 227 2846 ρίττινα
243 2790 357 2835 εἶναι.
387 2791 430 2836 τό
444 2798 543 2848 γοῦν
562 2796 605 2840 ἐν
621 2796 793 2854 Εφέσῳ,
822 2798 862 2849 ἐξ
883 2793 939 2839 ὧν
969 2798 1015 2839 αἱ
1041 2795 1169 2853 θύραι
1196 2801 1270 2841 τοῦ
1299 2796 1375 2841 νεώ
1401 2805 1519 2853 τεθη-
