1838 3230
630 167 929 215 EPISTOLA.
1419 168 1518 219 685

279 286 442 342 Πατρός
463 316 608 329 ......
630 280 844 339 ὃμοούσιος
865 281 1043 336 ἄφθιτος
1065 282 1143 326 αἰεὶ

94 398 97 400 q
279 344 488 399 Πνεύματι
505 341 582 386 συν
595 339 739 397 πρώτῳ
757 341 857 397 ἁγίῳ
874 341 941 382 καὶ
966 340 1186 394 σπέρματος
1201 336 1319 393 ἀρχή.
1511 374 1524 401 3

107 427 134 439 ·.
169 402 259 443 Uno
276 403 424 453 verbo,
452 401 702 448 nenescias,
731 404 773 437 te
802 399 996 437 monitum
1020 397 1139 436 velim
1164 398 1206 435 in
1231 397 1335 436 libro
1358 395 1438 436 MS.
1460 397 1518 436 sic

58 459 161 512 legi:
187 461 263 501 τοῦ
282 455 605 513 ἆποπαγγενέτης
634 452 876 510 νοεροότερος
901 450 1020 508 λόγος
1040 451 1214 505 ἄφθιτος
1229 451 1320 501 υἱὸς
1340 448 1518 506 οἷπαύγα-

59 529 152 570 σμα.
209 515 290 555 Sed
308 514 409 555 nihil
430 520 516 554 erat
531 512 686 552 facilius
699 540 712 560 ,
745 525 862 563 quam
879 510 921 549 in
945 524 1085 550 versus
1110 510 1356 552 concinnare.
1417 510 1519 557 Qui-

56 574 122 613 vis
144 572 262 612 etiam
288 571 498 611 emendare
517 569 646 622 possit
664 567 931 618 Κολοφωνίου
949 567 1015 606 vel
1039 566 1083 608 ἐκ
1099 570 1358 616 Κολοφῶνος.
1414 566 1520 605 Illud

58 629 227 669 fortasse
246 628 472 681 plusculum
489 626 611 665 habet
631 623 897 672 difficultatis,
927 624 1107 675 quisnam
1134 623 1184 662 sit
1210 623 1277 661 ille
1300 623 1519 662 Antiochus

58 685 287 740 conjecturs
318 684 490 736 assequi.
556 683 607 722 Et
636 682 817 734 profecto
850 680 967 718 nimis
1000 680 1120 719 velim
1150 685 1302 719 extaret
1330 679 1519 718 Nicandri

59 739 298 796 Colophonii
313 741 416 781 liber
439 738 628 793 περὶτῶν
654 738 698 779 ἐκ
727 740 974 788 Κολοφῶνος
1002 739 1204 789 ποιητῶν·
1232 738 1378 775 mirum
1401 737 1518 785 enim,

59 799 104 839 ni
127 811 179 838 ex
206 798 329 838 animi
357 797 547 838 sententia
576 795 654 834 hoc
686 794 886 845 negotium
916 793 1211 832 conficeremus.
1270 793 1383 832 Nunc
1406 807 1520 841 vero,

59 854 383 908 quandoquidem
411 854 485 893 iste
509 853 632 902 liber,
661 858 708 890 ut
733 851 811 889 alia
840 851 969 889 omnia
994 847 1117 899 καλοὶ,
1146 850 1212 889 vel
1234 849 1424 900 flammis,
1454 850 1522 888 vel

4 915 9 921 ’
58 910 248 962 humore,
275 910 343 951 vel
361 909 556 950 inertibus
574 908 688 947 tineis
708 914 933 947 consumtus
955 912 1033 953 θεῖς
1063 919 1150 944 eum
1174 906 1366 958 optimum
1386 912 1520 944 vatem

60 968 322 1018 arbitremur,
352 967 423 1020 qui
437 965 539 1005 illud
555 965 598 1003 in
617 978 660 1004 re
678 970 760 1002 tam
781 963 945 1015 ancipiti
967 963 1201 1015 protulerit,
1232 963 1342 1014 quod
1363 963 1413 1000 sit
1435 963 1522 1001 veri

59 1024 312 1064 simillimum.
370 1023 608 1076 Opportune
634 1027 766 1060 autem
799 1020 909 1059 venit
938 1021 979 1059 in
1008 1025 1175 1058 mentem
1204 1018 1442 1073 Xenophani
1461 1019 1522 1058 illi

61 1080 311 1133 Colophonio
330 1079 456 1118 filium
479 1079 601 1117 fuisse
620 1078 776 1117 nomine
795 1075 1057 1125 Antiochum,
1088 1090 1202 1127 quem
1225 1089 1288 1114 res
1309 1075 1461 1114 Siculas
1483 1081 1522 1114 et

59 1138 219 1178 Italicas
236 1136 438 1189 scripsisse
459 1135 574 1174 multi
593 1139 914 1173 commemorant.
972 1133 1119 1172 Verum
1139 1131 1284 1170 accidit
1298 1132 1522 1184 perincom-

59 1194 200 1245 mode,
228 1193 337 1245 quod
360 1193 394 1232 is
422 1192 497 1232 etsi
531 1197 645 1244 pa‘tre
674 1196 790 1229 natus
823 1188 1093 1241 Colophonio,
1132 1195 1262 1227 tamen
1291 1189 1423 1227 nescio
1452 1188 1523 1240 qui

60 1250 295 1304 Syracusius
319 1255 499 1289 vocetur.
557 1248 669 1287 Alius
696 1245 864 1299 proinde
898 1245 1134 1297 quatiendus
1167 1252 1225 1283 est
1255 1244 1373 1286 funis.
1430 1245 1522 1283 Pla-

61 1314 175 1348 cetne
204 1312 251 1345 ut
277 1319 355 1376 pro
384 1303 582 1344 Antiocho
609 1309 826 1356 reponatur
846 1301 1121 1354 Antiphanes?
1150 1301 1374 1340 Athenaeus
1390 1301 1459 1341 lib.
1482 1305 1520 1344 7.
1543 1308 1576 1343 0
1600 1310 1622 1343 9

60 1367 328 1433 Ilgwquovwss
343 1358 469 1404 αὐτοῦ
486 1356 722 1414 Αντιφάνης
743 1359 768 1401 ό
788 1355 1053 1412 Κολοφώνιος
1070 1357 1113 1400 ἐν
1134 1361 1185 1415 τῇ
1205 1359 1378 1412 Θηβαΐδι
1396 1357 1521 1412 λέγων

61 1435 135 1463 ουτ

94 1469 97 1471 ’
135 1435 210 1472 ως,
279 1471 487 1527 Ηῧκκην,
514 1469 543 1528 ἢ
565 1473 712 1524 Ιἵππον,
741 1469 771 1526 ἢ
789 1470 838 1514 ὃν
857 1473 996 1526 κίχλην
1014 1471 1237 1513 καλέουσιν,

170 1531 249 1572 Sed
270 1530 367 1571 mihi
394 1530 531 1581 crede,
560 1544 757 1583 nusquam
778 1529 856 1568 fuit
883 1529 1054 1580 gentium
1084 1527 1325 1579 Antiphanes
1357 1527 1424 1566 ille
1446 1527 1525 1566 Co-

0 1610 2 1643 j
61 1588 300 1643 lophonius:
347 1587 529 1639 Quippe,
580 1587 688 1639 quod
721 1602 744 1625 a
779 1586 1007 1625 doctissimo
1048 1585 1282 1623 Casaubono
1316 1598 1396 1622 non
1436 1585 1522 1622 ani-

61 1646 313 1685 madversum
332 1657 417 1683 esse
435 1643 630 1691 demiror,
660 1657 734 1695 pro
764 1641 1030 1680 commentitio
1055 1642 1132 1679 isto
1153 1639 1374 1692 Antiphane
1403 1654 1524 1692 repo-

61 1702 214 1742 nendus
245 1706 301 1740 est
328 1698 605 1749 Antimachus,
642 1699 870 1738 notissimus
913 1704 1029 1736 autor
1051 1696 1275 1736 Thebaidos
1312 1704 1351 1736 et
1380 1697 1522 1748 Lydes,

61 1759 124 1801 uti
155 1761 373 1797 memorant
405 1755 490 1808 ipse
524 1754 747 1795 Athenaeus
771 1755 887 1804 alibi,
925 1754 1250 1805 Etymologicon,
1288 1753 1523 1805 Hesychius,

63 1815 228 1866 Suidas‚
260 1811 552 1862 Quintilianus,
581 1812 723 1863 aliique
753 1812 854 1850 bene
879 1811 1006 1849 multi.
1063 1810 1164 1849 Huic
1196 1815 1327 1849 autem
1344 1810 1524 1850 Antima-

63 1871 142 1912 cho
161 1871 229 1912 vix
246 1868 425 1922 equidem
440 1868 578 1907 dubito
605 1869 700 1919 quin
721 1867 885 1921 putidos
908 1866 983 1905 hos
1012 1879 1151 1906 versus
1176 1865 1358 1916 affingere
1377 1866 1521 1905 volue-

63 1929 158 1969 rint.
216 1927 307 1975 Quo
326 1924 486 1978 quidem
511 1924 675 1963 consilio
700 1924 797 1962 nihil
814 1923 1075 1962 inconsultius
1100 1937 1183 1962 esse
1201 1923 1332 1975 potuit
1361 1929 1429 1961 aut
1450 1922 1523 1961 de-

63 1983 245 2025 mentius.
302 1981 468 2022 Procius
495 1981 537 2020 in
567 1980 856 2020 Commentario
876 1979 1023 2019 Timaei
1051 1980 1294 2031 distinguens
1321 1979 1519 2031 poeticam

63 2041 217 2083 ἔνθουν
236 2035 318 2081 α’πό
340 2041 412 2091 τῆς
429 2039 631 2091 τεχνικῆς,
658 2037 766 2091 illius
788 2037 1010 2089 exemplum
1034 2035 1128 2085 τούς
1147 2033 1367 2090 χρησμούς,
1397 2035 1518 2088 hujus

8 2121 11 2125 -
63 2095 110 2140 το“
134 2092 399 2149 Αντιμᾶχειον
415 2094 541 2147 ponit.
596 2093 710 2132 Adeo
735 2099 780 2132 ut
805 2092 1081 2132 Antimachum
1106 2093 1414 2146 χρησμῳδοῦντα
1441 2092 1518 2130 fin-

65 2167 179 2207 gere,
208 2153 260 2192 sit
278 2165 445 2206 prorsus
474 2148 561 2192 ἅνω
588 2152 792 2202 ποταμῶν.
848 2149 972 2188 Totus
1005 2156 1089 2188 erat
1109 2148 1358 2188 Antimachus
1376 2149 1417 2187 in
1438 2155 1519 2187 arte

65 2217 106 2251 et
120 2223 261 2263 opera:
290 2207 390 2248 nihil
417 2207 557 2247 habuit
585 2206 625 2256 ἐξ
654 2206 969 2259 ἐνθουσιασμοῦ,
998 2205 1095 2244 nihil
1125 2219 1175 2245 ex
1203 2207 1339 2245 afflatu
1357 2205 1517 2253 furoris,

64 2273 106 2306 et
125 2263 282 2306 coelesti
300 2265 373 2304 illo
392 2264 534 2304 mentis
556 2262 769 2312 instinctu,
798 2262 882 2303 sine
907 2276 987 2316 quo
1003 2263 1158 2302 nullum
1182 2276 1324 2316 poema
1348 2261 1434 2301 sani
1450 2275 1518 2300 co-

66 2323 183 2372 loris,
210 2321 357 2363 nedum
378 2321 550 2361 Oracula
570 2319 680 2360 nasci
697 2319 862 2372 possint.

767 2387 819 2427 X.

124 2451 334 2510 Ερῶτησις
354 2453 523 2507 Ιοὶσονος
539 2453 731 2511 βασιλέως
750 2456 832 2495 τῶν
850 2457 1126 2509 Αργωναυτῶν
1147 2454 1205 2503 εἰς
1231 2450 1274 2495 td
1296 2451 1462 2493 Πύθιον

616 2514 688 2553 τοῦ
712 2507 964 2561 Λπόλλωνος.

181 2575 470 2632 Προφήτευσον
490 2579 615 2634 ἡμῖν,
645 2581 846 2634 Προφῆτα
868 2577 987 2620 Τιτοῖν
1012 2584 1053 2619 et
1076 2590 1176 2630 quae
1203 2581 1444 2630 sequantui-3
1474 2579 1519 2613 ut

67 2635 188 2677 habet
207 2635 369 2676 Mulelas
387 2650 430 2690 p.
449 2635 516 2679 94.

0 2718 2 2720 ’
754 2703 834 2745 XI.

181 2823 338 2876 Πνετὸς
362 2821 493 2876 οὐδεὶς
524 2824 663 2876 ἱκανὸς
681 2773 1069 2881 Ἔὲῖιῗῑέοῗφανοῦς
1107 2823 1207 2866 ἰδεῖν
1238 2818 1515 2876 αἰσθητήριον.
