1838 3230
0 905 9 978 ,ὲ

0 1001 9 1046 r

609 173 1068 220 PROLEGOMENA.
1426 235 1428 237 ι
1458 225 1462 228 ,
1477 196 1581 224 Lxxl

18 301 25 349 s
96 289 295 345 gothetam
316 292 359 331 in
385 290 586 332 Chronico
607 291 690 333 MS.
711 305 883 344 quorum
911 292 1035 331 verba
1055 292 1096 331 in
1117 291 1291 331 medium
1315 291 1581 345 proferuntur

46 363 48 367 ⁴
82 354 83 357 ¹
102 373 126 398 a
149 359 300 400 clariss.
324 359 538 415 Dufresnio
558 359 600 398 in
616 358 736 399 Notis
754 358 811 398 ad
833 358 1054 400 Chronicon
1074 360 1213 402 Pasch.
1235 359 1456 400 Dorotheus
1475 359 1581 399 idem

100 427 152 471 in,
169 427 262 468 loeo
291 427 430 468 eodem
448 431 578 482 Ημεῖς
614 427 658 470 δὲ
693 426 877 482 (inquit)
902 424 1135 483 ἠκούσαμεν
1166 436 1240 470 etc.
1298 427 1385 468 Nos
1407 443 1495 469 vero
1527 443 1582 467 ex

99 495 301 550 Antigoni
320 506 356 536 et
373 495 590 537 Ptolemaei
611 498 801 551 posteris,
836 496 946 536 Viris
973 508 1097 537 aetate
1110 496 1317 551 gravibus,
1347 498 1580 551 accepimus,

100 561 389 605 Alexandrum
413 563 677 606 Macedonem
705 572 783 605 etc.
854 565 966 615 Quae
1002 573 1042 606 et
1079 565 1274 620 ipsissima
1311 567 1581 618 reperiuntur,

102 633 217 685 quani
248 632 396 685 singuli
423 633 503 687 ipsi
548 634 625 673 iata
663 633 924 687 audivissent,
975 635 1085 688 apud
1116 632 1335 674 Chronicon
1374 630 1580 683 Paschale,

100 701 296 742 Autan-em
317 702 426 741 citati
453 702 595 743 Libelli
612 702 693 742 MS.
716 701 766 742 de
791 717 881 742 xvi.
911 701 1136 757 Prophetis,
1167 709 1206 742 et
1231 701 1396 741 eundem
1423 699 1582 757 Symeo-

102 782 187 809 nem
212 768 489 824 Logothetam.
547 771 670 824 Apud
692 772 859 811 eundem
880 771 1165 826 Logothetam‚
1201 770 1420 810 Chronicon
1438 767 1580 809 Pasch.

103 843 143 878 et
168 836 620 893 Pseudo-Epiphaniam
647 840 909 880 inveniuntur
938 847 976 881 et
1003 841 1078 880 ista
1099 837 1499 891 Pseudo-Dorothei,
1532 837 1583 877 de

102 905 308 960 Aegyptiis
333 907 377 947 in
404 907 542 946 eodem
567 900 721 961 eapite:
764 908 1010 963 Quapropter
1039 909 1088 947 ad
1119 907 1228 946 hunc
1255 920 1382 959 usque
1411 907 1515 946 diem
1540 917 1583 946 ut

101 974 228 1015 Deam
260 973 396 1016 colunt
429 975 632 1029 Virginem
656 993 908 1031 puerperam,
941 987 976 1016 et
1010 975 1202 1031 infantem
1231 976 1272 1014 in
1288 977 1464 1029 praesepi
1483 973 1583 1015 ado-

103 1053 212 1083 rant=
241 1051 288 1084 ut
315 1051 355 1084 et
387 1045 462 1083 alia
494 1045 585 1083 loca
617 1045 737 1097 plura
770 1045 1003 1084 consimilia.
1062 1044 1200 1096 Neque
1224 1043 1392 1082 multum
1421 1043 1583 1096 quidem

101 1112 263 1153 videtur
278 1112 542 1152 dubitandum
559 1113 657 1165 quin
678 1121 716 1152 et
737 1113 822 1166 ipse
837 1111 1248 1152 Pseudo-Dorotheus
1264 1112 1471 1165 praedicta
1493 1113 1581 1151 loca

101 1195 153 1220 ex
180 1181 403 1221 Antoribus
433 1181 724 1234 antiquioribus
756 1181 808 1220 ad
837 1182 1000 1221 verbum
1030 1180 1301 1234 exscripserit.
1359 1181 1461 1220 Eum
1487 1180 1583 1219 audi

102 1250 157 1290 ais
174 1250 216 1290 in
243 1251 326 1290 vita
356 1248 489 1290 Isaiae
517 1248 684 1306 (Latine
713 1251 922 1290 brevitatis
953 1248 1113 1303 causa.)
1176 1248 1335 1301 Quoties
1361 1250 1482 1302 igitur
1505 1263 1586 1287 una

103 1335 191 1360 cum
211 1318 320 1360 Isaia
339 1318 541 1359 veniebant
563 1322 580 1372 (
593 1320 645 1358 ad
665 1320 811 1358 Siloam
834 1316 1002 1373 Judaei)
1031 1328 1073 1357 ut
1093 1333 1234 1372 aquam
1257 1316 1476 1367 haurirent,
1507 1314 1583 1356 illa

102 1385 262 1438 exibat,
292 1386 394 1427 unde
412 1387 464 1426 ad
481 1387 590 1427 hunc
612 1401 739 1440 usque
762 1388 867 1427 diem
893 1389 934 1427 in
956 1387 1092 1440 magni
1110 1384 1294 1425 miraculi
1314 1395 1582 1440 argumentum

102 1456 312 1495 etiamnum
339 1455 468 1496 subito
498 1457 674 1511 erumpit.
734 1455 949 1511 Postquam
987 1465 1115 1494 autem
1144 1452 1195 1493 id
1224 1470 1294 1508 per
1316 1452 1465 1493 Isaiam
1493 1469 1581 1507 per-

101 1533 234 1564 actum
265 1534 342 1575 est,
374 1523 479 1565 hunc
504 1526 713 1580 magnffi'ce
741 1540 791 1565 ac
820 1523 992 1564 studiose
1010 1524 1137 1576 juxta
1161 1521 1314 1562 Siloam
1343 1520 1582 1561 Judaeorum

98 1590 269 1646 populus
284 1591 455 1647 sepeliit,
486 1603 528 1632 ut
555 1595 636 1643 ejus
664 1591 846 1648 precibus
875 1606 1002 1646 aquae
1020 1589 1182 1645 perinde
1203 1592 1317 1645 copia
1340 1592 1391 1630 iis
1408 1599 1586 1644 suppete-

102 1667 181 1710 ret,
211 1675 298 1700 oum
319 1671 517 1714 praeterea
538 1672 580 1702 ut
603 1663 661 1702 ita
692 1670 868 1714 agerent,
898 1675 952 1699 ex
977 1658 1151 1699 Oraculo
1181 1660 1230 1698 iis
1255 1667 1502 1712 praeceptum
1528 1673 1586 1696 es-

101 1736 169 1767 set.
228 1726 340 1769 Iacet
365 1739 493 1768 autem
514 1732 594 1784 ejus
615 1728 859 1784 sepulchrum
874 1731 998 1782 juxta
1017 1743 1146 1781 regum
1168 1725 1350 1767 tumulos.
1393 1724 1585 1766 Salomon

103 1797 246 1850 quippe
264 1795 437 1836 Davidis
459 1796 666 1852 sepulchra
696 1799 754 1837 ita
785 1798 1006 1846 constituit,
1037 1805 1078 1835 ut
1106 1794 1256 1835 Orienti
1281 1794 1378 1835 Sion
1406 1794 1586 1836 obversa-

105 1875 257 1915 rentur,
289 1880 389 1920 quae
407 1863 558 1905 aditum
587 1865 702 1905 habet
729 1880 754 1904 a
779 1863 944 1904 Gabaon
967 1862 1112 1918 procul
1131 1863 1182 1903 ab
1204 1863 1319 1914 urbe,
1352 1863 1495 1904 stadiis
1513 1878 1583 1909 xx,

104 1949 215 1989 quem
245 1932 401 1988 quidem
433 1932 585 1973 aditum
615 1932 815 1989 obliquum
847 1948 896 1973 ac
918 1929 1115 1972 occultum
1137 1932 1194 1970 ita
1215 1931 1388 1989 confecit
1409 1942 1451 1971 ut
1471 1946 1495 1970 a
1518 1948 1585 1972 ne-

104 2003 207 2042 mine
221 2003 503 2057 perciperetur,
533 2000 632 2042 adeo
666 2013 708 2041 ut
737 2003 818 2055 ejus
850 2002 1032 2040 introitus
1060 2001 1177 2039 etiam
1211 2000 1330 2040 hodie
1357 2002 1513 2054 ignotus
1533 2002 1584 2040 sit

102 2069 296 2126 plerisque
320 2069 590 2111 sacerdotibus
619 2081 734 2126 atque
760 2070 834 2109 toti
855 2067 1018 2123 populo.
1086 2068 1159 2118 ἕως
1190 2072 1262 2122 τῆς
1295 2065 1473 2123 σήμερον
1499 2073 1585 2119 τοῖς

104 2142 267 2188 πολλοῖς
293 2136 546 2194 ἆγνοουμένη
577 2142 660 2180 τῶν
684 2137 824 2192 ἱερέων
855 2137 925 2178 καὶ
952 2134 1031 2193 ’ὅλῳ
1055 2139 1110 2193 τῷ
1140 2140 1238 2194 λαῷ.
1308 2139 1419 2187 Quae
1464 2139 1584 2177 verba

105 2209 370 2262 scriptorem,
402 2208 472 2260 qui
497 2208 647 2247 vixerit
675 2214 764 2246 ante
790 2206 1030 2246 Judaeorum
1064 2220 1084 2245 e
1111 2207 1240 2259 patria
1263 2207 1583 2260 extirpationem,

104 2276 295 2316 videntur
321 2277 483 2318 referre.
553 2277 759 2316 Habentur
794 2282 923 2315 autem
958 2281 999 2315 et
1027 2275 1148 2314 verba
1173 2276 1270 2326 ista,
1309 2291 1427 2330 usque
1454 2273 1583 2317 hodie,

103 2358 204 2398 quae
224 2344 264 2382 in
289 2343 368 2383 hoc
387 2359 546 2398 quoque
567 2347 657 2385 loco
674 2345 735 2384 bis
762 2350 1002 2394 occurrunt,
1032 2344 1142 2397 apud
1164 2341 1383 2383 Chronicon
1401 2342 1583 2382 Pascha—

102 2409 162 2460 le,
190 2411 669 2468 Pseudo-Epiphanium‚
700 2420 739 2453 et
757 2412 1043 2467 Logothetam,·
1073 2426 1214 2465 nempe
1238 2412 1371 2450 locum
1401 2412 1584 2451 similiter

102 2480 224 2520 istum
253 2493 304 2520 ex
334 2481 750 2534 Pseudo-Dorotheo,
800 2482 871 2521 sed
910 2482 1033 2521 tacito
1069 2481 1260 2531 Nomine,
1302 2480 1584 2520 exscribentes.

105 2547 335 2589 Istiusmodi
355 2551 548 2604 Exempla
569 2558 752 2591 sexcenta
771 2552 847 2591 alia
866 2551 976 2604 apud
998 2548 1178 2601 Sumam,
1212 2547 1438 2600 Cedrenum,
1469 2549 1588 2589 alios-

107 2629 185 2668 que
205 2617 427 2671 Scriptores
450 2620 648 2660 minorum
665 2621 840 2672 gentium
860 2627 899 2660 et
919 2620 1060 2659 aetatis
1088 2618 1281 2670 sequioris
1295 2649 1306 2667 ‚
1336 2617 1414 2656 illis
1438 2617 1584 2669 passim

107 2697 147 2722 se
189 2683 305 2723 obvia
341 2686 495 2727 dabunt
533 2689 602 2740 qui
639 2689 781 2729 Libros
823 2687 1052 2740 diligentius
1089 2700 1178 2725 cum
1215 2685 1350 2724 studio
1381 2692 1420 2725 et
1450 2686 1587 2724 fructu

107 2753 316 2795 evolvant:
346 2762 392 2796 ut
413 2756 577 2797 dubium
602 2759 653 2797 sit
684 2759 837 2799 nullum
869 2757 965 2811 quin
995 2756 1098 2796 idem
1130 2755 1180 2796 de
1203 2753 1350 2794 Nostro
1373 2754 1585 2795 dicendum

107 2822 170 2862 sit.
