1838 3230
291 191 463 220 mvm
663 149 665 151 ’
789 169 1242 217 PROLEGOMENA.

291 301 374 328 rem
403 286 670 341 provinciam,
710 290 749 326 et
777 286 827 325 de
854 300 942 326 meo
979 285 1254 340 Prolegomena
1285 300 1387 327 nova
1419 287 1632 340 prodeunti
1668 289 1749 343 jum

292 355 413 409 Operi
432 355 709 408 procuderem.
764 352 873 393 Haec
903 353 1043 392 cedens
1078 354 1159 407 (mi
1187 355 1350 409 Lector)
1381 356 1541 395 illorum
1560 353 1748 406 hortatui,

292 438 379 463 sum
400 422 585 463 audacter
603 434 820 473 aggressuS,
849 435 897 460 an
913 419 1140 475 prudenter,
1170 423 1235 461 alii
1261 423 1517 476 judicabunt:
1547 429 1751 476 utcunque

293 492 364 540 sit;
391 492 423 530 si
453 491 550 543 quid.
575 489 704 528 laudis
729 497 925 528 mereatur
943 491 984 528 in
1013 490 1169 541 negotio
1189 490 1315 529 arduo
1338 497 1377 531 et
1395 503 1560 544 prorsus
1583 490 1750 531 intenta-

292 565 358 608 to,
389 571 548 610 operam
578 570 738 596 navasse
748 572 759 608 ;
789 557 851 596 Me
878 559 1032 596 veniam
1058 558 1196 597 saltem
1221 573 1242 596 a
1262 558 1396 597 Doctis
1422 559 1653 599 meriturum
1671 572 1751 598 non

292 638 458 679 prorsus
476 624 653 677 despero.
683 627 782 663 Sane
799 625 841 663 in
861 624 1014 664 Novum
1039 625 1234 677 quendam
1260 624 1413 674 Orbem,
1443 633 1482 666 et
1504 627 1620 666 aliam
1639 625 1752 679 quasi

294 693 518 732 Americam
552 690 729 746 (utinam
756 699 794 731 et
820 691 973 731 divitem
985 693 1026 742 .')
1065 693 1262 744 navigium
1292 707 1420 733 meum
1451 693 1605 747 traJeciz
1645 694 1679 732 si
1710 693 1751 732 in

295 775 405 813 rupes
428 766 497 798 aut
512 758 684 799 salebras
704 760 946 810 offenderim,
973 759 1194 813 Navigator
1209 760 1383 800 nondum
1406 759 1597 800 undarum
1613 762 1752 814 sciens,

295 827 356 866 Me
388 827 505 866 velim
539 834 733 867 errantem
768 827 975 880 peritiores
1015 828 1235 879 corrigant,
1275 834 1312 867 et
1337 828 1379 867 in
1409 829 1516 868 viam
1545 828 1751 875 reducant,

297 895 519 948 cupientem
541 909 696 949 semper
714 895 883 946 discere,
914 909 1069 949 semper
1089 896 1415 935 auscultaturum.

730 1031 785 1038 —-
813 1031 869 1038 —
896 1029 952 1038 ·—·
979 1007 1095 1048 Haec
1113 1009 1148 1048 si
1167 1022 1256 1046 vera
1277 1005 1447 1057 videtur,

491 1073 599 1114 Dede
618 1091 774 1116 manus:
805 1086 871 1115 aut
899 1076 934 1114 si
945 1074 1067 1132 falsa
1084 1085 1161 1126 est,
1191 1076 1391 1128 accingere
1406 1083 1554 1114 contra.
