<?xml version="1.0" encoding="UTF-8"?>
<!DOCTYPE html PUBLIC "-//W3C//DTD XHTML 1.0 Transitional//EN"
    "http://www.w3.org/TR/xhtml1/DTD/xhtml1-transitional.dtd">
<html xmlns="http://www.w3.org/1999/xhtml" xml:lang="en" lang="en">
 <head>
  <title>
</title>
<meta http-equiv="Content-Type" content="text/html;charset=utf-8" />
  <meta name='ocr-system' content='tesseract 3.04.00' />
  <meta name='ocr-capabilities' content='ocr_page ocr_carea ocr_par ocr_line ocrx_word'/>
</head>
<body>
  <div class='ocr_page' id='page_1' title='image "./corpusscriptorum28niebuoft_0172.png"; bbox 0 0 1838 3230; ppageno 0'>
   <div class='ocr_carea' id='block_1_1' title="bbox 268 161 1586 213">
    <p class='ocr_par' dir='ltr' id='par_1_1' title="bbox 268 161 1586 213">
     <span class='ocr_line' id='line_1_1' title="bbox 268 161 1586 213; baseline -0.002 -1"><span class='ocrx_word' id='word_1_1' title='bbox 268 167 334 213; x_wconf 87' lang='lat'><strong><em>90</em></strong></span> <span class='ocrx_word' id='word_1_2' title='bbox 447 161 679 208; x_wconf 87' lang='lat' dir='ltr'><strong>IOANNIS</strong></span> <span class='ocrx_word' id='word_1_3' title='bbox 708 162 988 206; x_wconf 85' lang='lat' dir='ltr'><strong>MALALAE</strong></span> <span class='ocrx_word' id='word_1_4' title='bbox 1017 162 1348 209; x_wconf 89' lang='lat' dir='ltr'><strong>CHRONOGR.</strong></span> <span class='ocrx_word' id='word_1_5' title='bbox 1405 166 1453 210; x_wconf 90' lang='lat' dir='ltr'><strong><em>L.</em></strong></span> <span class='ocrx_word' id='word_1_6' title='bbox 1478 165 1558 211; x_wconf 81' lang='lat' dir='ltr'><strong><em>lv.</em></strong></span> <span class='ocrx_word' id='word_1_7' title='bbox 1584 208 1586 210; x_wconf 77' lang='grc'>,</span> 
     </span>
    </p>
   </div>
   <div class='ocr_carea' id='block_1_2' title="bbox 114 279 1799 1635">
    <p class='ocr_par' dir='ltr' id='par_1_2' title="bbox 147 279 1726 475">
     <span class='ocr_line' id='line_1_2' title="bbox 267 279 1726 342; baseline 0.004 -17"><span class='ocrx_word' id='word_1_8' title='bbox 267 282 488 339; x_wconf 79' lang='grc' dir='ltr'><strong><em>Κεφαλίων</em></strong></span> <span class='ocrx_word' id='word_1_9' title='bbox 509 280 531 325; x_wconf 81' lang='grc' dir='ltr'><em>ὃ</em></span> <span class='ocrx_word' id='word_1_10' title='bbox 555 280 797 339; x_wconf 85' lang='grc' dir='ltr'><strong><em>σοφώτατος</em></strong></span> <span class='ocrx_word' id='word_1_11' title='bbox 818 279 1101 339; x_wconf 77' lang='grc' dir='ltr'><strong><em>συνεγράψατο</em></strong></span> <span class='ocrx_word' id='word_1_12' title='bbox 1123 287 1269 337; x_wconf 77' lang='grc' dir='ltr'><strong><em>ταῦτα,</em></strong></span> <span class='ocrx_word' id='word_1_13' title='bbox 1283 284 1407 341; x_wconf 76' lang='grc' dir='ltr'><strong><em>λέγων</em></strong></span> <span class='ocrx_word' id='word_1_14' title='bbox 1426 284 1488 329; x_wconf 82' lang='grc' dir='ltr'><strong><em>ὅτι</em></strong></span> <span class='ocrx_word' id='word_1_15' title='bbox 1504 283 1641 342; x_wconf 75' lang='grc' dir='ltr'><strong><em>μάτην</em></strong></span> <span class='ocrx_word' id='word_1_16' title='bbox 1653 304 1726 331; x_wconf 80' lang='grc' dir='ltr'><strong><em>πε-</em></strong></span> 
     </span>
     <span class='ocr_line' id='line_1_3' title="bbox 147 348 1726 409; baseline 0.004 -16"><span class='ocrx_word' id='word_1_17' title='bbox 147 359 179 393; x_wconf 91' lang='lat' dir='ltr'>V</span> <span class='ocrx_word' id='word_1_18' title='bbox 201 359 248 396; x_wconf 86' lang='grc'><strong><em>87</em></strong></span> <span class='ocrx_word' id='word_1_19' title='bbox 272 352 311 408; x_wconf 81' lang='grc' dir='ltr'><strong><em>ρὶ</em></strong></span> <span class='ocrx_word' id='word_1_20' title='bbox 327 354 401 406; x_wconf 81' lang='grc' dir='ltr'><strong><em>τῆς</em></strong></span> <span class='ocrx_word' id='word_1_21' title='bbox 430 348 644 408; x_wconf 80' lang='grc' dir='ltr'><strong><em>σώφρονος</em></strong></span> <span class='ocrx_word' id='word_1_22' title='bbox 666 351 853 406; x_wconf 77' lang='grc' dir='ltr'><strong><em>Φαίδρας</em></strong></span> <span class='ocrx_word' id='word_1_23' title='bbox 872 349 943 392; x_wconf 81' lang='grc' dir='ltr'><strong><em>τὸν</em></strong></span> <span class='ocrx_word' id='word_1_24' title='bbox 974 351 1078 394; x_wconf 78' lang='grc' dir='ltr'><strong><em>κατὰ</em></strong></span> <span class='ocrx_word' id='word_1_25' title='bbox 1107 349 1344 396; x_wconf 83' lang='grc' dir='ltr'><em>Ἱππόλυτον</em></span> <span class='ocrx_word' id='word_1_26' title='bbox 1365 351 1500 398; x_wconf 89' lang='grc' dir='ltr'><strong><em>πόθον</em></strong></span> <span class='ocrx_word' id='word_1_27' title='bbox 1518 353 1726 409; x_wconf 78' lang='grc' dir='ltr'><strong><em>ἐμυθολό-</em></strong></span> 
     </span>
     <span class='ocr_line' id='line_1_4' title="bbox 267 417 1311 475; baseline 0.003 -14"><span class='ocrx_word' id='word_1_28' title='bbox 267 435 420 475; x_wconf 77' lang='grc' dir='ltr'><strong><em>γησαν,</em></strong></span> <span class='ocrx_word' id='word_1_29' title='bbox 458 422 675 474; x_wconf 85' lang='grc' dir='ltr'><strong><em>ποιητικῶς</em></strong></span> <span class='ocrx_word' id='word_1_30' title='bbox 696 419 787 475; x_wconf 86' lang='grc' dir='ltr'><strong><em>περὶ</em></strong></span> <span class='ocrx_word' id='word_1_31' title='bbox 806 422 880 473; x_wconf 83' lang='grc' dir='ltr'><strong><em>τῆς</em></strong></span> <span class='ocrx_word' id='word_1_32' title='bbox 899 417 1026 475; x_wconf 81' lang='grc' dir='ltr'><strong><em>αὐτῆς</em></strong></span> <span class='ocrx_word' id='word_1_33' title='bbox 1047 418 1311 475; x_wconf 80' lang='grc' dir='ltr'><strong><em>πλασάμενοι.</em></strong></span> 
     </span>
    </p>

    <p class='ocr_par' dir='ltr' id='par_1_3' title="bbox 265 484 1799 817">
     <span class='ocr_line' id='line_1_5' title="bbox 364 484 1722 545; baseline 0.004 -17"><span class='ocrx_word' id='word_1_34' title='bbox 364 487 431 529; x_wconf 84' lang='grc' dir='ltr'><strong><em>Ἐν</em></strong></span> <span class='ocrx_word' id='word_1_35' title='bbox 462 487 601 536; x_wconf 74' lang='grc' dir='ltr'><strong><em>αὐτοῖς</em></strong></span> <span class='ocrx_word' id='word_1_36' title='bbox 631 487 675 529; x_wconf 81' lang='grc' dir='ltr'><strong><em>δὲ</em></strong></span> <span class='ocrx_word' id='word_1_37' title='bbox 705 493 792 536; x_wconf 79' lang='grc' dir='ltr'><strong><em>τοῖς</em></strong></span> <span class='ocrx_word' id='word_1_38' title='bbox 814 484 977 543; x_wconf 80' lang='grc' dir='ltr'><strong><em>χρόνοις</em></strong></span> <span class='ocrx_word' id='word_1_39' title='bbox 1004 489 1236 542; x_wconf 73' lang='grc' dir='ltr'><strong><em>ἐβασίλευσε</em></strong></span> <span class='ocrx_word' id='word_1_40' title='bbox 1265 493 1347 532; x_wconf 78' lang='grc' dir='ltr'><strong><em>τῶν</em></strong></span> <span class='ocrx_word' id='word_1_41' title='bbox 1375 490 1722 545; x_wconf 79' lang='grc' dir='ltr'><strong><em>,Λακεδαιμονίων</em></strong></span> 
     </span>
     <span class='ocr_line' id='line_1_6' title="bbox 265 553 1799 615; baseline 0.003 -17"><span class='ocrx_word' id='word_1_42' title='bbox 265 554 674 612; x_wconf 74' lang='grc' dir='ltr'><strong><em>πρῶτοςΕὗρυσθεύς</em></strong></span> <span class='ocrx_word' id='word_1_43' title='bbox 693 554 762 610; x_wconf 68' lang='grc' dir='ltr'><strong><em>ἔτη</em></strong></span> <span class='ocrx_word' id='word_1_44' title='bbox 776 553 862 610; x_wconf 83' lang='grc' dir='ltr'><strong><em>μβ’,</em></strong></span> <span class='ocrx_word' id='word_1_45' title='bbox 882 557 948 598; x_wconf 81' lang='grc' dir='ltr'><strong><em>καὶ</em></strong></span> <span class='ocrx_word' id='word_1_46' title='bbox 969 555 1083 599; x_wconf 77' lang='grc' dir='ltr'><strong><em>ἄλλοι</em></strong></span> <span class='ocrx_word' id='word_1_47' title='bbox 1099 561 1281 611; x_wconf 75' lang='grc' dir='ltr'><strong><em>βασιλεῖς</em></strong></span> <span class='ocrx_word' id='word_1_48' title='bbox 1293 558 1379 612; x_wconf 70' lang='grc' dir='ltr'><strong><em>μετ’</em></strong></span> <span class='ocrx_word' id='word_1_49' title='bbox 1401 558 1525 602; x_wconf 76' lang='grc' dir='ltr'><strong><em>αὐτὸν</em></strong></span> <span class='ocrx_word' id='word_1_50' title='bbox 1543 557 1598 615; x_wconf 85' lang='grc' dir='ltr'><strong><em>η’,</em></strong></span> <span class='ocrx_word' id='word_1_51' title='bbox 1617 557 1755 614; x_wconf 74' lang='grc' dir='ltr'><strong><em>ὃμοῦὄ</em></strong></span> <span class='ocrx_word' id='word_1_52' title='bbox 1794 582 1799 585; x_wconf 92' lang='grc'><em>·</em></span> 
     </span>
     <span class='ocr_line' id='line_1_7' title="bbox 266 621 1724 683; baseline 0.003 -17"><span class='ocrx_word' id='word_1_53' title='bbox 266 625 532 677; x_wconf 69' lang='grc' dir='ltr'><strong><em>ἐβασίλευσαν</em></strong></span> <span class='ocrx_word' id='word_1_54' title='bbox 554 622 623 679; x_wconf 70' lang='grc' dir='ltr'><strong><em>ἴτη</em></strong></span> <span class='ocrx_word' id='word_1_55' title='bbox 646 621 753 678; x_wconf 86' lang='grc' dir='ltr'><strong><em>σμς’.</em></strong></span> <span class='ocrx_word' id='word_1_56' title='bbox 824 625 891 666; x_wconf 83' lang='grc' dir='ltr'><strong><em>καὶ</em></strong></span> <span class='ocrx_word' id='word_1_57' title='bbox 915 622 1193 680; x_wconf 80' lang='grc' dir='ltr'><strong><em>ὁἌλκμαινος</em></strong></span> <span class='ocrx_word' id='word_1_58' title='bbox 1214 625 1282 682; x_wconf 68' lang='grc' dir='ltr'><strong><em>ἔτη</em></strong></span> <span class='ocrx_word' id='word_1_59' title='bbox 1305 624 1378 679; x_wconf 84' lang='grc' dir='ltr'><strong><em>λζ’.</em></strong></span> <span class='ocrx_word' id='word_1_60' title='bbox 1449 629 1516 670; x_wconf 81' lang='grc' dir='ltr'><strong><em>καὶ</em></strong></span> <span class='ocrx_word' id='word_1_61' title='bbox 1536 627 1724 683; x_wconf 76' lang='grc' dir='ltr'><strong><em>κατέσχεν</em></strong></span> 
     </span>
     <span class='ocr_line' id='line_1_8' title="bbox 265 690 1720 753; baseline 0.003 -19"><span class='ocrx_word' id='word_1_62' title='bbox 265 690 292 746; x_wconf 76' lang='grc' dir='ltr'>ἡ</span> <span class='ocrx_word' id='word_1_63' title='bbox 320 692 508 746; x_wconf 87' lang='grc' dir='ltr'><strong><em>βασιλεία</em></strong></span> <span class='ocrx_word' id='word_1_64' title='bbox 532 693 875 746; x_wconf 78' lang='grc' dir='ltr'><strong><em>Λακεδαιμονίων</em></strong></span> <span class='ocrx_word' id='word_1_65' title='bbox 896 692 948 735; x_wconf 76' lang='grc' dir='ltr'><strong><em>τοὶ</em></strong></span> <span class='ocrx_word' id='word_1_66' title='bbox 968 691 1101 736; x_wconf 81' lang='grc' dir='ltr'><strong><em>πάντα</em></strong></span> <span class='ocrx_word' id='word_1_67' title='bbox 1122 693 1190 749; x_wconf 65' lang='grc' dir='ltr'><strong><em>ἔτη</em></strong></span> <span class='ocrx_word' id='word_1_68' title='bbox 1211 693 1306 748; x_wconf 80' lang='grc' dir='ltr'><strong><em>τκε’,</em></strong></span> <span class='ocrx_word' id='word_1_69' title='bbox 1344 693 1400 745; x_wconf 82' lang='grc' dir='ltr'><strong><em>ὥς</em></strong></span> <span class='ocrx_word' id='word_1_70' title='bbox 1424 694 1669 753; x_wconf 83' lang='grc' dir='ltr'><strong><em>Ἀφρικανὸς</em></strong></span> <span class='ocrx_word' id='word_1_71' title='bbox 1698 694 1720 739; x_wconf 79' lang='grc' dir='ltr'><strong>ὅ</strong></span> 
     </span>
     <span class='ocr_line' id='line_1_9' title="bbox 265 758 822 817; baseline 0.002 -15"><span class='ocrx_word' id='word_1_72' title='bbox 265 758 508 817; x_wconf 83' lang='grc' dir='ltr'><strong><em>σοφώτατος</em></strong></span> <span class='ocrx_word' id='word_1_73' title='bbox 525 758 822 816; x_wconf 78' lang='grc' dir='ltr'><strong><em>συνεγράψατο.</em></strong></span> 
     </span>
    </p>

    <p class='ocr_par' dir='ltr' id='par_1_4' title="bbox 263 825 1776 1090">
     <span class='ocr_line' id='line_1_10' title="bbox 365 825 1722 889; baseline 0.003 -18"><span class='ocrx_word' id='word_1_74' title='bbox 365 828 490 872; x_wconf 80' lang='grc' dir='ltr'><strong><em>Μετὰ</em></strong></span> <span class='ocrx_word' id='word_1_75' title='bbox 519 829 563 871; x_wconf 82' lang='grc' dir='ltr'><strong><em>δὲ</em></strong></span> <span class='ocrx_word' id='word_1_76' title='bbox 587 828 699 871; x_wconf 86' lang='grc' dir='ltr'><strong><em>Ἠλεὶ</em></strong></span> <span class='ocrx_word' id='word_1_77' title='bbox 727 828 799 871; x_wconf 84' lang='grc' dir='ltr'><strong><em>τὸν</em></strong></span> <span class='ocrx_word' id='word_1_78' title='bbox 827 825 1042 886; x_wconf 80' lang='grc' dir='ltr'><strong><em>προφήτην</em></strong></span> <span class='ocrx_word' id='word_1_79' title='bbox 1063 832 1144 871; x_wconf 84' lang='grc' dir='ltr'><strong><em>τῶν</em></strong></span> <span class='ocrx_word' id='word_1_80' title='bbox 1170 829 1379 874; x_wconf 75' lang='grc' dir='ltr'><strong><em>Ἰουδαίων</em></strong></span> <span class='ocrx_word' id='word_1_81' title='bbox 1399 836 1562 889; x_wconf 86' lang='grc' dir='ltr'><strong><em>πρῶτος</em></strong></span> <span class='ocrx_word' id='word_1_82' title='bbox 1580 831 1722 886; x_wconf 74' lang='grc' dir='ltr'><strong><em>ἐβασί-</em></strong></span> 
     </span>
     <span class='ocr_line' id='line_1_11' title="bbox 264 894 1776 956; baseline 0.003 -18"><span class='ocrx_word' id='word_1_83' title='bbox 264 901 379 939; x_wconf 88' lang='grc' dir='ltr'><strong><em>λευσε</em></strong></span> <span class='ocrx_word' id='word_1_84' title='bbox 398 901 480 940; x_wconf 86' lang='grc' dir='ltr'><strong><em>τῶν</em></strong></span> <span class='ocrx_word' id='word_1_85' title='bbox 493 896 701 940; x_wconf 82' lang='grc' dir='ltr'><strong><em>Ἰουδαίων</em></strong></span> <span class='ocrx_word' id='word_1_86' title='bbox 719 895 880 950; x_wconf 80' lang='grc' dir='ltr'><strong><em>Σαούλ,</em></strong></span> <span class='ocrx_word' id='word_1_87' title='bbox 917 894 938 939; x_wconf 81' lang='grc' dir='ltr'><em>ὃ</em></span> <span class='ocrx_word' id='word_1_88' title='bbox 959 900 1033 939; x_wconf 79' lang='grc' dir='ltr'><strong><em>τοῦ</em></strong></span> <span class='ocrx_word' id='word_1_89' title='bbox 1049 898 1148 949; x_wconf 85' lang='grc' dir='ltr'><strong><em>Κίς,</em></strong></span> <span class='ocrx_word' id='word_1_90' title='bbox 1187 899 1229 940; x_wconf 69' lang='grc' dir='ltr'><strong><em>ἐκ</em></strong></span> <span class='ocrx_word' id='word_1_91' title='bbox 1248 903 1380 956; x_wconf 80' lang='grc' dir='ltr'><strong><em>φυλῆς</em></strong></span> <span class='ocrx_word' id='word_1_92' title='bbox 1396 901 1611 955; x_wconf 84' lang='grc' dir='ltr'><strong><em>Βενιαμίν,</em></strong></span> <span class='ocrx_word' id='word_1_93' title='bbox 1648 899 1717 956; x_wconf 67' lang='grc' dir='ltr'><strong><em>ἔτη</em></strong></span> <span class='ocrx_word' id='word_1_94' title='bbox 1732 913 1776 947; x_wconf 91' lang='lat'><strong><em>10</em></strong></span> 
     </span>
     <span class='ocr_line' id='line_1_12' title="bbox 263 963 1720 1023; baseline 0.003 -16"><span class='ocrx_word' id='word_1_95' title='bbox 263 963 314 1017; x_wconf 82' lang='grc' dir='ltr'><strong><em>κ’,</em></strong></span> <span class='ocrx_word' id='word_1_96' title='bbox 353 966 395 1007; x_wconf 72' lang='grc' dir='ltr'><strong><em>ἐν</em></strong></span> <span class='ocrx_word' id='word_1_97' title='bbox 422 968 464 1008; x_wconf 94' lang='grc' dir='ltr'><strong><em>Γ</em></strong></span> <span class='ocrx_word' id='word_1_98' title='bbox 461 965 603 1019; x_wconf 80' lang='grc' dir='ltr'><strong><em>αβαὼν</em></strong></span> <span class='ocrx_word' id='word_1_99' title='bbox 633 970 684 1023; x_wconf 81' lang='grc' dir='ltr'><strong><em>τῇ</em></strong></span> <span class='ocrx_word' id='word_1_100' title='bbox 713 964 837 1009; x_wconf 87' lang='grc' dir='ltr'><strong><em>πόλει.</em></strong></span> <span class='ocrx_word' id='word_1_101' title='bbox 907 969 988 1007; x_wconf 84' lang='grc' dir='ltr'><strong><em>τῶν</em></strong></span> <span class='ocrx_word' id='word_1_102' title='bbox 1018 966 1061 1007; x_wconf 79' lang='grc' dir='ltr'><strong><em>δὲ</em></strong></span> <span class='ocrx_word' id='word_1_103' title='bbox 1079 967 1316 1022; x_wconf 72' lang='grc' dir='ltr'><strong><em>Κορινθίων</em></strong></span> <span class='ocrx_word' id='word_1_104' title='bbox 1337 967 1439 1022; x_wconf 82' lang='grc' dir='ltr'><strong><em>μετὰ</em></strong></span> <span class='ocrx_word' id='word_1_105' title='bbox 1461 968 1558 1018; x_wconf 75' lang='grc' dir='ltr'><strong><em>τοὺς</em></strong></span> <span class='ocrx_word' id='word_1_106' title='bbox 1575 970 1720 1012; x_wconf 83' lang='grc' dir='ltr'><strong><em>Λακε-</em></strong></span> 
     </span>
     <span class='ocr_line' id='line_1_13' title="bbox 264 1031 1722 1090; baseline 0.003 -15"><span class='ocrx_word' id='word_1_107' title='bbox 264 1034 501 1087; x_wconf 87' lang='grc' dir='ltr'><strong><em>δαιμονίους</em></strong></span> <span class='ocrx_word' id='word_1_108' title='bbox 529 1034 761 1087; x_wconf 74' lang='grc' dir='ltr'><strong><em>ἐβασίλευσε</em></strong></span> <span class='ocrx_word' id='word_1_109' title='bbox 791 1031 881 1077; x_wconf 83' lang='grc' dir='ltr'><strong><em>τότε</em></strong></span> <span class='ocrx_word' id='word_1_110' title='bbox 910 1031 1080 1088; x_wconf 80' lang='grc' dir='ltr'><strong><em>Ἀλήτης</em></strong></span> <span class='ocrx_word' id='word_1_111' title='bbox 1103 1033 1170 1090; x_wconf 68' lang='grc' dir='ltr'><strong><em>ἔτη</em></strong></span> <span class='ocrx_word' id='word_1_112' title='bbox 1198 1033 1267 1088; x_wconf 79' lang='grc' dir='ltr'><strong><em>λε’,</em></strong></span> <span class='ocrx_word' id='word_1_113' title='bbox 1305 1037 1372 1078; x_wconf 83' lang='grc' dir='ltr'><strong><em>καὶ</em></strong></span> <span class='ocrx_word' id='word_1_114' title='bbox 1403 1035 1518 1079; x_wconf 74' lang='grc' dir='ltr'><strong><em>ἄλλοι</em></strong></span> <span class='ocrx_word' id='word_1_115' title='bbox 1539 1040 1722 1090; x_wconf 79' lang='grc' dir='ltr'><strong><em>βασιλεῖς</em></strong></span> 
     </span>
    </p>

    <p class='ocr_par' dir='ltr' id='par_1_5' title="bbox 114 1099 1772 1433">
     <span class='ocr_line' id='line_1_14' title="bbox 212 1099 1721 1159; baseline 0.003 -17"><span class='ocrx_word' id='word_1_116' title='bbox 212 1113 242 1147; x_wconf 90' lang='grc' dir='ltr'>Β</span> <span class='ocrx_word' id='word_1_117' title='bbox 267 1099 321 1143; x_wconf 86' lang='grc' dir='ltr'><strong><em>ια’</em></strong></span> <span class='ocrx_word' id='word_1_118' title='bbox 344 1101 412 1157; x_wconf 72' lang='grc' dir='ltr'><strong><em>ἔτη</em></strong></span> <span class='ocrx_word' id='word_1_119' title='bbox 444 1099 542 1154; x_wconf 76' lang='grc' dir='ltr'><strong><em>σοζ.</em></strong></span> <span class='ocrx_word' id='word_1_120' title='bbox 610 1104 677 1144; x_wconf 85' lang='grc' dir='ltr'><strong><em>καὶ</em></strong></span> <span class='ocrx_word' id='word_1_121' title='bbox 698 1101 868 1157; x_wconf 71' lang='grc' dir='ltr'><strong><em>ὕστερον</em></strong></span> <span class='ocrx_word' id='word_1_122' title='bbox 899 1103 1153 1155; x_wconf 75' lang='grc' dir='ltr'><strong><em>ἐβασίλευσεν</em></strong></span> <span class='ocrx_word' id='word_1_123' title='bbox 1188 1102 1208 1124; x_wconf 88' lang='grc'>*</span> <span class='ocrx_word' id='word_1_124' title='bbox 1242 1103 1330 1154; x_wconf 68' lang='grc' dir='ltr'><strong><em>ἔτος</em></strong></span> <span class='ocrx_word' id='word_1_125' title='bbox 1358 1101 1411 1148; x_wconf 85' lang='grc' dir='ltr'><strong><em>α’.</em></strong></span> <span class='ocrx_word' id='word_1_126' title='bbox 1482 1105 1647 1159; x_wconf 78' lang='grc' dir='ltr'><strong><em>κατέσχε</em></strong></span> <span class='ocrx_word' id='word_1_127' title='bbox 1675 1105 1721 1147; x_wconf 73' lang='grc' dir='ltr'><strong><em>δὲ</em></strong></span> 
     </span>
     <span class='ocr_line' id='line_1_15' title="bbox 263 1167 1178 1227; baseline 0.004 -16"><span class='ocrx_word' id='word_1_128' title='bbox 263 1167 289 1225; x_wconf 75' lang='grc' dir='ltr'>ἦ</span> <span class='ocrx_word' id='word_1_129' title='bbox 313 1172 500 1223; x_wconf 86' lang='grc' dir='ltr'><strong><em>βασιλεία</em></strong></span> <span class='ocrx_word' id='word_1_130' title='bbox 518 1172 755 1226; x_wconf 74' lang='grc' dir='ltr'><strong><em>Κορινθίων</em></strong></span> <span class='ocrx_word' id='word_1_131' title='bbox 773 1171 825 1213; x_wconf 77' lang='grc' dir='ltr'><strong><em>τὰ</em></strong></span> <span class='ocrx_word' id='word_1_132' title='bbox 846 1169 979 1212; x_wconf 85' lang='grc' dir='ltr'><strong><em>πάντα</em></strong></span> <span class='ocrx_word' id='word_1_133' title='bbox 1000 1170 1069 1225; x_wconf 73' lang='grc' dir='ltr'><strong><em>ἕτη</em></strong></span> <span class='ocrx_word' id='word_1_134' title='bbox 1091 1170 1178 1227; x_wconf 79' lang='grc' dir='ltr'><strong><em>τιγ’.</em></strong></span> 
     </span>
     <span class='ocr_line' id='line_1_16' title="bbox 114 1237 1772 1297; baseline 0.001 -17"><span class='ocrx_word' id='word_1_135' title='bbox 114 1249 147 1284; x_wconf 92' lang='grc' dir='ltr'>Ο</span> <span class='ocrx_word' id='word_1_136' title='bbox 174 1250 241 1285; x_wconf 77' lang='lat'><strong><em>112</em></strong></span> <span class='ocrx_word' id='word_1_137' title='bbox 358 1238 425 1280; x_wconf 88' lang='grc' dir='ltr'><strong><em>Ἔν</em></strong></span> <span class='ocrx_word' id='word_1_138' title='bbox 446 1245 533 1288; x_wconf 81' lang='grc' dir='ltr'><strong><em>τοῖς</em></strong></span> <span class='ocrx_word' id='word_1_139' title='bbox 555 1237 718 1294; x_wconf 84' lang='grc' dir='ltr'><strong><em>χρόνοις</em></strong></span> <span class='ocrx_word' id='word_1_140' title='bbox 736 1243 809 1281; x_wconf 83' lang='grc' dir='ltr'><strong><em>τοῦ</em></strong></span> <span class='ocrx_word' id='word_1_141' title='bbox 826 1238 964 1282; x_wconf 75' lang='grc' dir='ltr'><strong><em>Σαοὺλ</em></strong></span> <span class='ocrx_word' id='word_1_142' title='bbox 986 1238 1211 1294; x_wconf 73' lang='grc' dir='ltr'><strong><em>ἐπενόησαν</em></strong></span> <span class='ocrx_word' id='word_1_143' title='bbox 1230 1244 1393 1296; x_wconf 85' lang='grc' dir='ltr'><strong><em>πρῶτον</em></strong></span> <span class='ocrx_word' id='word_1_144' title='bbox 1414 1239 1548 1297; x_wconf 78' lang='grc' dir='ltr'><strong><em>ἀγῶνα</em></strong></span> <span class='ocrx_word' id='word_1_145' title='bbox 1571 1240 1611 1282; x_wconf 81' lang='grc' dir='ltr'><strong><em>οἳ</em></strong></span> <span class='ocrx_word' id='word_1_146' title='bbox 1631 1243 1716 1282; x_wconf 86' lang='grc' dir='ltr'><strong><em>Πι-</em></strong></span> <span class='ocrx_word' id='word_1_147' title='bbox 1728 1255 1772 1290; x_wconf 87' lang='lat'><strong><em>15</em></strong></span> 
     </span>
     <span class='ocr_line' id='line_1_17' title="bbox 262 1305 1716 1366; baseline 0.001 -17"><span class='ocrx_word' id='word_1_148' title='bbox 262 1307 631 1360; x_wconf 85' lang='grc' dir='ltr'><strong><em>σαΐοιὊλυμπίων,</em></strong></span> <span class='ocrx_word' id='word_1_149' title='bbox 668 1305 759 1350; x_wconf 85' lang='grc' dir='ltr'><strong><em>τότε</em></strong></span> <span class='ocrx_word' id='word_1_150' title='bbox 780 1307 855 1362; x_wconf 84' lang='grc' dir='ltr'><strong><em>τὴν</em></strong></span> <span class='ocrx_word' id='word_1_151' title='bbox 874 1305 1017 1363; x_wconf 71' lang='grc' dir='ltr'><strong><em>ἑορτὴν</em></strong></span> <span class='ocrx_word' id='word_1_152' title='bbox 1037 1307 1332 1358; x_wconf 75' lang='grc' dir='ltr'><strong><em>ἐπιτελέσαντες</em></strong></span> <span class='ocrx_word' id='word_1_153' title='bbox 1349 1308 1423 1363; x_wconf 87' lang='grc' dir='ltr'><strong><em>τὴν</em></strong></span> <span class='ocrx_word' id='word_1_154' title='bbox 1443 1307 1638 1363; x_wconf 87' lang='grc' dir='ltr'><strong><em>κοσμικὴν</em></strong></span> <span class='ocrx_word' id='word_1_155' title='bbox 1657 1312 1716 1366; x_wconf 79' lang='grc' dir='ltr'><strong><em>τῷ</em></strong></span> 
     </span>
     <span class='ocr_line' id='line_1_18' title="bbox 261 1370 1713 1433; baseline 0 -15"><span class='ocrx_word' id='word_1_156' title='bbox 261 1377 333 1418; x_wconf 83' lang='grc' dir='ltr'><strong><em>Διὶ</em></strong></span> <span class='ocrx_word' id='word_1_157' title='bbox 351 1375 575 1432; x_wconf 82' lang='grc' dir='ltr'><strong><em>Ὀλυμπίῳ,</em></strong></span> <span class='ocrx_word' id='word_1_158' title='bbox 612 1377 700 1431; x_wconf 84' lang='grc' dir='ltr'><strong><em>περὶ</em></strong></span> <span class='ocrx_word' id='word_1_159' title='bbox 722 1370 778 1418; x_wconf 74' lang='grc' dir='ltr'><strong><em>ὧν</em></strong></span> <span class='ocrx_word' id='word_1_160' title='bbox 801 1373 821 1418; x_wconf 81' lang='grc' dir='ltr'><em>ὃ</em></span> <span class='ocrx_word' id='word_1_161' title='bbox 842 1373 1081 1432; x_wconf 82' lang='grc' dir='ltr'><strong><em>σοφώτατος</em></strong></span> <span class='ocrx_word' id='word_1_162' title='bbox 1093 1376 1332 1432; x_wconf 81' lang='grc' dir='ltr'><strong><em>Ἀφρικανὸς</em></strong></span> <span class='ocrx_word' id='word_1_163' title='bbox 1353 1374 1713 1433; x_wconf 76' lang='grc' dir='ltr'><strong><em>ἓχρονογράφησεν.</em></strong></span> 
     </span>
    </p>

    <p class='ocr_par' dir='ltr' id='par_1_6' title="bbox 260 1442 1770 1635">
     <span class='ocr_line' id='line_1_19' title="bbox 357 1442 1716 1502; baseline 0.001 -17"><span class='ocrx_word' id='word_1_164' title='bbox 357 1442 425 1486; x_wconf 86' lang='grc' dir='ltr'><strong><em>Ἕν</em></strong></span> <span class='ocrx_word' id='word_1_165' title='bbox 446 1443 557 1502; x_wconf 75' lang='grc' dir='ltr'><strong><em>αὐτῷ</em></strong></span> <span class='ocrx_word' id='word_1_166' title='bbox 578 1444 622 1485; x_wconf 78' lang='grc' dir='ltr'><strong><em>δὲ</em></strong></span> <span class='ocrx_word' id='word_1_167' title='bbox 639 1448 696 1502; x_wconf 80' lang='grc' dir='ltr'><strong><em>τῷ</em></strong></span> <span class='ocrx_word' id='word_1_168' title='bbox 718 1448 843 1501; x_wconf 80' lang='grc' dir='ltr'><strong><em>καιρῷ</em></strong></span> <span class='ocrx_word' id='word_1_169' title='bbox 862 1444 1010 1499; x_wconf 74' lang='grc' dir='ltr'><strong><em>ἐγένετο</em></strong></span> <span class='ocrx_word' id='word_1_170' title='bbox 1034 1444 1159 1499; x_wconf 75' lang='grc' dir='ltr'><strong><em>ἱερεὺς</em></strong></span> <span class='ocrx_word' id='word_1_171' title='bbox 1186 1449 1268 1487; x_wconf 83' lang='grc' dir='ltr'><strong><em>τῶν</em></strong></span> <span class='ocrx_word' id='word_1_172' title='bbox 1290 1444 1500 1487; x_wconf 83' lang='grc' dir='ltr'><strong><em>Ἰουδαίων</em></strong></span> <span class='ocrx_word' id='word_1_173' title='bbox 1517 1443 1716 1499; x_wconf 81' lang='grc' dir='ltr'><strong><em>Σαμουὴλ</em></strong></span> 
     </span>
     <span class='ocr_line' id='line_1_20' title="bbox 262 1509 1714 1568; baseline 0 -14"><span class='ocrx_word' id='word_1_174' title='bbox 262 1509 283 1554; x_wconf 82' lang='grc' dir='ltr'><em>ὃ</em></span> <span class='ocrx_word' id='word_1_175' title='bbox 322 1510 557 1568; x_wconf 87' lang='grc' dir='ltr'><strong><em>προφήτης·</em></strong></span> <span class='ocrx_word' id='word_1_176' title='bbox 595 1513 660 1554; x_wconf 79' lang='grc' dir='ltr'><strong><em>καὶ</em></strong></span> <span class='ocrx_word' id='word_1_177' title='bbox 693 1510 940 1568; x_wconf 81' lang='grc' dir='ltr'><strong><em>προεβάλετο</em></strong></span> <span class='ocrx_word' id='word_1_178' title='bbox 971 1512 1075 1554; x_wconf 76' lang='grc' dir='ltr'><strong><em>κατὰ</em></strong></span> <span class='ocrx_word' id='word_1_179' title='bbox 1106 1513 1281 1555; x_wconf 87' lang='grc' dir='ltr'><strong><em>κε’λευσιν</em></strong></span> <span class='ocrx_word' id='word_1_180' title='bbox 1307 1517 1410 1555; x_wconf 81' lang='grc' dir='ltr'><strong><em>θεοῦ</em></strong></span> <span class='ocrx_word' id='word_1_181' title='bbox 1439 1512 1612 1566; x_wconf 76' lang='grc' dir='ltr'><strong><em>βασιλέα</em></strong></span> <span class='ocrx_word' id='word_1_182' title='bbox 1641 1511 1714 1555; x_wconf 85' lang='grc' dir='ltr'><strong><em>τὸν</em></strong></span> 
     </span>
     <span class='ocr_line' id='line_1_21' title="bbox 260 1579 1770 1635; baseline 0.003 -13"><span class='ocrx_word' id='word_1_183' title='bbox 260 1581 402 1635; x_wconf 82' lang='grc' dir='ltr'><strong><em>Λαβὶδ</em></strong></span> <span class='ocrx_word' id='word_1_184' title='bbox 421 1584 495 1622; x_wconf 84' lang='grc' dir='ltr'><strong><em>τοῦ</em></strong></span> <span class='ocrx_word' id='word_1_185' title='bbox 512 1579 735 1623; x_wconf 82' lang='grc' dir='ltr'><strong><em>Ἰουδαϊκοῦ</em></strong></span> <span class='ocrx_word' id='word_1_186' title='bbox 757 1580 928 1633; x_wconf 73' lang='grc' dir='ltr'><strong><em>ἔθνους,</em></strong></span> <span class='ocrx_word' id='word_1_187' title='bbox 963 1580 1035 1622; x_wconf 81' lang='grc' dir='ltr'><strong><em>τὸν</em></strong></span> <span class='ocrx_word' id='word_1_188' title='bbox 1052 1581 1141 1623; x_wconf 85' lang='grc' dir='ltr'><strong><em>υἶόν</em></strong></span> <span class='ocrx_word' id='word_1_189' title='bbox 1158 1585 1231 1624; x_wconf 80' lang='grc' dir='ltr'><strong><em>τοῦ</em></strong></span> <span class='ocrx_word' id='word_1_190' title='bbox 1250 1581 1406 1625; x_wconf 88' lang='grc' dir='ltr'><strong><em>Ἰεσσαί.</em></strong></span> <span class='ocrx_word' id='word_1_191' title='bbox 1723 1595 1770 1630; x_wconf 77' lang='grc'><strong><em>20</em></strong></span> 
     </span>
    </p>
   </div>
   <div class='ocr_carea' id='block_1_3' title="bbox 350 1683 1715 1966">
    <p class='ocr_par' dir='ltr' id='par_1_7' title="bbox 350 1683 1715 1966">
     <span class='ocr_line' id='line_1_22' title="bbox 350 1683 1715 1737; baseline 0.002 -13"><span class='ocrx_word' id='word_1_192' title='bbox 350 1689 385 1724; x_wconf 87' lang='grc'><strong><em>5.</em></strong></span> <span class='ocrx_word' id='word_1_193' title='bbox 407 1683 608 1733; x_wconf 80' lang='grc' dir='ltr'><strong><em>Ἐρυσθεῦς</em></strong></span> <span class='ocrx_word' id='word_1_194' title='bbox 630 1690 696 1723; x_wconf 86' lang='lat' dir='ltr'><strong><em>Ox.</em></strong></span> <span class='ocrx_word' id='word_1_195' title='bbox 711 1714 722 1730; x_wconf 91' lang='lat'>‚</span> <span class='ocrx_word' id='word_1_196' title='bbox 745 1686 961 1731; x_wconf 73' lang='grc' dir='ltr'><strong><em>Εὐρυσθεύς</em></strong></span> <span class='ocrx_word' id='word_1_197' title='bbox 984 1689 1066 1731; x_wconf 66' lang='lat' dir='ltr'><strong><em>ch„</em></strong></span> <span class='ocrx_word' id='word_1_198' title='bbox 1090 1688 1274 1724; x_wconf 77' lang='lat' dir='ltr'>cedrenus.</span> <span class='ocrx_word' id='word_1_199' title='bbox 1365 1689 1447 1725; x_wconf 74' lang='lat' dir='ltr'><strong><em>ibid.</em></strong></span> <span class='ocrx_word' id='word_1_200' title='bbox 1474 1690 1531 1737; x_wconf 86' lang='grc' dir='ltr'><strong><em>η’]</em></strong></span> <span class='ocrx_word' id='word_1_201' title='bbox 1555 1691 1715 1727; x_wconf 77' lang='lat' dir='ltr'>Debebat</span> 
     </span>
     <span class='ocr_line' id='line_1_23' title="bbox 351 1731 1714 1783; baseline 0.004 -16"><span class='ocrx_word' id='word_1_202' title='bbox 351 1731 393 1776; x_wconf 73' lang='grc' dir='ltr'><strong><em>ζ,</em></strong></span> <span class='ocrx_word' id='word_1_203' title='bbox 417 1735 509 1779; x_wconf 90' lang='lat' dir='ltr'>quod</span> <span class='ocrx_word' id='word_1_204' title='bbox 533 1734 670 1779; x_wconf 78' lang='lat' dir='ltr'><strong>reponit</strong></span> <span class='ocrx_word' id='word_1_205' title='bbox 693 1735 952 1769; x_wconf 80' lang='lat' dir='ltr'>Schurzfleisch.</span> <span class='ocrx_word' id='word_1_206' title='bbox 975 1735 1062 1769; x_wconf 79' lang='lat' dir='ltr'><strong>Not.</strong></span> <span class='ocrx_word' id='word_1_207' title='bbox 1086 1735 1127 1768; x_wconf 89' lang='lat' dir='ltr'><strong><em>B.</em></strong></span> <span class='ocrx_word' id='word_1_208' title='bbox 1151 1736 1195 1769; x_wconf 89' lang='lat' dir='ltr'><strong><em>V.</em></strong></span> <span class='ocrx_word' id='word_1_209' title='bbox 1219 1748 1253 1781; x_wconf 89' lang='lat' dir='ltr'><strong><em>p.</em></strong></span> <span class='ocrx_word' id='word_1_210' title='bbox 1278 1737 1356 1771; x_wconf 87' lang='grc'><strong>226.</strong></span> <span class='ocrx_word' id='word_1_211' title='bbox 1403 1736 1445 1769; x_wconf 91' lang='lat' dir='ltr'><strong><em>V.</em></strong></span> <span class='ocrx_word' id='word_1_212' title='bbox 1470 1738 1514 1772; x_wconf 81' lang='lat' dir='ltr'>ad</span> <span class='ocrx_word' id='word_1_213' title='bbox 1538 1749 1570 1783; x_wconf 90' lang='lat' dir='ltr'><strong><em>p.</em></strong></span> <span class='ocrx_word' id='word_1_214' title='bbox 1591 1740 1648 1774; x_wconf 85' lang='grc'><strong>28.</strong></span> <span class='ocrx_word' id='word_1_215' title='bbox 1673 1739 1714 1775; x_wconf 85' lang='grc' dir='ltr'><strong><em>Α.</em></strong></span> 
     </span>
     <span class='ocr_line' id='line_1_24' title="bbox 351 1778 1710 1826; baseline 0.003 -13"><span class='ocrx_word' id='word_1_216' title='bbox 351 1781 385 1814; x_wconf 86' lang='grc'><strong><em>6.</em></strong></span> <span class='ocrx_word' id='word_1_217' title='bbox 408 1781 470 1815; x_wconf 80' lang='grc' dir='ltr'><strong><em>καὶ</em></strong></span> <span class='ocrx_word' id='word_1_218' title='bbox 494 1779 513 1816; x_wconf 86' lang='grc' dir='ltr'>ὁ</span> <span class='ocrx_word' id='word_1_219' title='bbox 530 1779 759 1825; x_wconf 77' lang='grc' dir='ltr'><strong><em>’Ἀλκμαινος]</em></strong></span> <span class='ocrx_word' id='word_1_220' title='bbox 787 1782 879 1822; x_wconf 85' lang='lat' dir='ltr'>„Hic</span> <span class='ocrx_word' id='word_1_221' title='bbox 899 1778 1108 1825; x_wconf 80' lang='grc' dir='ltr'><strong><em>Ἀλκαμένης</em></strong></span> <span class='ocrx_word' id='word_1_222' title='bbox 1130 1787 1272 1815; x_wconf 79' lang='lat' dir='ltr'>vocatur</span> <span class='ocrx_word' id='word_1_223' title='bbox 1295 1781 1387 1826; x_wconf 85' lang='lat' dir='ltr'>apud</span> <span class='ocrx_word' id='word_1_224' title='bbox 1403 1781 1621 1819; x_wconf 86' lang='lat' dir='ltr'>Eusebium.“</span> <span class='ocrx_word' id='word_1_225' title='bbox 1645 1783 1710 1817; x_wconf 80' lang='lat' dir='ltr'><strong><em>ch.</em></strong></span> 
     </span>
     <span class='ocr_line' id='line_1_25' title="bbox 351 1823 1712 1874; baseline 0.002 -12"><span class='ocrx_word' id='word_1_226' title='bbox 351 1827 407 1862; x_wconf 89' lang='grc'><strong>12.</strong></span> <span class='ocrx_word' id='word_1_227' title='bbox 434 1823 601 1871; x_wconf 68' lang='grc' dir='ltr'><strong><em>Ἀλήτης]</em></strong></span> <span class='ocrx_word' id='word_1_228' title='bbox 625 1825 758 1871; x_wconf 78' lang='grc' dir='ltr'><strong><em>Ἀλέτης</em></strong></span> <span class='ocrx_word' id='word_1_229' title='bbox 782 1828 849 1861; x_wconf 86' lang='lat' dir='ltr'><strong><em>ox.</em></strong></span> <span class='ocrx_word' id='word_1_230' title='bbox 965 1828 1018 1863; x_wconf 88' lang='grc'><strong><em>13.</em></strong></span> <span class='ocrx_word' id='word_1_231' title='bbox 1052 1826 1279 1873; x_wconf 79' lang='grc' dir='ltr'><strong><em>ἐβασίλευσεν</em></strong></span> <span class='ocrx_word' id='word_1_232' title='bbox 1301 1828 1338 1871; x_wconf 74' lang='grc'><strong><em>’]</em></strong></span> <span class='ocrx_word' id='word_1_233' title='bbox 1364 1826 1597 1873; x_wconf 74' lang='grc' dir='ltr'><strong><em>ἐβασίλευσαν</em></strong></span> <span class='ocrx_word' id='word_1_234' title='bbox 1619 1842 1712 1874; x_wconf 85' lang='grc' dir='ltr'><strong><em>πρυ-</em></strong></span> 
     </span>
     <span class='ocr_line' id='line_1_26' title="bbox 350 1870 1711 1918; baseline 0.004 -14"><span class='ocrx_word' id='word_1_235' title='bbox 350 1870 492 1913; x_wconf 77' lang='grc' dir='ltr'><strong><em>τάνεις,</em></strong></span> <span class='ocrx_word' id='word_1_236' title='bbox 527 1872 674 1913; x_wconf 71' lang='grc' dir='ltr'><strong><em>ἕκαστος</em></strong></span> <span class='ocrx_word' id='word_1_237' title='bbox 698 1871 776 1913; x_wconf 75' lang='grc' dir='ltr'><strong><em>ἔτος</em></strong></span> <span class='ocrx_word' id='word_1_238' title='bbox 802 1871 841 1908; x_wconf 73' lang='grc' dir='ltr'><strong><em>ἕν</em></strong></span> <span class='ocrx_word' id='word_1_239' title='bbox 863 1872 1162 1907; x_wconf 80' lang='lat' dir='ltr'>Schurzfieischius</span> <span class='ocrx_word' id='word_1_240' title='bbox 1184 1873 1206 1906; x_wconf 87' lang='lat' dir='ltr'><strong><em>l.</em></strong></span> <span class='ocrx_word' id='word_1_241' title='bbox 1231 1885 1261 1907; x_wconf 90' lang='lat' dir='ltr'><strong><em>c.</em></strong></span> <span class='ocrx_word' id='word_1_242' title='bbox 1286 1885 1319 1918; x_wconf 90' lang='lat' dir='ltr'><strong><em>p.</em></strong></span> <span class='ocrx_word' id='word_1_243' title='bbox 1341 1875 1422 1910; x_wconf 89' lang='grc'><strong>222.</strong></span> <span class='ocrx_word' id='word_1_244' title='bbox 1537 1876 1592 1912; x_wconf 86' lang='grc'><strong><em>15.</em></strong></span> <span class='ocrx_word' id='word_1_245' title='bbox 1614 1877 1711 1911; x_wconf 88' lang='grc' dir='ltr'><strong><em>Πισ-</em></strong></span> 
     </span>
     <span class='ocr_line' id='line_1_27' title="bbox 353 1917 1312 1966; baseline 0.002 -15"><span class='ocrx_word' id='word_1_246' title='bbox 353 1920 454 1952; x_wconf 84' lang='grc' dir='ltr'><strong><em>σοιῖοι</em></strong></span> <span class='ocrx_word' id='word_1_247' title='bbox 476 1919 544 1953; x_wconf 89' lang='lat' dir='ltr'><strong><em>Ox.</em></strong></span> <span class='ocrx_word' id='word_1_248' title='bbox 564 1960 567 1962; x_wconf 41' lang='grc'><strong>,</strong></span> <span class='ocrx_word' id='word_1_249' title='bbox 636 1921 689 1954; x_wconf 88' lang='lat'><strong><em>19.</em></strong></span> <span class='ocrx_word' id='word_1_250' title='bbox 713 1917 955 1966; x_wconf 78' lang='grc' dir='ltr'><strong><em>προεβάλετο]</em></strong></span> <span class='ocrx_word' id='word_1_251' title='bbox 978 1919 1219 1966; x_wconf 75' lang='grc' dir='ltr'><strong><em>προεβάλλετο</em></strong></span> <span class='ocrx_word' id='word_1_252' title='bbox 1244 1919 1312 1954; x_wconf 88' lang='lat' dir='ltr'><strong><em>Ox.</em></strong></span> 
     </span>
    </p>
   </div>
   <div class='ocr_carea' id='block_1_4' title="bbox 259 2006 1711 2738">
    <p class='ocr_par' dir='ltr' id='par_1_8' title="bbox 264 2006 1711 2101">
     <span class='ocr_line' id='line_1_28' title="bbox 264 2006 1711 2056; baseline 0.003 -16"><span class='ocrx_word' id='word_1_253' title='bbox 264 2006 352 2040; x_wconf 82' lang='lat' dir='ltr'>didit.</span> <span class='ocrx_word' id='word_1_254' title='bbox 373 2008 633 2052; x_wconf 81' lang='lat' dir='ltr'>sapientissimus</span> <span class='ocrx_word' id='word_1_255' title='bbox 657 2010 865 2055; x_wconf 86' lang='lat' dir='ltr'>Cephalion:</span> <span class='ocrx_word' id='word_1_256' title='bbox 902 2010 960 2055; x_wconf 90' lang='lat' dir='ltr'><strong><em>qui</em></strong></span> <span class='ocrx_word' id='word_1_257' title='bbox 983 2011 1106 2045; x_wconf 60' lang='lat' dir='ltr'>PoEtas</span> <span class='ocrx_word' id='word_1_258' title='bbox 1130 2010 1231 2044; x_wconf 76' lang='lat' dir='ltr'>etiam</span> <span class='ocrx_word' id='word_1_259' title='bbox 1253 2010 1467 2055; x_wconf 78' lang='lat' dir='ltr'><strong>perstrinxit,</strong></span> <span class='ocrx_word' id='word_1_260' title='bbox 1493 2012 1535 2045; x_wconf 92' lang='lat' dir='ltr'><strong><em>ob</em></strong></span> <span class='ocrx_word' id='word_1_261' title='bbox 1559 2023 1600 2045; x_wconf 88' lang='lat' dir='ltr'><strong><em>ea</em></strong></span> <span class='ocrx_word' id='word_1_262' title='bbox 1623 2022 1711 2056; x_wconf 83' lang='lat' dir='ltr'>quae</span> 
     </span>
     <span class='ocr_line' id='line_1_29' title="bbox 265 2053 1678 2101; baseline 0.003 -15"><span class='ocrx_word' id='word_1_263' title='bbox 265 2053 309 2087; x_wconf 86' lang='lat' dir='ltr'>de</span> <span class='ocrx_word' id='word_1_264' title='bbox 333 2053 536 2087; x_wconf 76' lang='lat' dir='ltr'>castissimae</span> <span class='ocrx_word' id='word_1_265' title='bbox 559 2055 738 2089; x_wconf 83' lang='lat' dir='ltr'>Phaedrae</span> <span class='ocrx_word' id='word_1_266' title='bbox 761 2061 798 2090; x_wconf 84' lang='lat' dir='ltr'>et</span> <span class='ocrx_word' id='word_1_267' title='bbox 821 2056 1002 2101; x_wconf 73' lang='lat' dir='ltr'>Hippolyti</span> <span class='ocrx_word' id='word_1_268' title='bbox 1025 2056 1207 2096; x_wconf 86' lang='lat' dir='ltr'>amoribus,</span> <span class='ocrx_word' id='word_1_269' title='bbox 1230 2056 1405 2090; x_wconf 78' lang='lat' dir='ltr'>vanissime</span> <span class='ocrx_word' id='word_1_270' title='bbox 1426 2057 1570 2090; x_wconf 84' lang='lat' dir='ltr'>fabulati</span> <span class='ocrx_word' id='word_1_271' title='bbox 1592 2062 1678 2091; x_wconf 81' lang='lat' dir='ltr'>sunt.</span> 
     </span>
    </p>

    <p class='ocr_par' dir='ltr' id='par_1_9' title="bbox 262 2099 1710 2283">
     <span class='ocr_line' id='line_1_30' title="bbox 354 2099 1710 2148; baseline 0.003 -16"><span class='ocrx_word' id='word_1_272' title='bbox 354 2099 458 2133; x_wconf 80' lang='lat' dir='ltr'>Circa</span> <span class='ocrx_word' id='word_1_273' title='bbox 487 2099 547 2134; x_wconf 83' lang='lat' dir='ltr'>illa</span> <span class='ocrx_word' id='word_1_274' title='bbox 569 2104 722 2145; x_wconf 85' lang='lat' dir='ltr'>tempora</span> <span class='ocrx_word' id='word_1_275' title='bbox 755 2101 1029 2136; x_wconf 86' lang='lat' dir='ltr'>Lacedaemoniis</span> <span class='ocrx_word' id='word_1_276' title='bbox 1051 2102 1209 2146; x_wconf 86' lang='lat' dir='ltr'>regnavit</span> <span class='ocrx_word' id='word_1_277' title='bbox 1232 2101 1356 2147; x_wconf 88' lang='lat' dir='ltr'>primus</span> <span class='ocrx_word' id='word_1_278' title='bbox 1379 2103 1612 2147; x_wconf 77' lang='lat' dir='ltr'>Eurystheus,</span> <span class='ocrx_word' id='word_1_279' title='bbox 1647 2113 1710 2148; x_wconf 84' lang='lat' dir='ltr'>per</span> 
     </span>
     <span class='ocr_line' id='line_1_31' title="bbox 265 2147 1710 2193; baseline 0.003 -15"><span class='ocrx_word' id='word_1_280' title='bbox 265 2155 368 2179; x_wconf 89' lang='lat' dir='ltr'>annos</span> <span class='ocrx_word' id='word_1_281' title='bbox 391 2148 515 2178; x_wconf 82' lang='lat' dir='ltr'><strong><em>x11..et</em></strong></span> <span class='ocrx_word' id='word_1_282' title='bbox 537 2150 613 2190; x_wconf 83' lang='lat' dir='ltr'>post</span> <span class='ocrx_word' id='word_1_283' title='bbox 637 2158 710 2180; x_wconf 91' lang='lat' dir='ltr'><strong><em>eum</em></strong></span> <span class='ocrx_word' id='word_1_284' title='bbox 733 2158 830 2190; x_wconf 83' lang='lat' dir='ltr'>reges</span> <span class='ocrx_word' id='word_1_285' title='bbox 855 2147 911 2180; x_wconf 88' lang='lat' dir='ltr'>alii</span> <span class='ocrx_word' id='word_1_286' title='bbox 935 2159 1018 2188; x_wconf 90' lang='lat' dir='ltr'>v111,</span> <span class='ocrx_word' id='word_1_287' title='bbox 1042 2159 1104 2192; x_wconf 90' lang='lat' dir='ltr'>per</span> <span class='ocrx_word' id='word_1_288' title='bbox 1128 2158 1254 2182; x_wconf 77' lang='lat' dir='ltr'>ccxnvl</span> <span class='ocrx_word' id='word_1_289' title='bbox 1278 2159 1436 2182; x_wconf 87' lang='lat' dir='ltr'>annorum</span> <span class='ocrx_word' id='word_1_290' title='bbox 1459 2147 1624 2193; x_wconf 79' lang='lat' dir='ltr'>spatium=</span> <span class='ocrx_word' id='word_1_291' title='bbox 1648 2149 1710 2182; x_wconf 83' lang='lat' dir='ltr'>de-</span> 
     </span>
     <span class='ocr_line' id='line_1_32' title="bbox 262 2189 1710 2237; baseline 0.003 -14"><span class='ocrx_word' id='word_1_292' title='bbox 262 2189 343 2224; x_wconf 90' lang='lat' dir='ltr'>inde</span> <span class='ocrx_word' id='word_1_293' title='bbox 366 2191 582 2232; x_wconf 87' lang='lat' dir='ltr'>Alcmaenus‚</span> <span class='ocrx_word' id='word_1_294' title='bbox 607 2202 710 2226; x_wconf 88' lang='lat' dir='ltr'>annos</span> <span class='ocrx_word' id='word_1_295' title='bbox 733 2203 865 2227; x_wconf 85' lang='lat' dir='ltr'><strong><em>xxxvn.</em></strong></span> <span class='ocrx_word' id='word_1_296' title='bbox 913 2192 1061 2227; x_wconf 82' lang='lat' dir='ltr'>Duravit.</span> <span class='ocrx_word' id='word_1_297' title='bbox 1082 2193 1188 2237; x_wconf 85' lang='lat' dir='ltr'>igitur</span> <span class='ocrx_word' id='word_1_298' title='bbox 1210 2204 1347 2237; x_wconf 83' lang='lat' dir='ltr'>regnum</span> <span class='ocrx_word' id='word_1_299' title='bbox 1371 2193 1710 2228; x_wconf 72' lang='lat' dir='ltr'>Lacedaemoniorum</span> 
     </span>
     <span class='ocr_line' id='line_1_33' title="bbox 263 2238 1573 2283; baseline 0.002 -14"><span class='ocrx_word' id='word_1_300' title='bbox 263 2247 326 2282; x_wconf 85' lang='lat' dir='ltr'>per</span> <span class='ocrx_word' id='word_1_301' title='bbox 349 2247 452 2270; x_wconf 88' lang='lat' dir='ltr'>annos</span> <span class='ocrx_word' id='word_1_302' title='bbox 475 2247 626 2278; x_wconf 87' lang='lat' dir='ltr'>cccxxv,</span> <span class='ocrx_word' id='word_1_303' title='bbox 655 2238 742 2271; x_wconf 83' lang='lat' dir='ltr'>sicut</span> <span class='ocrx_word' id='word_1_304' title='bbox 763 2238 924 2282; x_wconf 79' lang='lat' dir='ltr'>scriptum</span> <span class='ocrx_word' id='word_1_305' title='bbox 947 2238 1086 2283; x_wconf 79' lang='lat' dir='ltr'>reliquit</span> <span class='ocrx_word' id='word_1_306' title='bbox 1106 2238 1362 2282; x_wconf 81' lang='lat' dir='ltr'>sapientissimus</span> <span class='ocrx_word' id='word_1_307' title='bbox 1388 2239 1573 2274; x_wconf 83' lang='lat' dir='ltr'>Africanus.</span> 
     </span>
    </p>

    <p class='ocr_par' dir='ltr' id='par_1_10' title="bbox 260 2281 1708 2510">
     <span class='ocr_line' id='line_1_34' title="bbox 353 2281 1708 2328; baseline 0.001 -13"><span class='ocrx_word' id='word_1_308' title='bbox 353 2282 437 2316; x_wconf 84' lang='lat' dir='ltr'>Post</span> <span class='ocrx_word' id='word_1_309' title='bbox 459 2281 515 2315; x_wconf 83' lang='lat' dir='ltr'><strong><em>Eli</em></strong></span> <span class='ocrx_word' id='word_1_310' title='bbox 539 2283 761 2327; x_wconf 84' lang='lat' dir='ltr'>Prophetam,</span> <span class='ocrx_word' id='word_1_311' title='bbox 792 2283 949 2326; x_wconf 83' lang='lat' dir='ltr'>regnavit</span> <span class='ocrx_word' id='word_1_312' title='bbox 972 2285 1095 2328; x_wconf 87' lang='lat' dir='ltr'>primus</span> <span class='ocrx_word' id='word_1_313' title='bbox 1118 2285 1162 2318; x_wconf 86' lang='lat' dir='ltr'>ad</span> <span class='ocrx_word' id='word_1_314' title='bbox 1184 2285 1347 2318; x_wconf 73' lang='lat' dir='ltr'>Judaeum</span> <span class='ocrx_word' id='word_1_315' title='bbox 1370 2285 1512 2326; x_wconf 83' lang='lat' dir='ltr'>Saulus,</span> <span class='ocrx_word' id='word_1_316' title='bbox 1543 2284 1628 2318; x_wconf 85' lang='lat' dir='ltr'>filius</span> <span class='ocrx_word' id='word_1_317' title='bbox 1651 2283 1708 2317; x_wconf 85' lang='lat' dir='ltr'>Cis</span> 
     </span>
     <span class='ocr_line' id='line_1_35' title="bbox 264 2326 1708 2372; baseline 0.001 -11"><span class='ocrx_word' id='word_1_318' title='bbox 264 2339 307 2361; x_wconf 86' lang='lat' dir='ltr'><strong><em>ex</em></strong></span> <span class='ocrx_word' id='word_1_319' title='bbox 337 2326 430 2361; x_wconf 80' lang='lat' dir='ltr'>tribu</span> <span class='ocrx_word' id='word_1_320' title='bbox 454 2328 647 2372; x_wconf 73' lang='lat' dir='ltr'>Beniamin,</span> <span class='ocrx_word' id='word_1_321' title='bbox 683 2328 776 2362; x_wconf 83' lang='lat' dir='ltr'>annis</span> <span class='ocrx_word' id='word_1_322' title='bbox 799 2340 863 2369; x_wconf 87' lang='lat' dir='ltr'><strong><em>xx,</em></strong></span> <span class='ocrx_word' id='word_1_323' title='bbox 896 2328 932 2361; x_wconf 83' lang='lat' dir='ltr'><strong><em>in</em></strong></span> <span class='ocrx_word' id='word_1_324' title='bbox 963 2330 1045 2363; x_wconf 89' lang='lat' dir='ltr'>urbe</span> <span class='ocrx_word' id='word_1_325' title='bbox 1069 2330 1216 2363; x_wconf 88' lang='lat' dir='ltr'>Gibeah.</span> <span class='ocrx_word' id='word_1_326' title='bbox 1260 2331 1390 2365; x_wconf 86' lang='lat' dir='ltr'>Everso</span> <span class='ocrx_word' id='word_1_327' title='bbox 1422 2329 1708 2364; x_wconf 83' lang='lat' dir='ltr'>Lacedaemonio-</span> 
     </span>
     <span class='ocr_line' id='line_1_36' title="bbox 263 2373 1708 2420; baseline 0.001 -14"><span class='ocrx_word' id='word_1_328' title='bbox 263 2384 336 2407; x_wconf 87' lang='lat' dir='ltr'>rum</span> <span class='ocrx_word' id='word_1_329' title='bbox 358 2373 523 2417; x_wconf 82' lang='lat' dir='ltr'>imperio,</span> <span class='ocrx_word' id='word_1_330' title='bbox 547 2373 731 2408; x_wconf 84' lang='lat' dir='ltr'>Corinthiis</span> <span class='ocrx_word' id='word_1_331' title='bbox 755 2374 913 2418; x_wconf 86' lang='lat' dir='ltr'>regnavit.</span> <span class='ocrx_word' id='word_1_332' title='bbox 935 2374 1067 2415; x_wconf 73' lang='lat' dir='ltr'>Aletes,</span> <span class='ocrx_word' id='word_1_333' title='bbox 1091 2386 1155 2419; x_wconf 84' lang='lat' dir='ltr'>per</span> <span class='ocrx_word' id='word_1_334' title='bbox 1179 2387 1282 2410; x_wconf 91' lang='lat' dir='ltr'>annos</span> <span class='ocrx_word' id='word_1_335' title='bbox 1304 2387 1413 2417; x_wconf 84' lang='lat' dir='ltr'><strong>xxxv,</strong></span> <span class='ocrx_word' id='word_1_336' title='bbox 1438 2376 1563 2420; x_wconf 85' lang='lat' dir='ltr'>aliique</span> <span class='ocrx_word' id='word_1_337' title='bbox 1586 2373 1708 2408; x_wconf 86' lang='lat' dir='ltr'>deinde</span> 
     </span>
     <span class='ocr_line' id='line_1_37' title="bbox 260 2420 1707 2466; baseline 0.001 -14"><span class='ocrx_word' id='word_1_338' title='bbox 260 2430 361 2462; x_wconf 86' lang='lat' dir='ltr'>reges</span> <span class='ocrx_word' id='word_1_339' title='bbox 392 2429 451 2460; x_wconf 74' lang='lat' dir='ltr'><strong><em>xx,</em></strong></span> <span class='ocrx_word' id='word_1_340' title='bbox 493 2430 556 2463; x_wconf 86' lang='lat' dir='ltr'>per</span> <span class='ocrx_word' id='word_1_341' title='bbox 590 2431 693 2454; x_wconf 84' lang='lat' dir='ltr'>annos</span> <span class='ocrx_word' id='word_1_342' title='bbox 734 2430 904 2453; x_wconf 70' lang='lat' dir='ltr'><strong><em>ccnxxvn.</em></strong></span> <span class='ocrx_word' id='word_1_343' title='bbox 948 2424 1065 2463; x_wconf 77' lang='lat' dir='ltr'>postea</span> <span class='ocrx_word' id='word_1_344' title='bbox 1105 2420 1206 2454; x_wconf 82' lang='lat' dir='ltr'>etiam</span> <span class='ocrx_word' id='word_1_345' title='bbox 1248 2421 1407 2465; x_wconf 82' lang='lat' dir='ltr'>regnavit</span> <span class='ocrx_word' id='word_1_346' title='bbox 1439 2421 1458 2442; x_wconf 86' lang='grc'>*</span> <span class='ocrx_word' id='word_1_347' title='bbox 1491 2431 1554 2466; x_wconf 84' lang='lat' dir='ltr'>per</span> <span class='ocrx_word' id='word_1_348' title='bbox 1587 2430 1707 2454; x_wconf 80' lang='lat' dir='ltr'>annum</span> 
     </span>
     <span class='ocr_line' id='line_1_38' title="bbox 261 2464 1410 2510; baseline 0.001 -13"><span class='ocrx_word' id='word_1_349' title='bbox 261 2475 371 2498; x_wconf 89' lang='lat' dir='ltr'>unum.</span> <span class='ocrx_word' id='word_1_350' title='bbox 417 2464 566 2499; x_wconf 82' lang='lat' dir='ltr'>Duravit</span> <span class='ocrx_word' id='word_1_351' title='bbox 586 2465 695 2509; x_wconf 81' lang='lat' dir='ltr'>igitur</span> <span class='ocrx_word' id='word_1_352' title='bbox 708 2468 853 2510; x_wconf 71' lang='lat' dir='ltr'>‘regnum</span> <span class='ocrx_word' id='word_1_353' title='bbox 876 2464 1128 2498; x_wconf 84' lang='lat' dir='ltr'>Corinthiorum</span> <span class='ocrx_word' id='word_1_354' title='bbox 1153 2467 1247 2500; x_wconf 87' lang='lat' dir='ltr'>annis</span> <span class='ocrx_word' id='word_1_355' title='bbox 1271 2477 1410 2499; x_wconf 86' lang='lat' dir='ltr'><strong><em>cccxm.</em></strong></span> 
     </span>
    </p>

    <p class='ocr_par' dir='ltr' id='par_1_11' title="bbox 260 2509 1706 2646">
     <span class='ocr_line' id='line_1_39' title="bbox 351 2509 1706 2556; baseline 0.001 -13"><span class='ocrx_word' id='word_1_356' title='bbox 351 2509 472 2544; x_wconf 88' lang='lat' dir='ltr'>Iisdem</span> <span class='ocrx_word' id='word_1_357' title='bbox 495 2510 591 2544; x_wconf 85' lang='lat' dir='ltr'>Sauli</span> <span class='ocrx_word' id='word_1_358' title='bbox 613 2512 835 2556; x_wconf 84' lang='lat' dir='ltr'>temporibus,</span> <span class='ocrx_word' id='word_1_359' title='bbox 868 2510 981 2543; x_wconf 83' lang='lat' dir='ltr'>Pisaei</span> <span class='ocrx_word' id='word_1_360' title='bbox 1005 2511 1145 2554; x_wconf 85' lang='lat' dir='ltr'>primum</span> <span class='ocrx_word' id='word_1_361' title='bbox 1171 2511 1353 2545; x_wconf 75' lang='lat' dir='ltr'>Certamen</span> <span class='ocrx_word' id='word_1_362' title='bbox 1377 2509 1587 2555; x_wconf 85' lang='lat' dir='ltr'>Olympicum</span> <span class='ocrx_word' id='word_1_363' title='bbox 1610 2509 1706 2544; x_wconf 81' lang='lat' dir='ltr'>insti—</span> 
     </span>
     <span class='ocr_line' id='line_1_40' title="bbox 260 2556 1706 2602; baseline 0.002 -15"><span class='ocrx_word' id='word_1_364' title='bbox 260 2557 423 2596; x_wconf 79' lang='lat' dir='ltr'>tuerunt3</span> <span class='ocrx_word' id='word_1_365' title='bbox 445 2556 524 2589; x_wconf 85' lang='lat' dir='ltr'><strong><em>Jovi</em></strong></span> <span class='ocrx_word' id='word_1_366' title='bbox 547 2557 705 2602; x_wconf 83' lang='lat' dir='ltr'>Olympio</span> <span class='ocrx_word' id='word_1_367' title='bbox 728 2556 946 2590; x_wconf 77' lang='lat' dir='ltr'>festivitatem</span> <span class='ocrx_word' id='word_1_368' title='bbox 968 2556 1058 2588; x_wconf 76' lang='lat' dir='ltr'>illam</span> <span class='ocrx_word' id='word_1_369' title='bbox 1074 2556 1294 2590; x_wconf 79' lang='lat' dir='ltr'>universalem</span> <span class='ocrx_word' id='word_1_370' title='bbox 1319 2556 1538 2590; x_wconf 80' lang='lat' dir='ltr'>celebrantes.</span> <span class='ocrx_word' id='word_1_371' title='bbox 1583 2556 1637 2590; x_wconf 88' lang='lat' dir='ltr'>De</span> <span class='ocrx_word' id='word_1_372' title='bbox 1655 2556 1706 2590; x_wconf 86' lang='lat' dir='ltr'>his</span> 
     </span>
     <span class='ocr_line' id='line_1_41' title="bbox 262 2601 1444 2646; baseline 0.002 -13"><span class='ocrx_word' id='word_1_373' title='bbox 262 2611 342 2633; x_wconf 90' lang='lat' dir='ltr'>vero</span> <span class='ocrx_word' id='word_1_374' title='bbox 367 2601 504 2646; x_wconf 81' lang='lat' dir='ltr'>scripsit</span> <span class='ocrx_word' id='word_1_375' title='bbox 525 2601 561 2635; x_wconf 91' lang='lat' dir='ltr'><strong><em>in</em></strong></span> <span class='ocrx_word' id='word_1_376' title='bbox 585 2602 867 2646; x_wconf 73' lang='lat' dir='ltr'>chronographia</span> <span class='ocrx_word' id='word_1_377' title='bbox 890 2611 949 2634; x_wconf 83' lang='lat' dir='ltr'><strong><em>sua</em></strong></span> <span class='ocrx_word' id='word_1_378' title='bbox 972 2601 1232 2645; x_wconf 77' lang='lat' dir='ltr'>sapientissimus</span> <span class='ocrx_word' id='word_1_379' title='bbox 1256 2602 1444 2636; x_wconf 84' lang='lat' dir='ltr'>Africanus.</span> 
     </span>
    </p>

    <p class='ocr_par' dir='ltr' id='par_1_12' title="bbox 259 2646 1705 2738">
     <span class='ocr_line' id='line_1_42' title="bbox 351 2646 1705 2693; baseline 0.001 -14"><span class='ocrx_word' id='word_1_380' title='bbox 351 2646 480 2680; x_wconf 86' lang='lat' dir='ltr'>Eodem</span> <span class='ocrx_word' id='word_1_381' title='bbox 504 2651 657 2692; x_wconf 84' lang='lat' dir='ltr'>tempore</span> <span class='ocrx_word' id='word_1_382' title='bbox 679 2649 883 2682; x_wconf 84' lang='lat' dir='ltr'>Judaeorum</span> <span class='ocrx_word' id='word_1_383' title='bbox 905 2646 1071 2679; x_wconf 78' lang='lat' dir='ltr'>Sacerdos</span> <span class='ocrx_word' id='word_1_384' title='bbox 1095 2652 1169 2680; x_wconf 81' lang='lat' dir='ltr'>erat</span> <span class='ocrx_word' id='word_1_385' title='bbox 1192 2647 1329 2681; x_wconf 89' lang='lat' dir='ltr'>Samuel</span> <span class='ocrx_word' id='word_1_386' title='bbox 1350 2647 1546 2693; x_wconf 74' lang='lat' dir='ltr'>Propheta3</span> <span class='ocrx_word' id='word_1_387' title='bbox 1581 2647 1641 2691; x_wconf 87' lang='lat' dir='ltr'><strong><em>qui</em></strong></span> <span class='ocrx_word' id='word_1_388' title='bbox 1663 2657 1705 2680; x_wconf 85' lang='lat' dir='ltr'><strong><em>ex</em></strong></span> 
     </span>
     <span class='ocr_line' id='line_1_43' title="bbox 259 2691 1612 2738; baseline 0.001 -14"><span class='ocrx_word' id='word_1_389' title='bbox 259 2696 445 2737; x_wconf 80' lang='lat' dir='ltr'>praecepto</span> <span class='ocrx_word' id='word_1_390' title='bbox 468 2692 555 2735; x_wconf 83' lang='lat' dir='ltr'>Dei,</span> <span class='ocrx_word' id='word_1_391' title='bbox 580 2693 766 2736; x_wconf 86' lang='lat' dir='ltr'>Davidem,</span> <span class='ocrx_word' id='word_1_392' title='bbox 789 2693 881 2727; x_wconf 87' lang='lat' dir='ltr'>Jesse</span> <span class='ocrx_word' id='word_1_393' title='bbox 902 2691 1026 2732; x_wconf 80' lang='lat' dir='ltr'>filium,</span> <span class='ocrx_word' id='word_1_394' title='bbox 1055 2691 1257 2727; x_wconf 86' lang='lat' dir='ltr'>Judaeorum</span> <span class='ocrx_word' id='word_1_395' title='bbox 1280 2692 1407 2738; x_wconf 82' lang='lat' dir='ltr'>Regem</span> <span class='ocrx_word' id='word_1_396' title='bbox 1430 2692 1612 2727; x_wconf 71' lang='lat' dir='ltr'>constituit.</span> 
     </span>
    </p>
   </div>
  </div>
 </body>
</html>
