1838 3230
281 193 379 240 740
864 189 1136 234 BENTLEII

492 301 634 355 Dignis
664 300 783 355 digna
812 301 901 343 loca
926 304 1090 357 picturis
1117 295 1389 344 condecoravit¹

493 357 666 411 Reginae
694 358 850 398 Junoni’
884 359 1062 412 Supremi
1090 362 1257 414 conjugi’
1287 358 1492 410 templum>
1548 378 1554 385 ·

493 413 661 453 Marcus
690 414 845 453 Ludius
873 415 1011 455 Elotas
1038 415 1201 455 Aetolia
1230 414 1428 465 oriundus,

500 467 619 519 Quem
638 485 740 508 nunc
758 480 792 508 et
813 481 903 523 post
923 487 1066 523 semper
1088 471 1135 510 ob
1166 481 1285 509 artem
1304 470 1405 509 hanc
1422 469 1559 510 Ardea
1579 468 1729 510 lauda&

278 522 338 562 Ea
366 533 454 562 sunt
473 525 618 575 scripta
643 526 814 578 antiquis
841 524 960 565 literis
978 527 1150 576 Latinis.
1207 528 1340 565 Elotas
1370 532 1429 565 est
1450 524 1646 575 Εἷλώτας,
1677 526 1730 566 εἱ-

279 576 416 630 λώτης.
475 580 667 618 Gruterus
690 581 934 632 Epigramma
955 582 1034 621 hoc
1054 584 1225 634 profert,
1268 588 1452 634 tanquam
1475 597 1497 622 a
1516 581 1728 621 Boissardo

278 637 404 674 visum
426 635 466 672 in
491 634 618 672 hortis
633 636 723 673 Julii
745 651 802 675 111.
826 638 965 677 Pontis.
986 639 1160 679 Romani.

164 701 191 735 v
214 700 260 738 40
393 691 551 728 DIGNE
589 692 960 740 DOCTILOQUEIS
998 693 1258 732 Plc'stJREIS
1300 699 1340 732 et
1372 706 1472 744 quae
1499 699 1732 745 sequuntur.

281 747 372 785 Sine
391 746 513 784 dubio
539 747 721 785 falsarius
751 749 890 799 aliquis
911 750 952 787 in
977 750 1107 801 lapide
1137 749 1426 788 inscribendum
1451 755 1676 797 curaverat,
1707 762 1731 787 a

280 803 407 841 Plinio
436 802 478 840 id
509 809 722 842 mutuatus.
781 805 962 843 Profecto
990 807 1089 844 male
1117 819 1274 856 operam
1295 805 1389 843 lusit
1405 805 1446 843 in
1467 819 1583 843 versu
1603 805 1732 856 primo

281 858 525 908 corrigendo.
582 860 714 898 Editio
739 860 884 899 Veneta
908 862 999 899 anni
1019 875 1321 900 Mocccnxxxm.
1347 859 1466 900 habet
1491 860 1635 914 Dignis
1664 859 1733 898 di-

277 929 357 966 gna
374 913 475 955 loco.
531 915 634 963 Lego
654 915 792 965 igitur:

153 979 187 1012 o
211 980 256 1015 80
550 971 692 1023 Dignis
722 970 854 1023 dignu'
883 970 970 1011 loco
996 973 1160 1024 picturis
1189 970 1470 1011 condecoravit.

280 1026 474 1064 Lucilius:
552 1025 712 1064 Samnis
739 1043 898 1079 spurcus
926 1027 1038 1066 homo
1069 1030 1149 1065 vita
1176 1026 1249 1066 illa
1278 1023 1407 1080 dignu'
1433 1025 1605 1080 locoque.

282 1082 434 1133 Dignus
462 1080 549 1120 loco
574 1089 632 1120 est
661 1085 742 1122 τῶν
763 1082 913 1134 μέσων·
945 1084 1042 1121 etin
1070 1084 1212 1121 bonam
1232 1084 1295 1122 vel
1315 1084 1452 1121 malam
1473 1088 1621 1134 partem
1644 1081 1734 1133 capi

279 1143 424 1189 potest.
495 1137 604 1175 Nihil
629 1139 761 1176 verius
791 1138 867 1176 hac
898 1139 1178 1177 emendatione.
1236 1139 1280 1177 In
1316 1139 1449 1178 eadem
1475 1145 1533 1176 est
1560 1138 1732 1175 editione

281 1191 443 1231 Aetolia
471 1192 654 1239 orandus,
684 1194 799 1244 longe
818 1195 974 1245 quidem
995 1196 1146 1244 melius,
1175 1209 1291 1245 quam
1313 1194 1419 1245 quod
1437 1194 1478 1232 in
1494 1193 1622 1232 indice
1640 1195 1732 1231 Sca·

280 1247 394 1298 ligeri
411 1253 490 1296 est,
520 1246 666 1286 Aetola
687 1249 885 1293 oriundus,
942 1251 1151 1289 Lucretius
1176 1251 1245 1290 lib.
1263 1254 1303 1292 2.

502 1303 678 1353 Denique
706 1306 864 1343 coelesti
891 1319 1024 1343 sumus
1046 1321 1177 1344 omnes
1196 1306 1342 1345 semine
1364 1304 1520 1343 orundi.

283 1360 373 1397 Sive
394 1358 518 1397 mavis
548 1372 637 1395 cum
660 1360 829 1409 vulgatis
849 1361 979 1408 libris,
1011 1361 1185 1400 oriundi:
1226 1369 1329 1400 certe
1349 1360 1581 1412 trisyllabon
1600 1359 1651 1397 sit
1666 1371 1735 1397 ne-

283 1427 392 1454 cesse
413 1420 482 1454 est.
540 1416 606 1452 Sic
632 1414 755 1464 igitur
773 1417 938 1454 vetustis
956 1417 1034 1454 illis
1055 1431 1140 1454 mos
1161 1424 1267 1464 erat,
1297 1423 1341 1454 ut
1358 1416 1556 1454 interdum
1578 1415 1734 1465 quidem

284 1472 325 1509 in
347 1471 425 1517 AS,
456 1470 701 1519 frequentius
718 1471 760 1508 in
778 1471 809 1509 A
830 1472 979 1509 Graeca
1000 1474 1156 1510 nomina
1175 1473 1320 1510 vellent
1338 1472 1455 1510 exire.
1512 1472 1648 1509 Postea
1670 1483 1736 1508 ve-

282 1540 342 1574 ro,
373 1532 418 1563 ut
439 1526 493 1563 ait
516 1526 803 1576 Quintilianus,
830 1529 1053 1566 recentiores
1073 1529 1314 1566 instituerunt
1338 1525 1495 1565 Graecis
1514 1524 1735 1564 nominibus

289 1580 460 1620 Graecas
486 1579 759 1620 declinationes
777 1583 906 1636 potius
926 1581 1029 1623 dare.
1086 1583 1252 1622 Proinde
1271 1582 1347 1622 hoc
1362 1582 1581 1621 institutum
1595 1587 1733 1620 tenue-

281 1642 381 1677 runt

342 1691 569 1741 Lucretius,
627 1690 677 1730 Id
705 1691 811 1746 quocl
838 1693 1109 1746 Anaxagoras
1136 1692 1212 1733 sihi
1238 1694 1378 1734 sumit:

286 1748 414 1787 Varro
446 1748 496 1786 de
515 1749 560 1785 R.
583 1749 627 1785 R.
648 1749 796 1800 antiqui
820 1757 949 1788 tamen
976 1757 1021 1787 ut
1042 1750 1109 1800 qui
1133 1750 1316 1800 maxime,
1345 1755 1497 1788 amator
1523 1747 1735 1788 sermonis:

286 1803 505 1856 Archytas,
536 1803 744 1855 Hegesias,
772 1805 1058 1858 Athenagoras,
1086 1805 1285 1844 Dinaseas.
1325 1811 1363 1844 et
1381 1805 1483 1856 apud
1504 1805 1670 1842 Nonium
1691 1804 1735 1841 in

287 1861 493 1898 Scaturex.
544 1858 742 1908 Ismenias,
777 1860 1011 1913 Thebogenes
1017 1863 1115 1914 fluit
1137 1860 1344 1901 Scaturex.
1374 1862 1458 1911 lege
1485 1859 1734 1912 Thebogenes,

288 1912 532 1966 θηβαγενής.
589 1915 637 1952 Et
656 1915 831 1955 similiter
850 1917 1000 1965 Cicero,
1028 1916 1129 1967 apud
1147 1931 1260 1967 quem
1281 1917 1399 1966 vulgo
1420 1923 1635 1955 occurrunt
1651 1915 1735 1954 Ar-

290 1969 415 2018 chias,
448 1967 627 2020 Gorgias,
659 1970 830 2019 Phidias,
865 1971 1013 2021 Cineas,
1040 1973 1208 2021 Prusias,
1236 1971 1450 2016 Arcesilas,
1483 1969 1734 2019 Charmadas,

294 2022 460 2072 Critias,
491 2025 709 2076 Diagoras,
738 2027 931 2079 ΓΙίρρίαε,
959 2027 1122 2081 Lysias,
1152 2035 1188 2066 et
1217 2028 1328 2078 siqua
1358 2028 1505 2066 similia.
1560 2027 1658 2065 Nam
1684 2025 1734 2064 de

290 2078 537 2130 Hermagora
557 2080 774 2131 Ciceronis,
803 2095 944 2122 vereor
959 2097 1009 2121 ne
1027 2083 1168 2122 vitioso
1186 2084 1324 2122 codice
1344 2097 1439 2122 usus
1462 2083 1510 2122 sit
1528 2081 1736 2130 Quintilia-

290 2148 379 2176 nus.
437 2135 616 2173 Profecto
650 2137 750 2174 enim
781 2152 913 2176 omnes
942 2140 1119 2188 omnino,
1163 2140 1234 2191 qui
1262 2152 1367 2178 nunc
1393 2144 1603 2191 supersunt
1627 2138 1739 2175 MSS.

294 2197 516 2229 constanter
544 2190 689 2229 habent
707 2191 983 2245 Hermagoras.
1039 2195 1115 2233 Sed
1143 2196 1280 2234 melius
1300 2201 1358 2233 est
1377 2209 1426 2234 ex
1443 2195 1538 2246 ipsis
1553 2193 1651 2231 locis
1667 2205 1737 2230 ex-

293 2247 552 2299 perimentum
577 2246 717 2298 judicii
747 2261 907 2299 capere,
948 2250 1049 2289 libro
1077 2252 1204 2303 primo
1235 2252 1290 2291 De
1319 2251 1562 2289 inventione:
1604 2246 1736 2297 Huius

295 2302 577 2340 constitutionis
605 2301 869 2355 Hermagoras
897 2306 1069 2344 inventor
1098 2322 1175 2344 esse
1200 2307 1462 2344 existimatur.-
1509 2311 1548 2343 et
1570 2304 1736 2342 ibidem:

300 2355 415 2406 Quod
441 2358 476 2394 si
501 2371 681 2408 magnam
700 2359 740 2396 in
774 2358 833 2396 his
856 2358 1119 2412 Hermagoras
1145 2360 1335 2400 habuisset
1359 2358 1604 2415 facultatem.
1661 2360 1738 2396 Re-

295 2425 398 2463 pone
415 2411 482 2449 hic
499 2414 709 2464 paulisper,
739 2413 982 2466 Hermagora
999 2418 1182 2466 inventor,
1205 2423 1241 2454 et
1259 2415 1502 2468 Hermagora
1518 2414 1710 2453 habuisset
1721 2430 1738 2465 ,-

297 2480 375 2505 non
402 2467 519 2506 sentis
539 2470 734 2507 vocalium
754 2483 986 2508 concursum
1005 2479 1111 2509 vaste
1131 2471 1329 2510 hiantem?
1367 2473 1445 2520 Ego
1468 2485 1558 2509 vero
1583 2472 1739 2508 Cicero-

297 2536 387 2560 nem
405 2523 461 2560 ita
489 2524 685 2576 scripsisse
712 2539 760 2563 ne
787 2526 862 2577 ipsi
887 2526 1041 2576 quidem
1059 2527 1235 2565 Ciceroni
1261 2527 1464 2564 affirmanti
1490 2526 1736 2573 crediderim.

299 2577 407 2624 Quid
433 2578 558 2616 dicam
585 2583 634 2618 de
666 2582 923 2632 scriptoribus
950 2583 1035 2619 aevi
1065 2583 1304 2632 Augustaei'?
1346 2582 1439 2632 quid
1463 2582 1511 2620 de
1530 2582 1737 2632 insequen-

297 2634 396 2670 tium
417 2635 616 2672 aetatum?
658 2650 796 2688 nempe
818 2637 951 2676 eadem
971 2644 1054 2676 tum
1074 2638 1315 2676 consuetudo
1336 2638 1520 2687 invaluit,
1558 2644 1601 2676 ut
1617 2638 1657 2682 in
1677 2641 1738 2684 Ας

299 2688 482 2726 caderent
504 2691 650 2728 Graeca
678 2693 845 2731 nomina.
902 2695 1022 2744 Spero
1041 2693 1136 2731 mihi
1152 2694 1266 2731 fidem
1293 2694 1393 2744 apud
1414 2700 1452 2732 te
1472 2707 1570 2742 esse,
1599 2707 1649 2731 ne
1667 2705 1736 2730 ne-

301 2756 405 2781 cesse
426 2743 586 2783 habeam
614 2746 761 2785 infinita
782 2747 847 2786 hic
874 2750 1047 2800 exempla
1067 2762 1304 2788 enumerare.
1362 2749 1479 2796 Quod
1503 2755 1630 2787 tamen
1648 2762 1738 2786 cum

303 2800 531 2850 exceptione
558 2801 708 2841 <lictum
732 2804 866 2853 velim3
909 2811 971 2855 ut,
1013 2818 1233 2857 quanquam
1260 2805 1403 2844 eruditi
1434 2804 1609 2844 homines
1635 2817 1735 2855 eum,
