1838 3230
377 182 982 230 CHRONOGRAPHIA.
1041 183 1088 226 L.
1121 181 1275 228 XVIII.
1467 185 1566 235 493

204 307 326 364 Μηνὶ
354 303 558 364 νοεμβρίῳ
587 305 835 354 ῗνδικτιῶνος
858 301 913 346 ια’
944 303 1187 360 ἐμελέτησαν
1209 300 1331 347 δόλον
1350 303 1454 354 τινές
1490 320 1565 346 κα-

103 375 157 418 τὰ
188 379 268 418 τοῦ
287 373 416 419 αὐτοῦ
449 372 650 428 βασιλέως
676 373 966 416 Ἰουστινιανοῦ
1011 377 1085 416 τοῦ
1114 376 1309 430 φονεῦσαι
1329 370 1469 426 αὐτόν,
1509 370 1567 422 ὥς

104 441 288 499 κάθηται
306 443 349 486 ἐν
366 446 425 502 τῷ
449 442 649 500 παλατίῳ.
720 442 763 484 ἐν
784 440 934 501 ἑσπέρᾳ
956 441 1001 484 δὲ
1029 441 1102 496 τὴν
1124 442 1268 495 σκέψιν
1295 445 1369 497 τῆς
1398 441 1565 495 ἐπιβου-
1587 447 1622 483 Ο
1645 445 1714 483 240

102 514 180 566 λῆς
194 509 486 567 μελετήσαντες
506 506 612 566 ἦσαν
639 503 751 553 οὗτοι
762 543 776 564 ,
842 508 1061 565 Ἀβλάβιος
1083 508 1324 553 Πθελτιάδου
1347 511 1415 552 καὶ
1432 507 1564 566 Μάρ-

71 583 245 630 5κελλος
283 577 305 623 ὃ
342 576 658 637 ἅργυροπράτης
691 579 758 621 καὶ
789 578 955 636 Σέργιος
984 577 1005 621 ὃ
1047 578 1214 632 ἀνεψιὸς
1241 579 1446 635 Αῗθερίου
1488 582 1563 622 τοῦ

101 645 376 705 κουράτωρος.
446 645 538 702 ἥδέ
560 647 705 703 μελέτη
728 647 864 691 αὐτῶν
886 643 936 703 ἦν
967 646 1085 703 αὕτη,
1118 649 1203 700 ἵνα,
1235 645 1292 697 ὥς
1321 645 1503 702 κάθηται
1521 648 1564 690 ἐν

101 719 161 775 τῷ
178 717 364 776 τρικλίνῳ
385 713 571 773 ἑσπέρας,
594 716 808 759 εἰσέλθωσι
833 718 900 759 καὶ
921 714 1107 773 σφάξωσι
1129 715 1201 758 τὸν
1229 715 1353 759 αὐτὸν
1375 715 1560 770 βασιλέα.

100 779 208 840 ἦσαν
228 784 307 841 γὰρ
326 785 393 827 καὶ
412 785 540 835 ῗδίους
559 783 807 842 ἀνθρώπους
826 782 1048 840 στήσαντες
1072 784 1176 827 κατὰ
1201 782 1339 838 τόπον,
1359 785 1430 827 ἵνα
1448 801 1562 841 γενο-
1592 788 1624 823 C

100 852 226 908 μένης
249 856 324 908 τῆς
357 852 485 908 αὐτῆς
521 853 741 909 ἐπιβουλῆς
783 853 968 911 ταραχὴν
1007 851 1243 908 ποιήσωσιν.
1316 851 1337 896 ὅ
1368 853 1413 896 δὲ
1443 852 1569 902 αὐτὸς

47 918 315 975 1οἍβλᾶβιος
341 915 393 976 ἦν
424 921 564 974 λαβὼν
603 924 670 965 καὶ
695 923 867 979 χρυσίον
904 922 1017 979 παρὰ
1046 922 1321 979 Μαρκέλλου,
1373 923 1462 977 περὶ
1492 922 1568 971 τὰς

101 987 352 1045 πεντήκοντα
380 994 456 1032 τοῦ
484 992 655 1046 χρυσίου
686 992 849 1048 λίτρας,
888 992 943 1040 εἷς
969 990 1016 1033 τὸ
1038 994 1328 1046 συνεπαμῦναι.
1401 991 1469 1033 καὶ
1500 988 1566 1044 δή,

100 1061 178 1101 τοῦ
199 1062 302 1100 θεοῦ
322 1056 453 1108 οὕτως
475 1057 784 1114 εὖὸοκῆσαντος,
810 1057 865 1109 εἷς
892 1060 934 1110 ἐξ
965 1059 1101 1102 αὐτῶν
1129 1063 1211 1102 τῶν
1241 1058 1314 1113 τὴν
1346 1058 1566 1113 ἐπιβουλὴν

101 1123 432 1182 μελετησάντων,
462 1124 681 1182 Ἀβλάβιος
705 1126 727 1170 ὅ
757 1126 1014 1181 Μελτιάὸου,
1041 1125 1269 1186 ἐθάρρησεν
1299 1126 1484 1185 Εὖσεβίῳ
1506 1130 1566 1185 τῷ

102 1191 249 1250 κόμητι
279 1199 363 1238 τῶν
392 1193 648 1253 φοιδεράτων
675 1197 740 1238 καὶ
769 1194 936 1254 Ἰωάννῃ
967 1200 1026 1255 τῷ
1061 1193 1317 1251 Δομετιόλου
1360 1195 1435 1250 τὴν
1473 1195 1566 1238 σκέ-

48 1273 91 1309 15
102 1275 201 1318 ψιν,
239 1261 300 1306 ὅτι
314 1263 383 1307 Ἐν
403 1268 455 1322 τῇ
480 1262 630 1324 ἑσπέρᾳ
655 1262 896 1319 βουλόμεθα
915 1266 1103 1320 ἐπιβῆναι
1122 1269 1181 1323 τῷ
1212 1264 1371 1319 εὐσεβεῖ
1391 1268 1564 1319 βασιλεῖ,

103 1329 160 1382 ὥς
177 1329 359 1388 κάθηται
382 1333 425 1374 ἓν
445 1336 504 1390 τῷ
526 1334 726 1391 τρικλίνῳ.
799 1334 865 1375 καὶ
890 1334 1199 1390 φανερωθείσης
1227 1337 1302 1387 τῆς
1331 1334 1564 1388 ἐπιβουλῆς,

70 1453 78 1458 -
103 1397 252 1457 εὖρέθη
281 1397 527 1457 Μάρκελλος
560 1399 582 1444 ὃ
611 1400 924 1458 ἀργυροπράτης
954 1406 1006 1459 τῇ
1037 1402 1142 1459 αὐτῇ
1174 1400 1323 1461 ἑσπέρα
1365 1403 1407 1444 ἐν
1433 1396 1460 1459 ᾖ
1491 1401 1566 1443 τὶν

101 1467 245 1523 σκέψιν
266 1473 337 1523 τῆς
359 1469 578 1525 ἐπιβουλῆς
611 1468 750 1525 Ξζιιελλε
782 1477 909 1513 ποιεῖν
955 1468 1232 1527 εἷσερχόμενος
1261 1471 1303 1512 ἐν
1334 1474 1393 1528 τῷ
1428 1474 1565 1513 παλα-

99 1538 174 1596 τίῳ
208 1541 349 1594 φορῶν
375 1541 543 1594 βοῦγλιν
553 1571 568 1592 ,
623 1540 689 1581 καὶ
708 1536 729 1580 ὃ
752 1538 826 1594 τὴν
847 1539 1072 1594 ἐπιβουλὴν
1088 1536 1331 1596 φανερώσας
1348 1537 1564 1593 Ἀβλάβιος
1587 1542 1619 1578 D

0 1611 2 1619 '
45 1602 254 1660 Ξοὸμοίως
281 1605 360 1648 ἀπὸ
380 1600 596 1650 μσπαῧιόυ.
676 1608 743 1649 καὶ
778 1605 834 1657 ὥς
867 1607 1198 1664 προγνωσθέντες
1235 1607 1460 1663 συνεσχέθη
1491 1608 1565 1662 μέν

100 1671 375 1730 Μάρκελλος,
411 1676 478 1716 καὶ
501 1671 735 1729 ἀστοχήσας
755 1679 829 1718 τοῦ
850 1674 1191 1732 προσδοκωμένου
1213 1673 1344 1732 σύρας
1371 1675 1418 1718 τὸ
1438 1680 1566 1732 βοῧγ-
1590 1682 1624 1716 Ο
1648 1679 1715 1717 241

101 1745 164 1784 λιν
183 1740 205 1784 ὃ
224 1739 360 1799 ἐφόρει
380 1739 513 1802 ἑαυτῷ
534 1740 706 1799 ἐπήγαγε
729 1743 886 1800 πληγὰς
904 1750 1035 1802 τρεῖς,
1072 1746 1138 1786 καὶ
1160 1742 1290 1793 οὕτως
1310 1741 1540 1799 ἐτελεύτησε
1553 1759 1562 1768 ·

102 1809 267 1868 Σέργιος
286 1810 332 1853 δὲ
363 1808 384 1853 ὅ
418 1810 586 1866 ἀνεψιὸς
614 1813 818 1870 Αῗθεριόυ
847 1813 1086 1872 προσφυγίῳ
1116 1810 1316 1869 ἐχρήσατο
1342 1813 1384 1855 ἐν
1417 1816 1468 1870 τῇ
1497 1815 1563 1873 δε-

191 1907 228 1942 3.
259 1905 394 1954 ἑσπέρᾳ
425 1907 503 1950 Ch.‚
536 1906 689 1954 ἑσπέρας
715 1908 781 1943 Ox·
898 1908 932 1946 4.
964 1910 1018 1945 13.
1049 1907 1284 1954 Μελτιοὶδου]
1316 1906 1564 1951 ζΙῑἸιλτιάδουῗ

194 1954 250 1989 15.
273 1950 352 1999 ὅτι]
383 1952 437 1989 ἔτι
460 1954 530 1988 Ox.

192 2031 312 2068 Mense
337 2032 527 2067 Novembri
551 2033 748 2069 Indictionis
782 2044 831 2077 xx,
863 2034 988 2070 conscii
1019 2035 1168 2070 nonnulli
1198 2034 1368 2070 consilium
1400 2034 1561 2079 inierunt,

101 2080 141 2113 ut
162 2076 396 2121 Justinianum‚
419 2078 456 2113 in
478 2079 608 2124 palatio
631 2081 815 2122 sedentem,
838 2079 967 2115 insidiis
993 2087 1292 2127 praeoccupatum,
1316 2093 1337 2115 e
1359 2081 1469 2116 medio
1494 2083 1562 2116 tol-

99 2123 222 2159 lerent.
269 2124 549 2169 conjurationem
572 2137 655 2160 vero
678 2127 739 2160 sub
763 2138 940 2171 vesperam
972 2128 1171 2172 agitabant3
1203 2132 1239 2161 et
1261 2127 1304 2161 de
1327 2127 1461 2162 nomine
1484 2128 1561 2161 fue-

101 2175 204 2212 runt,
226 2170 390 2205 Ablabius
412 2171 578 2206 Miltiadis
600 2173 642 2206 F.
669 2178 704 2206 et
727 2173 908 2207 Marcellus
930 2173 1172 2218 Argentarius,
1197 2176 1233 2207 et
1256 2173 1410 2217 Sergius,
1431 2174 1562 2207 Aethe-

100 2214 148 2250 rii
171 2215 351 2251 Curatoris
373 2228 501 2262 nepos;
525 2217 672 2263 suscepti
690 2223 799 2252 autem
823 2218 982 2254 facinoris
1004 2220 1091 2254 haec
1106 2219 1282 2254 methodus
1305 2225 1391 2260 erat,
1414 2222 1463 2260 ut,
1487 2222 1560 2252 tra-

101 2260 204 2295 hente
227 2273 392 2308 vespera,
414 2263 673 2309 Imperatorem,
698 2263 732 2297 in
756 2263 922 2299 Triclinio
945 2276 1004 2300 suo
1027 2276 1091 2311 pro
1113 2276 1208 2300 more
1230 2264 1471 2305 considentem,
1497 2265 1560 2298 ad-

103 2306 173 2341 orti
196 2308 423 2343 conficerent:
456 2309 630 2344 collocatis
653 2310 790 2355 insuper
812 2310 847 2344 in
870 2310 953 2346 locis
975 2312 1175 2356 opportunis
1199 2310 1394 2356 quibusdam
1418 2321 1460 2344 ex
1482 2309 1562 2353 suis,

103 2351 163 2397 qni
189 2357 268 2399 post
298 2358 532 2400 perpetratum
562 2355 710 2397 facinus,
742 2356 876 2402 plebem
904 2368 926 2391 e
959 2357 1106 2402 vestigio
1129 2357 1352 2392 concitarent.
1398 2355 1562 2390 Ablabius

103 2401 218 2432 autem
241 2398 353 2434 dictus
375 2400 411 2435 in
434 2401 676 2446 conjurationis
694 2401 888 2437 societatem
911 2413 932 2438 a
948 2403 1125 2445 Marcello,
1151 2414 1184 2439 n.
1207 2402 1345 2436 circiter
1368 2402 1442 2436 auri
1466 2400 1562 2435 libris

103 2442 213 2485 datis,
238 2445 422 2481 conductus
443 2447 570 2482 fuerat.
618 2447 817 2490 Caeterum,
841 2448 915 2483 Deo
938 2448 991 2483 ita
1013 2449 1169 2490 volente,
1194 2447 1373 2488 Ablabius,
1396 2446 1562 2481 Miltiadis

104 2489 146 2523 F.
170 2499 253 2524 unus
275 2502 317 2525 ex
341 2493 559 2537 Conjuratis‚
592 2494 763 2527 consilium
794 2505 888 2529 suum
919 2494 1086 2537 Eusebio,
1120 2493 1247 2529 Comiti
1279 2493 1561 2534 Foederatorum,

105 2538 142 2569 et
163 2534 296 2578 Jmnni,
319 2537 494 2572 Domitioli
517 2539 558 2574 F.
583 2539 862 2575 communicavit:
886 2541 998 2582 „Hac
1020 2540 1094 2586 ipsa
1117 2550 1284 2585 vespera,
1306 2538 1480 2583 inquiens,
1505 2550 1562 2572 re-

104 2579 260 2624 ligiosum
283 2581 545 2628 Imperatorem,
569 2584 648 2619 dum
671 2586 766 2619 sedet
783 2585 820 2620 in
843 2586 1024 2629 Triclinio‚
1050 2585 1177 2621 adoriri
1200 2584 1234 2618 in
1258 2584 1368 2619 animo
1391 2584 1562 2618 habemus.

104 2626 348 2670 Conjuratione
369 2629 419 2664 ita
444 2641 488 2664 ue
512 2631 708 2676 patefacta,
736 2631 919 2667 Marcellus
941 2632 1176 2677 Argentarius,
1204 2630 1322 2665 eadem
1342 2629 1419 2676 ipsa
1441 2641 1561 2675 vespe-

105 2682 167 2714 ra,
200 2682 270 2717 qua
298 2675 430 2726 pei-due
445 2675 564 2710 lionem
588 2677 758 2722 perficere
780 2677 1003 2720 decreverat,
1027 2677 1173 2723 pugione
1196 2680 1364 2717 armatus3
1397 2675 1559 2710 Ablabius

104 2717 226 2760 etiam,
251 2729 309 2764 qui
332 2719 604 2765 Conjurationem
638 2724 872 2767 patefecerat,
905 2724 1019 2768 gladio
1044 2723 1195 2763 cinctus,
1232 2722 1396 2768 palatium
1426 2721 1558 2756 intrare

104 2763 169 2798 visi
193 2768 279 2798 sunt.
326 2764 507 2801 Caeterum
530 2779 604 2802 cum
631 2770 702 2813 jam
733 2775 850 2804 notum
881 2775 968 2804 esset
999 2767 1181 2802 Consilium
1205 2778 1341 2810 eorum,
1377 2766 1557 2802 Marcellus

103 2809 217 2844 statim
242 2821 452 2856 comprensus
475 2816 546 2855 est,
570 2813 640 2859 qui,
664 2826 739 2849 cum
762 2816 889 2849 frustra
912 2827 948 2849 se
971 2825 1042 2848 esse
1064 2812 1293 2859 percepisset,
1315 2812 1434 2849 stricto
1458 2824 1555 2858 quem

104 2855 242 2891 ferebat
264 2856 423 2903 pugione,
446 2857 587 2894 vulnera
609 2860 678 2896 tria
699 2860 763 2897 sibi
786 2860 921 2902 intulit,
946 2863 1050 2907 atque
1071 2859 1122 2895 ita
1142 2864 1291 2896 mortuus
1308 2862 1369 2895 est.
1415 2858 1556 2904 Sergius
