1838 3230
303 173 403 221 556
788 170 1255 216 ANNOTATIONES.

303 297 393 324 rum
418 298 467 324 ex
483 299 511 323 1.
527 284 598 323 lib.
616 283 850 334 chronolog.
871 284 1028 324 Eusebii
1053 291 1126 325 etc.
1146 285 1310 324 Auctor.
1373 285 1458 339 Quo
1476 298 1642 344 tempore
1656 289 1744 331 Ro-

301 355 504 379 manorum
520 343 669 394 primus
691 338 915 379 Monarcha
939 339 980 382 C.
998 340 1080 381 Jul.
1105 340 1257 382 Caesar.
1291 340 1486 396 Regnavit
1516 355 1642 385 autem
1672 361 1747 399 atg-

303 410 374 434 nos
392 410 510 437 xvm.
546 397 689 447 Glycas
707 407 780 434 XII.
811 409 931 436 annos
959 405 1171 438 enumerat.
1209 399 1240 437 J.
1261 398 1400 438 Caesar
1417 406 1546 441 tamen
1565 415 1605 442 v.
1624 402 1746 462 ἰητρο-

302 451 352 491 rii
380 466 482 490 anno
502 453 653 491 occisus
672 457 744 490 est.

419 511 515 560 Pag.
543 508 635 550 215.
665 509 732 548 23.
767 503 811 546 ‘to'
835 506 1019 555 Βίσεξτον
1045 508 1222 562 ἔφηῦρε]
1261 511 1470 550 Suetonius
1495 512 1537 550 in
1562 512 1638 554 Jul.
1657 527 1743 566 cap.

303 565 372 606 40.
404 564 613 611 Conversus
631 562 722 601 hinc
743 561 798 600 ad
817 561 1073 603 ordinandum
1093 563 1207 618 Reip.
1227 576 1383 617 statum,
1400 566 1540 622 fastos
1559 571 1746 617 correxit,

303 629 375 658 etc.
404 619 640 672 Annumque
658 617 712 656 ad
737 633 888 656 cursum
915 617 1010 660 solis
1035 621 1363 672 accommodavit,
1393 632 1435 660 ut
1467 637 1630 664 cchxv.
1657 623 1746 664 clie-

304 690 388 713 rum
407 685 520 725 esset,
550 684 585 713 et
610 672 858 712 intercalario
885 689 1009 712 mense
1042 675 1216 726 sublaro,
1245 693 1343 716 unus
1372 677 1453 717 dies
1477 689 1617 733 quarto
1645 695 1746 734 quo-

304 746 378 783 que
399 745 501 768 anno
520 729 824 770 intercalaretur.
885 730 974 768 Dies
1003 738 1131 770 autem
1153 732 1220 771 hic
1241 740 1379 784 quarto
1401 748 1557 786 quoque
1575 736 1746 775 interca—

302 786 467 835 landus,
497 785 685 824 Biseoetus
710 785 839 823 dictus
867 792 945 835 est,
979 799 1025 824 eo
1055 788 1163 839 quod.
1198 788 1248 827 ad
1270 803 1381 828 xxw.
1408 790 1634 841 Februarii,
1663 793 1747 831 sive

303 842 354 879 ad
376 856 430 881 VI.
453 843 542 882 Kal.
564 841 716 891 Martii,
745 842 1080 893 interponeretur;
1112 845 1287 895 adeoque
1308 845 1454 896 duplex
1476 854 1580 886 esset
1602 850 1745 888 Sextus

301 897 499 937 Kalendas
518 898 668 948 Martii,
698 911 810 936 xxw.
830 898 1002 948 scilicet,
1033 905 1072 937 et
1090 913 1184 938 xxv.
1205 902 1422 941 Februarii.

418 958 511 1006 Pag.
535 958 631 996 216.
665 958 729 996 11.
776 956 847 1006 τῆς
869 951 963 1006 μετά
991 958 1112 996 ταῦτα
1140 953 1428 1008 ἔπινεμήσεως]
1462 957 1496 997 Α
1520 958 1651 1010 primo
1668 959 1744 998 Jul.

303 1011 479 1049 Caesaris
510 1024 632 1059 anno,
662 1017 701 1049 et
730 1009 829 1048 Aera
852 1009 1120 1062 Antiochena,
1151 1019 1188 1051 et
1205 1013 1442 1052 Indictiones
1470 1014 1745 1065 Antiochenae,

304 1068 476 1105 omnium
515 1067 828 1116 antiquissimae,
870 1067 1023 1105 initium
1060 1081 1173 1106 suum
1205 1068 1439 1110 habueruut.
1505 1069 1596 1110 Chr.
1635 1071 1746 1110 Alex.

304 1124 542 1175 Χρηματίζει
559 1118 632 1163 οὖν
655 1126 727 1174 τῆς
743 1118 913 1176 μεγάλης
930 1125 1175 1176 Αντιοχείας,
1207 1126 1262 1174 εἷς
1277 1123 1394 1178 τιμήν
1415 1122 1560 1179 αὐτῆς,
1591 1125 1673 1175 ἔτος
1693 1123 1745 1176 α’,

301 1178 369 1218 καὶ
389 1182 546 1230 πρῶτον
562 1178 646 1226 ἔτος
664 1182 736 1230 τῆς
753 1175 791 1218 ε’.
820 1178 888 1218 καὶ
913 1180 1181 1233 δεκαετηρίδος
1201 1185 1282 1221 τῶν
1303 1183 1513 1229 Ινόίκτων,
1545 1178 1623 1224 vind
1637 1179 1744 1236 πρῶ·

302 1250 374 1274 του
416 1235 526 1282 ἔτους
559 1237 597 1273 Γ
592 1236 682 1274 αΐου
722 1235 880 1274 Ιουλίου
909 1236 1123 1288 Καίσαρος.
1189 1238 1289 1277 Aera
1334 1244 1462 1276 tamen
1489 1238 1745 1288 Antiocheno,
1776 1257 1782 1260 ·

301 1290 447 1329 Mensis
468 1291 560 1328 Maii
579 1304 651 1327 ΧΠ.
682 1290 920 1328 Indictiones
949 1304 1040 1329 vero
1066 1306 1086 1329 a
1116 1293 1241 1343 primo
1272 1294 1511 1345 Septembris
1529 1295 1592 1333 die
1609 1308 1745 1343 nume-

301 1347 502 1386 rabantur.
563 1345 652 1386 Chr.
678 1346 868 1385 Alexand.
925 1344 1014 1387 Από
1034 1346 1193 1400 πρώτου
1219 1349 1329 1397 ἔτους
1348 1353 1422 1390 τοῦ
1442 1351 1564 1391 Γαΐου
1586 1351 1745 1392 Ιουλίου

304 1404 529 1456 Καίσαρος,
557 1401 625 1442 καὶ
652 1405 731 1442 τῶν
746 1401 1015 1455 προκειμένων
1042 1401 1225 1454 ὑπάτων,
1254 1407 1435 1446 Λεπίδου
1456 1406 1523 1446 καὶ
1544 1403 1745 1460 Πλάγκου,

301 1456 430 1511 ἤγουν
450 1457 511 1511 ιβ’.
541 1457 609 1499 καὶ
629 1454 750 1510 αὐτῆς
775 1462 847 1499 τοῦ
863 1459 1112 1512 Αρτεμησίου
1140 1458 1287 1512 μηνὸς,
1316 1467 1517 1513 Αντιοχεῐς
1542 1459 1635 1510 τούς
1656 1462 1745 1502 ἔαυ-

300 1518 380 1554 τῶν
398 1511 564 1567 χρόνους
582 1510 818 1566 ἀριθμοῦσι·
849 1514 915 1554 καὶ
934 1515 978 1554 αἱ
997 1516 1166 1556 Ινδικτοι
1184 1518 1428 1569 χρηματίζειν
1444 1515 1635 1570 ἤρξαντο,
1665 1514 1746 1558 άπὸ

300 1567 463 1623 πρώτης
479 1570 547 1610 καὶ
565 1566 689 1621 αὐτῆς
702 1573 774 1610 τοῦ
796 1572 1010 1622 Γορπιαίου
1034 1570 1165 1623 μηνός.
1203 1573 1400 1611 Cedrenus
1417 1573 1529 1622 haec,
1556 1573 1744 1612 Bissexti-

300 1640 379 1678 que
408 1627 634 1670 inventum.
665 1627 716 1664 ad
749 1640 795 1666 11.
827 1626 993 1676 Augusti
1021 1628 1126 1668 Caes.
1154 1642 1296 1667 annum
1321 1630 1461 1676 resert3
1489 1630 1606 1669 salso:
1635 1630 1745 1682 apud

301 1697 415 1734 quem
436 1683 550 1721 etiam
569 1682 777 1721 ridiculam
794 1681 914 1721 habes
940 1682 1202 1724 Indictionum
1226 1685 1396 1723 nominis
1421 1685 1623 1736 originem.
1677 1701 1745 1726 κα-

298 1742 424 1780 λεῖται
448 1738 491 1779 δὲ
511 1736 736 1788 Ινδικτιών,
764 1739 959 1779 τουτέστιν
988 1738 1199 1791 Ινακτιών,
1229 1740 1258 1793 ἦ
1287 1740 1374 1794 περὶ
1399 1738 1442 1782 τὸ
1458 1746 1608 1782 Ακτιον
1635 1742 1742 1794 νίκη.

299 1795 501 1846 Augustus
520 1795 678 1846 quidem
704 1795 904 1833 Bisextum
931 1795 1181 1847 reformavit,
1210 1811 1289 1836 non
1311 1803 1443 1837 tamen
1460 1797 1622 1838 invenit.
1650 1799 1746 1837 vide

300 1852 378 1890 JOS.
397 1851 586 1901 scaligeri
603 1852 735 1889 Canon
756 1851 906 1901 Isagog.
924 1852 991 1891 lib.
1012 1856 1050 1894 3.

417 1911 510 1960 Pag.
540 1910 635 1950 216.
670 1911 732 1950 17.
762 1907 947 1959 εἰσῆλθεν
970 1907 990 1949 ὅ
1015 1904 1130 1957 αὐτὸς
1149 1906 1304 1957 Ιούλιος
1323 1909 1478 1962 Καίσαρ
1498 1907 1523 1949 ὅ
1541 1906 1745 1962 Δικτάτωρ

300 1963 344 2003 ἐν
365 1963 596 2016 Αντιοχεὶᾳ]
627 1963 720 2003 Chr.
742 1963 854 2002 Alex.
876 1964 986 2014 legit:
1015 1965 1082 2005 καὶ
1109 1962 1262 2018 ἐκλήθη
1286 1964 1310 2006 o‘
1330 1961 1448 2013 αὐτός
1469 1966 1623 2015 Καίσαρ
1647 1962 1743 2005 1015-

300 2022 384 2066 λιος
412 2016 616 2071 Λικτάτωρ
645 2019 687 2060 ἐν
718 2021 941 2074 Αντιοχείςε.
999 2022 1058 2059 Ex
1075 2021 1135 2059 his
1159 2028 1308 2070 tamen,
1339 2034 1438 2072 quae
1462 2021 1500 2059 in
1525 2028 1662 2059 nostro
1684 2034 1746 2059 se-

301 2081 490 2126 quuntur,
521 2075 708 2126 εἰσῆλθεν
726 2076 975 2114 retinendum
993 2078 1163 2128 videtur,
1193 2078 1286 2116 licet
1304 2077 1504 2115 Caesarem
1521 2078 1745 2128 Aegyptum

301 2131 440 2182 prius,
479 2135 570 2182 post
607 2131 814 2170 victoriam
842 2132 1122 2182 Pharsalicam,
1160 2134 1311 2185 Syriam
1349 2133 1507 2182 deinde,
1553 2132 1743 2171 adversus

299 2186 541 2225 Pharnacem
559 2185 799 2225 Mithridatis
817 2188 857 2226 F.
875 2203 980 2226 arma
1000 2196 1220 2228 moventem
1242 2189 1399 2241 petiisse
1427 2194 1588 2226 constet.
1647 2191 1744 2227 Sue-

304 2249 387 2282 ton.
408 2243 448 2280 in
468 2243 540 2281 Jul.
559 2256 646 2294 cap.
669 2246 736 2284 35.
793 2243 863 2282 Ab
878 2243 1136 2284 Alexandria
1152 2247 1192 2284 in
1215 2244 1379 2300 Syriam,
1408 2254 1443 2282 et
1464 2242 1554 2282 inde
1570 2245 1743 2282 Pontum

304 2300 482 2344 transiit,
521 2298 742 2350 urgentibus
768 2297 815 2336 de
838 2300 1044 2340 Pharnace
1072 2302 1234 2340 nunciis.
1294 2301 1367 2338 Sed
1395 2313 1468 2338 nec
1495 2312 1604 2349 eum,
1632 2299 1743 2339 hisce

305 2353 603 2394 difficultatibus
629 2354 819 2405 positum,
859 2356 1194 2402 aedificationibus
1227 2370 1402 2405 vacasse,
1439 2356 1644 2407 probabile
1671 2362 1742 2397 est.

302 2408 470 2459 Verum,
498 2410 664 2449 Auctori
679 2417 814 2449 nostro
833 2412 992 2450 solenne
1010 2418 1079 2462 est,
1107 2413 1300 2452 neminem
1320 2410 1569 2451 Antiochiam
1585 2412 1744 2452 venien.

301 2472 406 2515 tem,
437 2467 511 2504 nisi
532 2467 662 2517 aliquo
682 2473 884 2516 extructo,
913 2468 1004 2506 inde
1026 2469 1232 2508 dimittere.
1478 2488 1481 2490 ¹

415 2526 509 2575 Pag.
540 2526 634 2564 217.
664 2526 705 2565 3.
735 2522 921 2576 μέλλοντα
944 2525 1201 2576 συμπίπτειν]
1231 2526 1312 2563 Scr.
1333 2522 1485 2575 μέλλον.

416 2581 509 2630 Pag·
539 2582 632 2620 217.
665 2583 728 2621 10.
759 2577 808 2619 ὃν
835 2575 1040 2620 ἐπεκάλεσε
1059 2577 1308 2633 Καισάρων]
1339 2580 1609 2618 Caesarionem
1636 2578 1741 2617 hunc

301 2633 369 2671 alii
386 2641 550 2673 vocant:
580 2647 695 2685 quem
712 2635 807 2674 licet
823 2635 970 2674 Auctor
987 2635 1130 2674 Noster
1142 2637 1350 2687 parvulum
1370 2636 1565 2675 interiisse
1584 2642 1741 2685 asserat,
1789 2656 1791 2659 ⁴

301 2690 511 2728 Suetonius
537 2696 666 2728 tamen
686 2705 772 2730 eum
790 2692 837 2730 ab
856 2692 1031 2743 Augusto
1054 2689 1173 2744 (post
1189 2693 1396 2730 victoriam
1415 2693 1628 2742 Actiacam,
1661 2704 1741 2743 quo

300 2750 477 2796 tempore
501 2750 564 2788 17.
585 2746 784 2785 minimum
803 2762 924 2786 annos
942 2754 1055 2786 natus
1080 2746 1206 2801 suit,)
1234 2754 1447 2793 retractum
1467 2762 1488 2788 e
1506 2750 1618 2800 suga,
1648 2760 1740 2800 sup-

300 2800 421 2852 plicio
445 2801 626 2842 affectum
647 2804 785 2853 fuisse,
816 2810 1000 2852 testatum
1029 2805 1070 2842 in
1090 2804 1276 2855 Octavio,
1308 2820 1392 2858 cap.
1418 2809 1480 2848 17.
