1838 3230
578 144 1045 192 ANNOTATIONES.
1436 153 1535 200 619

81 262 164 303 rias
179 260 372 315 obtulere3
399 277 562 318 quorum
579 267 833 313 amaturus,
863 272 900 302 et
920 261 1049 303 millia
1077 278 1195 318 usque
1223 261 1279 303 ad
1291 278 1473 317 praesens
1493 265 1535 304 in

80 317 182 373 Rep.
203 320 472 370 nominantur,
499 317 545 358 id
561 329 634 369 est,
663 319 891 370 Foederanti..

194 373 296 428 Pag·
324 377 420 420 3644
450 375 518 419 14.
545 375 571 418 ὅ
589 374 632 416 δὲ
648 372 894 430 Αρεόβινδος
910 372 1096 429 ἐβάσταζε
1119 375 1187 417 καὶ
1206 371 1428 430 σωκᾶρην.]
1460 388 1532 416 σω-

79 427 234 486 κᾶρην,
261 444 338 484 pro
365 428 553 485 σοκᾶριν,
580 431 649 470 hic
669 432 763 484 poni
789 432 990 485 suspicor:
1022 430 1187 486 σοκάριν
1217 446 1312 472 vero
1340 446 1390 470 ex
1417 429 1535 473 σοκοὶ-

1 517 10 532 ι,
81 501 171 542 ρων
190 486 254 536 fit,
288 487 540 528 usitatissima
562 488 787 541 scriptionis
805 490 1043 541 corruptela.
1100 490 1166 528 Sic
1182 488 1405 541 Σωσθένην
1425 488 1534 540 apud

79 549 263 583 nostrum
281 542 491 594 habemus,
519 558 596 597 pro
615 545 844 596 Σωσθένιν,
877 552 917 585 et
937 545 1016 585 hoc
1033 561 1109 599 pro
1130 544 1377 586 Σωσθένιον.
1437 546 1534 583 Cae-

79 606 210 639 terum
234 599 330 651 quid
350 600 508 639 tandem
526 601 578 640 sit
601 599 787 656 σοκάριν,
817 603 902 642 sive
924 599 1135 656 σοκᾶριονς
1164 608 1235 641 aut
1259 601 1448 641 voeabula
1463 601 1534 640 illa

81 655 160 694 alia
177 655 351 710 ejusdem
371 656 560 707 familiae,
592 671 692 709 quae
720 659 824 697 infra
857 666 1098 710 occurrunt,
1126 659 1213 697 scil.
1240 654 1358 706 σόκος
1381 664 1423 697 et
1444 670 1534 698 σοκ-

80 709 199 763 mim,
217 711 474 752 libentissime
494 714 542 752 ab
562 714 695 766 aliquo
715 715 918 754 discerem.
978 717 1090 755 Certe
1107 715 1204 754 adeo
1223 714 1422 754 inauditae
1441 720 1535 753 sunt

79 767 156 808 hae
172 781 302 818 voces,
331 774 376 808 ut
393 770 509 809 ettam
535 784 601 809 eas
619 778 820 824 suspectas
840 771 1011 811 habeant
1027 772 1102 810 viri
1121 771 1386 821 eruditissimi,
1414 777 1534 823 atque

81 838 133 864 ex
161 824 404 864 Auctoribus
431 833 673 879 expungant.
742 828 800 867 lta
827 829 869 867 in
895 827 975 867 hoc
1002 827 1278 881 Olympiodori
1308 828 1398 866 loco
1425 826 1534 880 apud

79 880 287 922 Photium:
316 881 559 935 Αδᾶουλφος
583 886 700 925 τοῦτο
720 883 886 936 μαθών,
916 880 1223 940 προῦπαντιάζει
1241 882 1419 937 χιλιάδας
1440 882 1535 924 δέκα

8 945 9 948 ’
81 934 400 992 συνεπαγόμενος
416 936 644 996 στρατιώτῃ,
674 940 800 993 ἔχοντι
818 939 970 995 ἄνδρας
989 941 1080 995 περὶ
1100 937 1222 982 αὐτὸν
1240 937 1387 996 Accinge
1413 935 1533 982 σ’κτω-

80 994 267 1046 melcisua,
295 991 326 1048 ἢ
340 993 407 1035 καὶ
429 997 595 1036 εἴκοσιν·
626 994 672 1037 ὃν
689 997 782 1050 ἔργα
796 996 949 1050 ἦρωϊκοὶ
969 997 1036 1039 καὶ
1050 992 1259 1050 θαυμάσαι
1279 994 1371 1046 ἄξια
1391 996 1534 1038 ἐπιδει-

80 1048 275 1102 ξάμενον,
322 1047 430 1103 μόλις
456 1057 475 1079 *
513 1049 676 1101 σάκκοις
714 1051 958 1108 ἐζώγρησαν,
1002 1053 1070 1095 καὶ
1109 1051 1275 1107 ὕστερον
1311 1049 1534 1108 οἷναιροῦσι.

81 1104 344 1159 ΛᾶαιιῖρῘιιιε,
386 1109 542 1162 cognita
570 1125 628 1159 re,
668 1108 840 1150 collectis
875 1109 1002 1150 decem
1035 1109 1211 1150 millibus
1237 1107 1428 1157 militum,
1459 1123 1534 1148 oc-

81 1163 203 1202 currit
228 1161 353 1213 Saro,
382 1165 487 1204 viros
514 1164 727 1205 octodecim
752 1177 820 1206 aut
848 1168 987 1220 viginti
1007 1165 1116 1220 apud
1143 1182 1183 1205 se
1213 1164 1393 1216 habenti3
1421 1180 1534 1219 quem

77 1228 188 1271 gesta
214 1217 390 1266 lter-oica,
418 1229 454 1258 et
481 1231 636 1274 stupore
663 1221 784 1274 digna
815 1221 1005 1274 edentem,
1035 1227 1055 1249 ²⁸
1085 1223 1205 1262 scutis
1235 1219 1442 1271 adhibitis,
1472 1223 1533 1260 υἰ-

79 1289 170 1312 vum
188 1288 302 1327 aegre
325 1290 460 1329 capere
477 1287 702 1330 potuerunt,
743 1278 971 1332 tandemque
998 1277 1193 1319 occidunt.
1262 1278 1341 1316 Pro
1372 1274 1535 1326 σάκκοις

79 1329 158 1370 1100
181 1331 296 1381 1000,
325 1331 574 1373 doctissimus
593 1334 871 1383 Hoeschelius‚
903 1335 1016 1385 licet,
1044 1341 1090 1373 ut
1115 1335 1200 1387 ipse
1224 1335 1392 1384 fatetur,
1420 1334 1461 1372 in
1479 1334 1532 1374 H.

79 1385 270 1439 Stephani
285 1387 421 1427 codice
438 1389 582 1439 veteri,
613 1386 774 1439 σόκκοις
791 1392 986 1444 scriptum
1001 1391 1209 1441 invenerit,
1239 1392 1272 1429 si
1293 1390 1388 1442 quid
1408 1390 1531 1440 aliud,

81 1444 260 1492 σακκίοις
286 1450 415 1484 tamen
445 1448 717 1498 reponendum
748 1455 891 1488 censet.
958 1449 1081 1495 Andr.
1118 1447 1328 1496 Schottus,
1381 1443 1532 1497 σάκοις,

78 1496 331 1551 νο1·σᾶκεσι,
371 1502 530 1540 omnino
560 1504 636 1555 legi
668 1505 775 1543 vult:
820 1507 937 1544 Scuta
974 1506 1146 1553 scilicet,
1189 1517 1307 1556 quam
1339 1504 1532 1553 sacculos,

78 1555 262 1596 hostibus
289 1558 390 1596 vivis
419 1559 620 1610 capiendis
650 1561 1007 1600 accommodatiora
1044 1560 1280 1600 existimans.
1336 1560 1415 1598 Ista
1446 1559 1536 1610 qui-

81 1614 173 1652 dem
200 1626 339 1665 parum
368 1615 561 1667 arrident3
599 1629 736 1655 verum
762 1618 869 1656 unde
899 1618 1056 1656 saniora
1085 1616 1406 1668 expectabimus?
1436 1615 1535 1654 Mihi

80 1675 187 1709 certe
202 1683 284 1708 rem
303 1671 480 1709 strictius
498 1673 752 1724 perpendenti
773 1674 892 1712 subiit
911 1674 1068 1712 tandem
1091 1672 1299 1724 suspicari,
1330 1668 1534 1726 σοκοὶριον,

23 1736 27 1739 ·
81 1727 166 1766 sive
187 1722 326 1777 σόκον,
357 1727 499 1778 Laquei
520 1729 718 1779 quoddam
740 1743 860 1780 genus
879 1743 983 1780 esse,
1015 1729 1193 1768 hostibus
1217 1729 1459 1779 irretiendis,
1495 1734 1536 1767 et

82 1783 261 1833 exequie
281 1782 559 1835 deturbandis,
593 1785 800 1835 idoneum,
831 1793 949 1838 atque
975 1801 996 1825 a
1025 1785 1183 1835 Gothis,
1214 1785 1379 1837 aliisque
1410 1784 1535 1836 genti-

80 1840 155 1878 bus
173 1839 350 1877 barbaris
371 1840 413 1877 in
431 1840 533 1879 bella
551 1842 645 1880 ferri
663 1842 834 1883 solitum.
892 1844 1022 1894 Atque
1048 1842 1310 1895 conjecturam
1333 1841 1438 1880 hanc
1459 1855 1534 1879 no-

81 1902 202 1935 stram
221 1897 510 1947 quodammodo
533 1898 708 1937 stabilire
734 1899 916 1949 videtur,
948 1899 1058 1951 quod
1077 1899 1242 1950 legimus
1270 1898 1378 1951 apud
1407 1897 1535 1937 Isido-

79 1965 171 1991 rum
193 1953 240 1991 de
262 1953 452 2004 oiiginib.
480 1954 549 1993 lib.
569 1958 632 1997 18.
661 1968 746 2007 cap.
777 1956 844 1998 56.
876 1957 926 1995 de
951 1956 1178 2007 Laqueariis
1202 1955 1409 2004 Romanis,
1439 1967 1535 1993 ver-

80 2009 142 2049 bis
159 2008 282 2048 hisce.
339 2009 649 2064 Laqueariorum
672 2027 804 2065 pugna
825 2022 930 2063 erat,
946 2011 1150 2067 figientes
1176 2013 1217 2050 in
1238 2009 1333 2051 ludo
1361 2010 1534 2050 homines

79 2067 222 2119 injecto
243 2063 381 2120 laqueo
409 2065 633 2120 impeditos,
665 2078 960 2122 consecutosque
981 2078 1202 2123 prostrare,
1233 2073 1303 2108 etc.
1361 2067 1396 2105 A
1415 2063 1534 2114 σόκος

79 2135 204 2173 vero,
233 2122 316 2161 sive
344 2119 501 2174 σόκκος,
531 2124 575 2162 fit
605 2121 805 2174 σοκκεύω,
835 2123 1039 2179 Ιῖἶαᾳιιεο,
1067 2125 1209 2177 laqueo
1235 2123 1433 2176 impedio,
1462 2135 1534 2161 seu

79 2179 256 2231 implico,
323 2180 452 2231 Atque
484 2179 579 2219 huic
610 2181 795 2219 vocabuli
828 2181 1100 2232 significationi
1139 2181 1376 2233 astipulatur
1402 2179 1532 2230 Hesy-

82 2234 217 2285 chius,
255 2235 325 2274 ubi
364 2239 486 2292 σοκᾷ,
524 2238 779 2290 interpretat,
821 2239 1009 2292 βροχίζει,
1054 2234 1213 2289 ὄχλεύει.
1255 2232 1398 2289 βρόχος
1428 2236 1530 2274 enim

82 2291 265 2346 Laqueus
290 2299 369 2342 est;
410 2289 548 2346 ὄχλεῦς
577 2295 713 2345 etiam,
748 2292 985 2346 Vinculum,
1025 2293 1231 2346 Ligamen.
1289 2291 1531 2343 Hesychius:

85 2346 248 2399 Οχλεῦς·
279 2346 443 2401 μοχλός,
472 2348 656 2405 στρόφιξ,
688 2348 851 2403 δεσμός,
874 2357 945 2390 etc.
1001 2351 1119 2389 Forte
1147 2356 1185 2388 et
1205 2349 1266 2387 his
1290 2355 1452 2398 cognata
1473 2355 1531 2386 est

81 2403 425 2444 Latino-barbara
445 2420 527 2445 vox
547 2407 647 2455 ista,
677 2405 808 2459 Soga,
840 2421 939 2459 quae
967 2406 1089 2446 Funis
1118 2406 1343 2458 explicatur
1368 2419 1389 2442 a
1417 2405 1529 2442 Glos-

83 2473 159 2500 sar.
191 2461 305 2512 Legg.
326 2463 574 2512 Longobard.
597 2464 663 2503 lib.
689 2467 726 2506 1.
755 2465 816 2503 tit.
844 2464 912 2506 25.
941 2464 1015 2515 leg.
1035 2465 1103 2505 33.
1161 2462 1299 2515 siquis·
1318 2475 1433 2512 sogas
1446 2457 1528 2512 fu-

84 2525 193 2555 ratus
203 2516 329 2571 fuerit
348 2517 395 2557 de
417 2518 509 2557 bove
529 2521 728 2573 junctorio
758 2526 829 2561 etc.
860 2520 918 2558 uti
944 2534 1018 2559 nos
1046 2524 1178 2557 monet
1202 2517 1452 2555 doctissimus
1469 2517 1528 2555 Jo.

83 2572 245 2611 Vossius
276 2574 326 2612 de
354 2574 467 2614 Vitiis
499 2576 703 2615 sermonis.
777 2576 971 2615 Vocabuli
997 2582 1126 2614 autem
1155 2573 1426 2626 interpretatio
1456 2575 1533 2611 ista

82 2629 174 2667 loco
192 2628 287 2668 huic
300 2629 482 2670 Auctoris
499 2632 626 2671 nostri
643 2632 790 2685 optime
810 2634 1014 2672 convenit:
1037 2638 1081 2670 ut
1100 2638 1138 2670 et
1152 2631 1265 2669 alteri
1286 2629 1357 2678 illi,
1380 2629 1448 2668 lib.
1466 2632 1531 2672 18.

83 2698 173 2736 pag.
190 2684 284 2727 435.
316 2687 383 2725 ubi
405 2686 502 2727 haec
523 2687 733 2728 habemus:
761 2689 829 2730 καὶ
846 2685 1154 2736 καταδιώξαντες
1173 2687 1214 2728 οἱ
1227 2680 1389 2736 Οὗννοι,
1421 2681 1530 2727 ἐσόκ-

83 2753 229 2781 κευσαν
264 2739 485 2795 φεύγοντας
511 2742 603 2793 τούς
633 2742 820 2798 ἐξάρχους
853 2746 1066 2797 Ρωμαίων·
1103 2743 1173 2785 καὶ
1204 2742 1228 2784 ὁ
1255 2739 1327 2794 μὲν
1350 2742 1529 2791 Γοδιλᾶς,

84 2794 318 2848 ἀποσπάσας
339 2796 382 2841 τό
403 2799 504 2842 ἴδιον
525 2801 661 2854 ξίφος,
694 2802 814 2854 ἔκοψε
835 2800 904 2843 τόν
924 2798 1067 2851 σόκον,
1097 2800 1166 2842 καὶ
1190 2799 1398 2851 ἔξείλησεν.
1450 2797 1529 2837 Ha-
