1838 3230
449 240 1090 285 CHRONOGRAPHIA.
1144 242 1196 285 L.
1225 242 1277 286 ll.
1533 247 1599 296 35

127 348 262 414 Πῖκος
295 359 318 406 ὃ
351 363 419 406 καὶ
453 361 561 413 Ζεὺς
595 356 724 406 οὖσαν
752 359 907 418 ταύτην
942 362 985 406 ἓν
1018 363 1289 423 κουβουκλείῳ
1317 363 1598 424 παρακειμένῳ

127 435 182 490 τῇ
196 429 395 490 θαλάσσῃ
419 436 559 491 πολλῷ
575 435 719 491 χρυσῷ
745 433 888 482 πείσας
914 430 1106 488 ἠδυνήθη
1133 430 1493 490 προτρεψάμενος·
1524 433 1599 490 ῆν-

128 517 220 544 τινα
251 498 444 557 ἁρπάσας
474 499 531 551 ὥς
559 499 666 544 πάνυ
700 500 878 558 εὐπρεπῆ
908 500 1119 558 ἔφθειρεν,
1158 504 1225 545 καὶ
1255 503 1298 553 ἐξ
1332 502 1461 558 αὐτῆς
1484 502 1597 558 ἴσχεν

127 569 220 612 υἱὸν
239 568 410 624 ὀνόματι
428 570 616 627 Περσέα,
645 569 717 613 τὸν
736 570 1041 626 προειρημένον.
1113 569 1252 614 ὅντινα
1271 571 1478 628 πτερωτὸν
1495 570 1599 630 γρά-

95 647 257 695 5φουσι
293 639 362 682 διὰ
387 640 436 682 τὸ
467 641 511 682 ἐκ
529 637 731 682 παιδόθεν
752 641 988 695 περίγοργον
1008 638 1109 682 εἶναι
1128 639 1202 684 τὸν
1221 642 1349 683 παῖδα
1363 653 1372 664 ·
1409 639 1511 684 ὅθεν
1531 643 1599 684 καὶ

129 705 152 751 ὃ
173 705 324 752 τούτου
342 708 480 766 πατὴρ
509 711 643 758 Πῖκος
679 707 701 751 ὁ
731 710 798 750 καὶ
824 709 930 758 Ζεὺς
965 710 1145 760 ἐδίδαξεν
1176 709 1302 752 αὐτὸν
1319 706 1511 766 πράττειν
1533 713 1601 753 καὶ

128 780 256 820 τελεῖν
274 777 350 833 τὴν
367 779 617 834 μαγγανείαν
637 782 711 820 τοῦ
731 782 912 834 μυσεροῦ
934 776 1129 836 σκύφους,
1154 777 1324 830 διδάξας
1346 778 1473 822 αὐτὸν
1494 778 1600 822 πάν-

128 862 184 889 τα
202 845 256 889 τὰ
277 847 367 904 περὶ
387 847 516 890 αὐτοῦ
534 846 713 902 μυστικὰ
734 848 801 888 καὶ
821 849 1002 903 δυσσεβῆ
1030 845 1276 903 πλανήματα
1285 880 1299 901 ,
1336 848 1462 904 λέγων
1487 849 1600 907 αὐτῷ

130 913 194 959 ὅτι
213 917 347 975 Νικᾷς
368 914 525 966 πάντας
550 916 647 966 τοὺς
669 917 887 970 πολεμίους
907 917 949 967 ἐξ
973 915 1101 959 αὐτοῦ
1119 916 1301 967 καὶτοὺς
1323 914 1501 974 ἐχθρούς
1525 934 1600 961 σου

75 993 121 1029 10
132 985 200 1028 καὶ
222 982 358 1028 πάντα
378 984 606 1042 ἄνθρωπον
626 986 807 1028 ἐναντίον
828 987 893 1027 καὶ
915 983 1074 1036 πάντας
1093 985 1190 1035 τοὺς
1209 985 1440 1040 βλέποντας
1460 987 1502 1029 ἓν
1524 987 1602 1029 αὖ·

128 1057 189 1113 τῷ
210 1058 270 1112 τῷ
291 1052 499 1113 προσώπῳ
517 1055 826 1111 τυφλουμὲνους
843 1056 910 1096 καὶ
927 1055 1126 1109 μένοντας
1144 1052 1236 1097 ὥσεὶ
1253 1054 1419 1112 νεκροὺς
1437 1057 1504 1097 καὶ
1524 1073 1599 1098 κα-

130 1123 469 1180 τασφαζομένους
485 1120 566 1166 {md
589 1139 678 1167 σου.
731 1125 798 1166 καὶ
817 1124 959 1166 λοιπὸν
981 1122 1002 1166 ὃ
1023 1123 1212 1180 Περσεὺς
1230 1125 1411 1173 πεισθεὶς
1431 1128 1489 1182 τῷ
1508 1125 1599 1183 ἶὸίῳ
1625 1136 1655 1170 C

130 1193 256 1247 πατρὶ
278 1193 400 1252 Πίκῳ
428 1196 487 1250 τιιῖΙ
520 1194 588 1235 καὶ
610 1193 707 1245 Διί,
746 1195 802 1242 εἷς
834 1192 906 1235 τὸν
937 1192 1042 1247 μετὰ
1073 1197 1206 1235 ταῦτα
1233 1189 1386 1250 χρόνον
1410 1193 1515 1248 μετὰ
1538 1210 1605 1236 τε-

108 1276 111 1278 ’
130 1261 277 1317 λευτὴν
294 1265 369 1304 τοῦ
390 1260 519 1304 αὐτοῦ
537 1261 692 1318 πατρὸς
701 1263 836 1304 Πίκου
857 1263 1010 1311 τελείας
1030 1259 1190 1317 ἡλικίας
1207 1260 1432 1318 γενόμενος,
1452 1261 1606 1305 ἐπεθύ-

78 1337 123 1374 15
131 1346 238 1386 μησε
259 1333 335 1386 τῆς
357 1334 441 1374 τῶν
453 1329 679 1388 Ἀσσυρίων
698 1331 931 1384 βασιλείας,
960 1329 1326 1388 »ὄιαφθονοῦμενος
1346 1338 1433 1381 τοῖς
1454 1331 1607 1382 τέκνοις
1631 1341 1663 1375 O
1686 1339 1732 1380 41

131 1403 208 1443 τοῦ
225 1399 372 1452 Νίνου,
394 1403 470 1442 τοῦ
488 1401 606 1443 θείου
627 1399 770 1453 αὐτοῦ,
796 1403 871 1442 τοῦ
891 1400 1073 1457 ἀδελφοῦ
1091 1404 1166 1443 τοῦ
1186 1399 1343 1458 πατρὸς
1360 1400 1503 1444 αὐτοῦ.
1539 1403 1608 1444 καὶ

127 1470 431 1525 χρηματισθεὶς
462 1467 650 1524 ἀπῆλθεν
677 1470 719 1511 ἒν
748 1473 799 1526 τῇ
824 1466 943 1530 χώρα
970 1473 1046 1525 τῆς
1070 1467 1264 1525 Λιβύης·
1301 1471 1368 1512 καὶ
1393 1469 1500 1513 κατὰ
1530 1470 1606 1525 τὴν

133 1535 232 1584 ὁδὸν
260 1535 465 1594 ὑπήντησε
499 1542 558 1597 τῷ
594 1537 707 1597 αὐτῷ
735 1541 895 1595 Περσεῖ
920 1539 997 1592 μία
1029 1538 1263 1594 παρθένος,
1301 1535 1403 1595 κόρη
1428 1537 1602 1595 χωρική,

133 1605 279 1664 ἀγρίας
298 1605 449 1662 ἔχουσα
471 1606 547 1657 τὰς
566 1608 710 1664 τρίχας
738 1609 804 1650 καὶ
836 1605 1098 1663 ὀφθαλμούς.
1170 1609 1236 1649 καὶ
1269 1596 1427 1662 στήσας
1443 1606 1603 1663 ἐπηρώ-

78 1681 258 1731 2οτησεν
278 1675 408 1732 αὐτὴν
426 1676 567 1732 λέγων,
601 1677 659 1718 Τί
679 1691 755 1719 σου
778 1675 825 1719 τὸ
848 1675 1003 1730 ὅνομας
1039 1674 1065 1731 ἦ
1087 1676 1132 1718 δὲ
1151 1674 1232 1718 εἶπε
1252 1675 1357 1730 μετὰ
1375 1675 1607 1733 παρῥησίας

136 1744 343 1789 Μέδουσα
356 1758 366 1768 ·
395 1746 463 1787 καὶ
484 1742 696 1801 κρατήσας
715 1744 843 1800 αὐτῆς
860 1745 935 1794 τὰς
954 1745 1097 1801 τρίχας
1118 1738 1151 1802 ᾧ
1170 1743 1367 1797 ε’βάσταζε
1385 1746 1606 1801 λογχοδρε-

137 1810 256 1871 πάνῳ
290 1814 395 1869 ξίφει
428 1812 621 1867 ἀπέτεμεν
653 1813 781 1868 αὐτῆς
810 1813 885 1868 τὴν
907 1811 1051 1870 κάραν.
1125 1815 1192 1856 καὶ
1213 1813 1354 1866 λαβὼν
1377 1811 1398 1855 ὃ
1419 1813 1608 1870 Περσεὺς

138 1881 296 1931 εὐθέως
327 1881 479 1924 ἐτέλεσε
508 1881 584 1937 τὴν
615 1881 745 1937 αὐτὴν
773 1879 905 1939 κάραν
935 1886 1165 1936 μυστικῶς,
1215 1882 1360 1932 καθὼς
1403 1881 1606 1938 ἐδιδάχθη

136 1948 217 1995 ὑπὸ
245 1954 320 1994 τοῦ
353 1951 459 1993 ῗδίου
492 1950 649 2008 πατρὸς
677 1951 814 1993 Πίκου
839 1955 914 2006 τῆς
934 1955 1117 2009 μυσερᾶς
1137 1952 1383 2008 μαγγανείας
1403 1951 1480 2007 τὴν
1501 1950 1607 1993 πλά-
1630 1959 1664 1993 D

227 2063 262 2098 9.
297 2060 497 2105 πολεμίους
519 2060 585 2095 Ch.
611 2071 686 2096 cum
710 2060 842 2096 Chron.
867 2065 904 2095 et
927 2059 1087 2095 Cedreno
1110 2073 1145 2108 p.
1168 2061 1225 2096 22.
1249 2061 1300 2104 Β,
1332 2059 1518 2106 πολέμους
1541 2061 1609 2096 Ox.

230 2108 288 2143 19.
324 2106 549 2154 ἐπερώτησεν
573 2107 642 2142 Ox.

139 2198 303 2246 scriptum
334 2199 494 2246 reliquit,
529 2199 650 2234 Jovem
672 2199 792 2233 Picum
815 2197 851 2232 in
872 2197 1027 2234 cubiculo
1051 2198 1142 2244 quod
1173 2211 1266 2234 mare
1301 2199 1482 2244 spectabat
1520 2209 1610 2233 com-

139 2250 324 2281 morantem
356 2258 454 2289 eam,
490 2250 612 2292 utpote
645 2244 926 2292 pulcherrimam,
960 2244 996 2279 vi
1026 2246 1100 2280 auri
1129 2257 1273 2290 magna,
1304 2246 1369 2279 sibi
1394 2243 1610 2286 conciliasse3

139 2296 345 2338 raptamque
367 2292 468 2335 inde,
506 2293 758 2338 compressisse3
792 2291 965 2337 filiumque
986 2303 1029 2325 ex
1053 2303 1094 2326 ea
1118 2292 1275 2326 habuisse
1299 2291 1477 2333 Perseum,
1510 2302 1609 2336 quem

141 2337 295 2372 diximus.
343 2339 446 2373 Hunc
478 2339 603 2374 alatum
629 2339 831 2383 perhibent,
865 2350 906 2372 eo
930 2337 1022 2382 quod
1048 2349 1068 2372 a
1092 2338 1204 2384 pueris
1228 2349 1353 2371 summa
1377 2342 1465 2370 esset
1487 2348 1612 2381 corpo-

141 2383 188 2418 ris
219 2384 398 2429 agilitate:
433 2385 522 2419 unde
546 2391 583 2419 et
606 2391 707 2430 pater
730 2383 802 2427 ejus
824 2383 958 2429 Jupiter
982 2384 1083 2419 Picus
1106 2384 1246 2418 nefandi
1279 2384 1366 2417 illius
1390 2382 1524 2427 Scyphi
1548 2394 1611 2426 pa-

139 2430 240 2464 randi
268 2431 434 2476 magicum
457 2431 490 2465 ei
511 2431 691 2465 artificium
715 2429 872 2475 aperuit,
910 2441 1065 2475 quaeque
1088 2430 1132 2464 ad
1156 2442 1233 2463 eum
1257 2429 1430 2475 pertinent
1453 2428 1613 2472 mysticas

141 2475 233 2510 illum
266 2481 304 2512 et
334 2476 454 2522 impias
486 2477 622 2512 edocuit
653 2478 880 2521 imposturas;
917 2476 1026 2520 Hujus
1060 2489 1080 2511 ο
1107 2488 1148 2518 e,
1180 2476 1354 2521 inquiens,
1388 2475 1502 2509 vinces
1536 2479 1612 2509 tuos

141 2520 294 2558 inimicos
318 2528 355 2558 et
377 2523 590 2558 adversarios
614 2534 744 2558 omnes:
784 2527 819 2556 et
849 2521 1046 2567 quicunque
1102 2527 1184 2568 aput
1209 2523 1273 2556 hoc
1297 2520 1515 2566 aspexerint,
1552 2531 1612 2554 oc-

142 2569 276 2603 caecati
305 2572 342 2603 et
372 2571 471 2615 quasi
504 2570 630 2605 mortui
653 2581 674 2604 a
696 2574 731 2602 te
755 2569 904 2613 percussi
927 2568 1144 2603 videbuntur.
1193 2568 1336 2601 Perseus
1358 2565 1481 2610 igitur,
1515 2565 1611 2601 Jovis

143 2613 258 2648 Patris
281 2614 374 2650 dicto
399 2615 537 2650 audiens
559 2616 646 2650 fuit:
683 2615 764 2661 qui,
799 2619 876 2660 post
900 2626 973 2649 eum
998 2620 1182 2655 mortuum,
1218 2611 1465 2647 adolescentior
1486 2612 1611 2654 factus,

144 2670 288 2704 regnum
318 2661 532 2705 Assyriorum
563 2661 600 2695 in
631 2662 741 2696 animo
776 2661 916 2695 habuit:
954 2660 1082 2706 quippe
1115 2661 1179 2693 hoc
1202 2659 1379 2693 invidebat
1402 2658 1611 2703 patruelibus

145 2705 236 2747 suis,
260 2705 346 2741 Nini
367 2708 460 2743 filiis.
508 2711 661 2754 Accepto
686 2712 798 2742 autem
822 2706 982 2748 oraculo,
1015 2708 1051 2740 in
1073 2705 1217 2751 Libyam
1242 2705 1416 2750 profectus
1439 2708 1510 2738 est:
1549 2716 1612 2750 per

146 2751 214 2786 iter
236 2762 320 2786 vero
353 2754 505 2788 occurrit
537 2754 569 2788 ei
603 2755 703 2798 virgo
737 2753 902 2798 quaedam
937 2752 1125 2797 Indigena,
1159 2751 1265 2786 oculis
1297 2749 1496 2795 capillisque
1526 2751 1612 2784 fera.

146 2797 311 2832 Constitit
334 2798 379 2833 ad
401 2799 508 2834 visum
532 2799 697 2842 Perseus,
731 2806 767 2833 et
790 2803 1014 2844 percontatus
1038 2808 1131 2839 eam,
1166 2797 1288 2838 Quod,
1312 2795 1442 2840 inquit,
1466 2795 1529 2830 tibi
1552 2808 1613 2830 no-

145 2855 221 2878 men
245 2843 324 2877 est?
371 2843 562 2890 Respondit
583 2846 644 2880 illa
666 2844 921 2890 imperterrita,
946 2843 1102 2879 Medusa.
1148 2843 1237 2877 Tum
1261 2843 1425 2883 Perseus,
1458 2854 1615 2888 compre-

147 2891 251 2924 hensa
274 2889 414 2924 verticis
437 2901 543 2932 coma,
566 2891 695 2925 falcato
719 2902 819 2935 quem
843 2891 979 2924 ferebat
1003 2901 1081 2923 ense
1098 2895 1202 2935 caput
1218 2888 1268 2922 illi
1287 2900 1339 2922 am
1365 2887 1497 2922 mavit:
1523 2887 1615 2932 quod

147 2940 345 2981 arreptum,
380 2936 643 2971 Incantamentis
677 2937 815 2981 magicis
846 2942 881 2969 et
913 2935 1081 2978 infandis,
1110 2936 1213 2980 juxta
1235 2945 1277 2970 ac
1299 2946 1322 2971 a
1366 2939 1452 2968 >atre
1475 2933 1615 2968 edoctus
