1838 3230
275 181 377 228 386
500 207 506 214 «
670 172 962 219 IOANNIS
989 174 1325 219 MALALAE

279 298 353 338 τοῦ
377 293 505 338 αὐτοῦ
535 289 727 348 Ζήνωνος
755 292 967 346 βασιλέως,
1003 292 1058 343 ὥς
1077 290 1332 350 φοβούμενος
1359 290 1431 335 τὸν
1446 290 1616 346 βασιλέα
1634 287 1722 347 Ζή-

279 380 401 406 νωνα.
471 362 538 404 καὶ
560 360 686 403 ἔπεισε
703 359 777 414 τὴν
807 360 934 416 αὐτὴν
956 361 1167 404 δέσποιναν
1186 364 1367 417 Βηρΐναν
1388 358 1409 402 ὅ
1428 359 1618 413 βασιλεῦς
1634 357 1724 414 Ζή-

227 436 258 470 C
280 448 373 482 νων,
411 428 432 472 ὃ
464 427 648 483 γαμβρὸς
676 427 815 482 αὐτῆς,
851 427 954 470 κατὰ
973 429 1025 471 τὰ
1046 427 1221 479 δόξαντα
1241 427 1391 482 μεταξὺ
1417 427 1547 469 Ἰλλοῦ
1563 428 1722 470 Γκαὶτοῢ

280 498 408 540 αὐτοῦ
436 494 648 551 Ζήνωνος,
686 493 788 537 ὥστε
817 500 1027 539 κατελθεῖν
1058 499 1125 539 καὶ
1156 499 1295 538 δοῦναι
1320 496 1448 537 Ἰλλοῢ
1475 492 1592 550 λόγον
1613 493 1723 537 ἀπα-

280 567 421 616 θείας,
459 562 514 612 ὥς
542 562 800 619 φοβουμένου
829 561 1026 618 Ζήνωνα,
1070 566 1135 606 καὶ
1170 563 1371 618 ἀνενέγκαι
1402 561 1527 605 αὐτὸν
1559 563 1627 605 καὶ
1651 561 1755 608 τόν5

279 631 457 688 ἀδελφὸν
477 630 603 673 αὐτοῦ
625 632 844 685 Λογγῖνον.
915 633 981 673 καὶ
1000 634 1202 685 κατῆλθεν
1225 629 1252 683 ἡ
1272 630 1374 685 αὐτὴ
1401 632 1559 686 Βηρΐνα
1578 631 1633 679 εἲς
1649 628 1724 684 τὴν

275 699 501 754 Ἰσαυρίαν·
545 699 612 739 καὶ
642 696 856 751 δεξάμενος
886 699 1012 753 αὐτὴν
1033 698 1185 748 Ἰλλοῦς
1218 698 1443 741 ἀπέκλεισεν
1476 699 1532 746 εἷς
1554 696 1726 740 καστέλ-

279 771 366 809 λιον
394 768 436 809 ἓν
457 770 508 822 τῇ
534 764 714 823 ’Ῑσαυρίᾳ
745 765 834 819 ἕχον
859 763 1056 820 βοήθειαν
1084 763 1248 820 πολλήν,
1287 767 1352 807 καὶ
1382 762 1570 813 κελεύσας
1599 763 1725 818 αὐτὴν

281 834 349 877 διὰ
375 837 635 890 στρατιωτῶν
667 830 970 889 φυλάττεσθαι,
1023 835 1089 875 καὶ
1113 833 1251 886 λαβὼν
1272 836 1475 888 Λογγΐνον
1507 831 1579 874 τὸν
1607 831 1727 873 ἀδελ-

281 902 360 959 φόν
392 906 465 944 τοῦ
495 900 706 953 βασιλέως,
742 900 919 956 ἀνῆλθεν
947 902 988 943 ἓν
1008 898 1442 943 Κωνσταντινουπόλει.
1513 901 1580 941 καὶ
1599 898 1724 954 ἓγένε-
1737 910 1781 944 10

282 986 331 1011 το
354 967 378 1011 ὃ
409 969 532 1018 αὐτὸς
554 968 706 1017 Ἰλλοῢς
734 967 994 1024 συγκλητικὸς
1033 970 1099 1011 καὶ
1127 967 1282 1018 ὕπατος
1308 970 1374 1010 καὶ
1403 964 1622 1023 μάγιστρος
1659 967 1728 1008 καὶ

282 1037 504 1093 πατρίκιος,
541 1038 700 1078 διοικῶν
714 1036 787 1090 τὴν
804 1040 940 1078 πᾶσαν
957 1036 1170 1079 πολιτείαν.
1242 1034 1390 1089 ὁμοίως
1410 1035 1454 1077 δὲ
1478 1035 1544 1077 καὶ
1563 1032 1584 1076 ὃ
1606 1035 1727 1088 Λογ-

158 1133 190 1167 0
215 1087 261 1168 ἐξ
284 1111 392 1160 γῖνος
425 1102 446 1146 ὃ
485 1103 658 1159 ἀδελφὸς
690 1107 764 1146 τοῦ
792 1103 991 1158 βασιλέως
1024 1104 1173 1158 ἐγένετο
1217 1099 1497 1159 στρατηλάτης
1539 1100 1729 1157 πραισένα

286 1187 358 1215 του
375 1173 442 1214 καὶ
460 1170 616 1220 ὕπατος
631 1184 640 1194 ·
676 1173 743 1212 καὶ
765 1170 960 1227 παρέσχεν
988 1173 1043 1220 εἷς
1062 1171 1113 1213 τὰ
1140 1171 1319 1227 τέσσαρα
1341 1170 1442 1226 με’ρη
1466 1171 1729 1212 Κωνσταντι-

283 1237 512 1288 νουπόλεως
537 1238 738 1294 ὀρχηστὰς
767 1236 971 1292 ἒμμάλους
999 1239 1167 1294 μικροὺς
1194 1239 1418 1295 τέσσαρας·
1465 1232 1570 1291 ἦσαν
1591 1235 1668 1291 γὰρ
1691 1235 1729 1277 οἶ
1741 1246 1782 1279 15

285 1305 521 1362 ὀρχούμενοι
542 1307 583 1348 ἐν
601 1304 1024 1348 Κωνσταντινουπόλει
1043 1306 1215 1362 εὔφημοι
1234 1307 1420 1357 παλαιοί,
1457 1305 1523 1346 καὶ
1545 1304 1728 1357 ἐποίησεν

286 1375 434 1424 αὐτοὺς
457 1377 591 1426 λῦσαι,
613 1373 743 1415 πολλὰ
756 1371 1027 1429 χαρισάμενος
1045 1373 1194 1422 αὐτοῖς.
1243 1372 1364 1415 ἔδωκε
1385 1373 1430 1414 δὲ
1454 1378 1540 1419 τοῖς
1564 1370 1729 1426 Πρασί-

285 1459 371 1491 νοις
397 1441 576 1495 ἴμμαλον
614 1440 686 1483 τὸν
716 1438 962 1483 Αὐτοκύονα
992 1440 1062 1483 τὸν
1102 1439 1311 1495 λεγόμενον
1339 1437 1618 1494 Καράμαλλον
1648 1436 1728 1479 ἀπὸ

280 1508 579 1565 Ἀλεξανδρείας
607 1512 679 1562 τῆς
706 1506 903 1563 μεγάλης,
939 1510 1006 1549 καὶ
1035 1507 1106 1550 τὸν
1127 1506 1264 1550 Ῥόδον
1285 1507 1355 1550 τὸν
1381 1503 1593 1561 λεγόμενον
1609 1507 1729 1560 Χρυ-

161 1580 196 1613 O
219 1581 263 1617 99
287 1574 506 1630 σόμαλλον,
529 1577 595 1618 καὶ
625 1575 747 1618 αὗτὸν
773 1575 1047 1630 Ἀλεξανδρέα,
1078 1577 1131 1624 εἲς
1150 1575 1197 1617 τὸ
1216 1575 1400 1626 Βένετον,
1437 1575 1504 1615 καὶ
1520 1570 1785 1615 ἙλλάδιονΞΟ

288 1644 360 1688 τὸν
378 1643 456 1686 ἀπὸ
480 1643 668 1697 Ἐμὲζτης
686 1647 759 1698 τῆς
776 1641 928 1692 πόλεως
946 1645 1000 1692 εἷς
1020 1642 1065 1684 τὸ
1080 1640 1259 1685 Ῥοῦσιον
1280 1641 1402 1697 με’ρος
1415 1654 1425 1664 ·
1463 1640 1583 1683 ἔδωκε
1605 1640 1648 1681 δὲ
1665 1639 1733 1680 καὶ

290 1712 361 1755 τὸν
383 1709 592 1767 λεγόμενον
603 1712 879 1767 Μαργαρίτην
902 1710 971 1752 τὸν
992 1708 1215 1763 Κατζάμυν
1235 1709 1306 1752 τὸν
1327 1708 1406 1751 ἀπὸ
1428 1708 1603 1759 Κυζίκου
1626 1707 1734 1760 ἐνεγ-

290 1779 370 1822 κὼν
402 1786 487 1828 τοῖς
515 1781 705 1828 Λευκοΐς.
777 1780 844 1821 καὶ
873 1777 1046 1820 ἀπέθετο
1070 1777 1144 1832 τὴν
1170 1777 1359 1834 δευτέραν
1389 1775 1515 1819 αὐτοῦ
1539 1771 1731 1816 ὑπατείαν

289 1848 506 1901 Λογγῖνος.

381 1956 415 1991 8.
450 1953 533 1998 ἔχον
556 1954 643 1995 Ch„
676 1951 766 1998 ἔχων
790 1954 857 1989 Ox.
951 1954 1006 1989 15.
1037 1950 1203 1997 ὄρχιστόις
1226 1953 1293 1988 Ox.

293 2055 369 2079 nam
391 2044 574 2088 Augustam
598 2055 725 2078 socrum
748 2055 840 2078 suam
862 2043 898 2077 in
921 2054 963 2077 ea
985 2043 1027 2077 de
1050 2043 1169 2087 quibus
1204 2042 1277 2088 ipse
1299 2051 1370 2075 curn
1393 2040 1455 2074 Illo
1478 2037 1646 2072 consilium
1670 2038 1731 2072 ha-

293 2091 437 2130 buerat3
465 2100 582 2133 nempe
605 2089 656 2122 uti
679 2090 714 2122 in
737 2089 897 2122 Isauriam
921 2088 1141 2129 descendens,
1166 2088 1227 2121 Illo
1251 2087 1413 2120 Libellum
1438 2083 1665 2118 indemnitatis
1689 2083 1732 2116 ab

295 2136 513 2181 Imperatore,
538 2146 636 2178 quem
658 2135 836 2174 metuebat,
862 2135 1080 2175 concederet3
1110 2134 1203 2167 simul
1225 2132 1325 2166 etiam
1347 2132 1426 2164 inde
1449 2140 1520 2162 eum
1545 2139 1619 2162 cum
1641 2127 1733 2161 Lon-

293 2181 394 2225 gine,
422 2179 564 2214 Zenonis
587 2179 711 2219 fratre,
745 2179 938 2213 abduceret.
984 2179 1114 2213 Verina
1135 2180 1253 2222 itaque
1275 2177 1310 2210 in
1332 2174 1492 2210 Isauriam
1517 2172 1731 2212 descendens,

293 2227 338 2260 ab
361 2225 421 2259 Illo
455 2229 596 2269 accepta
619 2228 686 2257 est:
728 2222 785 2267 qui
807 2223 928 2257 deinde
951 2235 1023 2258 eam
1054 2223 1090 2257 in
1113 2227 1255 2258 castrum
1287 2220 1452 2265 quoddam
1474 2218 1673 2258 Isauricum,
1711 2227 1733 2250 a

318 2269 464 2305 raesidio
498 2280 669 2303 numeroso
700 2268 918 2310 custoditum,
955 2269 1100 2303 inclusit.
1154 2268 1232 2312 Ipse
1262 2266 1416 2306 interim,
1453 2267 1594 2306 accepto
1622 2272 1731 2296 secum

328 2316 469 2359 ongino,
498 2313 713 2359 Imperatoris
736 2314 864 2354 fratre,
897 2312 1219 2358 Constantinopolim
1241 2310 1435 2345 revertitur.
1489 2308 1597 2342 Porro
1621 2311 1733 2340 autem

295 2362 374 2395 Illus
397 2360 440 2394 ad
463 2359 671 2394 Senator-iam
695 2357 939 2403 Patriciumque
962 2359 1159 2403 dignitatem
1182 2362 1335 2395 evectus,
1370 2353 1492 2387 Consul
1514 2362 1650 2396 quoque
1677 2353 1733 2385 fa-

296 2411 370 2440 ctus
393 2411 430 2440 et
451 2405 636 2450 Magister,
672 2414 798 2438 omnem
821 2404 945 2447 ubique
975 2404 1095 2448 Remp.
1120 2400 1371 2436 administravit.
1418 2397 1589 2441 Longinus
1620 2395 1732 2438 etiam,

298 2451 513 2497 Imperatoris
537 2452 663 2491 frater,
701 2447 826 2482 Consul
850 2453 982 2482 creatus
1006 2453 1076 2490 est,
1112 2453 1147 2482 et
1170 2444 1359 2480 Praesentis
1391 2442 1534 2476 Militiae
1558 2441 1732 2485 Magister.

299 2496 365 2531 Hic
383 2508 463 2530 vero
476 2492 847 2540 Constantinopolitanis
865 2498 1009 2537 quatuor
1019 2492 1236 2527 Factionibus
1256 2490 1432 2524 salt-atores
1443 2492 1586 2532 quatuor
1595 2488 1734 2520 Emma-

300 2544 350 2576 los
368 2542 511 2576 minores
527 2540 715 2574 distribuitx
740 2537 866 2583 quippe
883 2538 941 2582 qui
961 2542 1032 2571 tum
1047 2533 1183 2571 fuerunt
1202 2535 1377 2569 saltatores
1395 2532 1556 2573 celebres,
1580 2530 1734 2565 veterani

301 2587 476 2621 admodum
499 2591 616 2625 erant3
660 2596 743 2630 quos
775 2581 1005 2627 largitionibus
1029 2582 1161 2616 abunde
1193 2581 1351 2618 donatos,
1388 2578 1511 2611 liberos
1534 2588 1605 2611 esse
1623 2575 1732 2619 jussit.

298 2632 445 2666 Prasinis
467 2643 549 2666 vero
573 2633 798 2673 Autocyonem
820 2628 983 2672 quendam
1007 2626 1263 2660 Alexandrinum
1286 2623 1381 2657 dedit
1404 2622 1596 2662 Emmalum,
1624 2622 1734 2654 Cara-

299 2679 438 2712 mallum
468 2681 644 2711 vocatum:
690 2673 827 2708 Venetis
849 2683 930 2707 vero
956 2672 1221 2716 Chrysomallum
1251 2669 1346 2702 dedit
1379 2667 1534 2701 Rhodum
1558 2665 1733 2710 quendam,

301 2727 336 2755 et
370 2723 475 2768 ipsum
505 2721 782 2756 Alexandrinum:
826 2716 974 2752 Russatis
996 2728 1076 2751 vero
1114 2714 1301 2749 Helladium
1331 2712 1495 2758 quendam
1527 2711 1732 2745 Emisenum=

299 2767 429 2802 Albatis
450 2767 593 2811 denique
617 2765 848 2811 Margaritam
873 2773 968 2807 quem
991 2763 1124 2801 vocant,
1149 2761 1333 2803 Catzamyn
1350 2757 1444 2792 dedit
1465 2756 1640 2800 quendam,
1663 2754 1734 2798 Cy-

299 2813 458 2849 zicenum.
506 2813 594 2847 Tum
617 2823 698 2846 vero
722 2809 891 2854 Longinus
915 2807 1129 2843 Consulatum
1150 2816 1242 2840 suum
1263 2803 1439 2839 secundum
1462 2800 1625 2846 deposuit.
