1838 3230
665 153 965 202 EPISTOLA.
1448 158 1548 208 745

87 279 131 314 *et
144 273 296 328 Ogygia
318 272 476 314 nomina
500 273 626 313 literis
646 273 807 313 Graecis
830 273 1083 323 mandarent,
1113 271 1164 312 ad
1189 271 1379 326 syllabam
1400 271 1449 312 de
1470 286 1551 313 ser·-

90 345 206 371 mone
221 331 392 373 barbaro
417 336 707 384 expresserunt.
763 331 863 369 Nam
892 331 962 381 qui
991 330 1102 370 annis
1129 336 1218 369 ante
1244 330 1450 382 permultis
1482 343 1552 370 ex-

89 394 289 428 cesserant
317 386 458 437 evita,
488 387 617 436 nulla,
647 386 791 437 credo,
821 386 870 425 iis
903 387 1038 425 futura
1070 393 1153 426 erat
1178 386 1426 425 consuetudo
1458 400 1549 426 cum

90 445 265 486 Graecis.
321 442 441 492 Quod
460 443 496 482 si
515 444 580 482 alii
598 443 777 496 juniores
790 473 801 492 ,
835 443 978 495 quibus
997 443 1130 482 eadem
1154 456 1255 496 quae
1276 443 1472 482 veteribus
1502 444 1550 481 il-

88 500 142 540 lis
160 500 343 551 nomina,
371 513 487 538 usum
511 506 551 538 et
576 499 856 538 commercium
883 513 972 539 cum
1008 500 1167 539 Graecis
1190 499 1436 549 habuerunt,
1465 500 1550 539 sine

88 556 215 596 dubio
234 570 372 596 eorum
387 555 546 595 nomina
568 556 764 595 declinata
784 563 874 595 sunt
901 557 951 596 ad
971 570 1149 595 normam
1173 555 1317 596 Graeci
1343 556 1546 599 sermonis.

88 613 154 652 Sic
169 613 338 666 Paralip.
354 627 383 652 1.
401 626 488 666 cap.
510 615 549 655 8.
567 619 626 651 est
647 613 810 665 quidam
833 614 988 655 Ανανία
1018 620 1056 652 et
1075 626 1160 665 cap.
1188 616 1252 655 12.
1275 613 1438 666 Βερχία,
1468 614 1546 663 vel,

88 675 136 708 ut
166 669 210 708 in
240 670 326 709 MS⁰
342 670 466 721 Regio
485 675 556 719 est,
575 670 765 722 Βαραχία.
803 670 947 709 Eadem
971 676 1188 709 occurrunt
1204 669 1359 708 nomina
1381 669 1423 708 in
1441 670 1546 712 Test.

87 725 224 765 Novo·
258 726 409 778 (Syrus
426 725 528 765 enim
556 725 753 778 interpres
774 732 814 766 et
836 726 904 765 hic
922 733 962 766 et
980 727 1065 766 illic
1086 724 1318 772 ΗΙιαηαηίο,
1341 724 1547 776 ΒναεΙιίο)

88 795 180 821 cum
195 782 345 823 Graeca
369 788 502 822 tamen
531 783 829 833 terminatione,
858 785 1064 833 Ανανίας,
1092 783 1303 835 Βαραχίας.
1361 782 1549 822 Similiter

89 838 244 891 antiqui
268 839 331 878 illi
359 836 514 892 Ιακώβ,
546 837 709 891 Ιωσῆφ,
739 837 876 881 Σαουλ
902 846 1096 892 perpetuo
1119 839 1389 878 nominantur:
1415 838 1549 892 junio-

86 908 152 934 res
170 908 291 946 vero,
324 895 393 947 qui
413 909 503 934 cum
530 895 690 935 Graecis
711 910 794 936 rem
817 890 1309 962 habuerunt‚1anmss09‚
1353 891 1548 948 Ιώσηπος,

86 953 260 1000 Σαυλος.
325 952 416 1000 Quo
446 953 627 1018 exemplo
655 953 769 992 etiam
794 949 972 1007 Σισάρας
990 960 1028 992 et
1046 948 1183 1001 Σάλας
1202 958 1242 991 et
1266 949 1400 1001 Φούας
1420 959 1550 992 essent

88 1007 209 1060 dic1i5
237 1009 269 1046 si
290 1007 520 1047 Antiochiae
539 1009 732 1048 vixissent
764 1010 829 1049 vel
858 1009 899 1048 in
926 1010 1002 1048 alia
1034 1008 1172 1062 quavis
1195 1009 1353 1048 civitate
1382 1010 1548 1059 Graeca,

87 1071 128 1104 et
148 1065 374 1103 memoriam
396 1078 530 1105 rerum
557 1072 754 1117 gestarum
778 1066 903 1105 literis
927 1066 1234 1118 consignassent.
1291 1066 1428 1118 Neque
1453 1078 1548 1104 vero

86 1120 244 1160 inficior
263 1123 478 1174 Syrorum,
509 1127 629 1175 atque
660 1122 836 1162 Arabum
865 1124 1023 1162 nomina
1055 1123 1285 1173 frequenter
1310 1123 1351 1160 in
1374 1122 1406 1160 A
1432 1122 1550 1161 litera

86 1177 310 1216 terminari:
339 1185 537 1218 servatam
567 1192 651 1218 esse
680 1194 702 1218 a
726 1179 884 1219 Graecis
915 1193 999 1218 eam
1019 1178 1332 1218 terminationem
1362 1192 1548 1229 pernego.

86 1232 293 1283 Abdum,
320 1233 527 1283 Masalla,
567 1234 765 1288 Taphala.
821 1236 881 1275 lta
911 1236 1071 1288 quidem
1101 1235 1264 1275 Arabes.
1338 1235 1550 1283 Quomodo

87 1297 220 1329 autem
260 1291 432 1330 Graeci?
475 1290 736 1343 Theophanes
773 1305 811 1345 p.
845 1292 942 1335 294.
983 1290 1185 1344 Μουαμὲδ
1210 1290 1235 1332 ό
1270 1294 1344 1332 τοῦ
1374 1293 1548 1344 Αβδελᾶ.

87 1346 195 1386 Perii
211 1347 410 1398 equidem,
438 1347 481 1387 in
507 1347 540 1386 A
565 1347 644 1386 hoc
662 1349 767 1398 exit,
797 1354 836 1386 et
862 1354 1002 1387 contra
1026 1361 1087 1386 me
1108 1348 1216 1388 facit.
1274 1347 1352 1386 Sed
1368 1349 1460 1386 nolo
1479 1362 1548 1387 eos

85 1403 128 1441 in
145 1403 335 1442 laetitiam
353 1404 501 1443 frustra
517 1404 726 1457 conjicere.
783 1404 887 1443 illud
908 1405 1009 1443 enim
1029 1404 1350 1456 perincommode
1371 1404 1549 1443 interve-

85 1459 147 1498 nit
174 1459 321 1499 ibidem
352 1459 378 1502 o‘
399 1461 582 1513 Λβδελᾶς
601 1458 712 1508 υἷος,
742 1467 780 1499 et
806 1461 914 1514 apud
942 1462 1135 1499 Zonaram
1163 1457 1394 1527 Μασαλμας
1424 1477 1445 1501 ο
1467 1463 1550 1501 τῶν

86 1512 266 1568 Λρᾶβων
293 1513 484 1571 ἆρχηγος,
525 1517 634 1569 apud
657 1517 838 1556 Malelam
873 1521 1066 1571 Ταφαρᾶς
1096 1516 1117 1558 ὅ
1146 1513 1358 1569 φύλαρχος.
1401 1517 1548 1556 Eadem

85 1571 186 1612 mihi
204 1572 254 1611 de
273 1573 445 1625 Syriacis
465 1574 691 1612 nominibus
712 1576 905 1613 sententia
934 1580 1004 1612 est.
1041 1573 1306 1640 Porphyrius
1336 1573 1444 1625 apud
1467 1574 1548 1612 Eu-

87 1628 237 1667 sebium
259 1629 466 1680 Scaligeri·
502 1632 748 1682 Πτολεμαῖος
775 1630 818 1670 δὲ
846 1625 1147 1699 ἀγανακτήσας,
1174 1627 1233 1670 ότι
1253 1632 1311 1684 τῷ
1332 1631 1548 1699 Πηλουσίῳ

86 1684 333 1739 προσέβαλεν
353 1685 375 1727 ὁ
395 1683 646 1738 Δημήτριος,
676 1683 744 1727 ἂτε
765 1690 844 1727 τῶν
866 1683 954 1727 κατ’
976 1686 1180 1739 Αἴγυπτον
1199 1702 1442 1739 πραγματων
1469 1684 1549 1739 ἔχο-

87 1756 229 1795 μενος,
249 1741 404 1810 πέμπει
424 1741 586 1795 βασιλέα
606 1745 684 1811 τῆς
705 1744 835 1792 Ασίας
853 1742 1126 1794 Αλέξανδρον,
1168 1758 1223 1791 ως
1252 1740 1345 1783 υἷόν
1374 1741 1549 1792 Αλεξάν-

88 1799 210 1851 δρου,
246 1795 294 1846 ὃς
324 1796 392 1839 δια
425 1797 470 1840 τὸ
506 1796 562 1846 αῖς
590 1794 803 1865 οἷγοραστὸς
842 1796 944 1840 εἶναι
981 1802 1054 1840 τοῦ
1085 1800 1335 1852 Πτολεμαίου
1364 1801 1549 1868 Ζαβινᾶς

86 1850 291 1907 ἐπεκλήθη
311 1852 414 1922 πρός
437 1857 517 1896 τῶν
539 1851 699 1908 Σύρων.
736 1862 776 1896 et
802 1855 1018 1921 Josephus.
1048 1855 1300 1909 Αλέξανδρον
1330 1871 1401 1897 τον
1432 1858 1546 1909 Ζεβι-

86 1913 165 1952 νᾶν
179 1908 464 1966 ἐπιλεγόμενον.
520 1911 569 1950 Et
595 1911 731 1950 eodem
767 1914 921 1951 nomine
942 1912 1215 1951 Antiochensis
1233 1913 1454 1965 Episcopus
1475 1917 1548 1954 Ζε-

88 1969 202 2020 βῖνος
219 1967 466 2020 Nicephoro‚
497 1967 694 2020 Ζέβεννος
714 1967 917 2008 Zebennus
948 1969 1118 2008 Eusebio
1150 1976 1188 2008 et
1209 1969 1452 2021 Hieronymo
1471 1983 1548 2009 vo·-

88 2030 214 2063 catur.
279 2025 402 2076 Atqui
441 2021 657 2091 ἆγοραστὸς
697 2035 844 2079 emptus
872 2025 1034 2078 Syriace
1060 2031 1119 2065 est
1147 2024 1278 2065 Zbino
1306 2027 1372 2065 vel
1402 2025 1545 2065 Zbina.

85 2079 147 2119 Ita
171 2081 320 2119 Graece
353 2081 522 2130 dixeris,
566 2078 745 2132 Ιωαννης
773 2080 1048 2134 ὅΑντιοχεΰς,
1086 2079 1131 2130 ὃς
1165 2080 1230 2122 tito?
1261 2080 1304 2123 τὸ
1336 2080 1547 2136 φιλολόγος
1571 2087 1603 2121 Ο
1629 2088 1674 2123 87

88 2134 191 2178 εἶναι
209 2130 398 2186 Μαλέλας
416 2111 620 2190 ἐπεκλήθη
643 2155 744 2192 προς
763 2154 843 2179 των
859 2135 1024 2193 Σύρων,
1053 2140 1141 2188 vel,
1171 2145 1216 2178 ut
1236 2139 1403 2191 propius
1423 2141 1545 2191 Syro-

85 2206 175 2233 rum
189 2195 559 2247 pronunciationem
580 2195 832 2246 subsequitur
848 2195 1138 2234 Damascenus
1126 2171 1210 2247 ipse
1229 2199 1304 2247 Syr
1307 2209 1365 2246 us,
1396 2192 1541 2236 Μαλα-

85 2253 170 2298 λας.
234 2251 332 2290 Nam
364 2249 523 2291 Malolo
551 2252 615 2289 vel
644 2250 808 2291 Malata
837 2259 894 2292 est
932 2259 1087 2301 orator,
1126 2253 1336 2303 eloquenS,
1376 2251 1539 2303 loquax.

85 2307 176 2346 Non
195 2307 357 2346 difficile
383 2313 442 2346 est
461 2307 686 2359 conjectum
709 2309 885 2360 assequi,
911 2316 1038 2348 utram
1061 2309 1109 2347 ob
1130 2322 1286 2347 causam
1309 2321 1543 2359 cognomen-

86 2369 129 2402 to
157 2364 227 2403 illo
252 2370 388 2402 auctus
418 2365 536 2403 suerit
566 2365 755 2415 Joanne8‚
782 2369 931 2406 Λαλεῖν
957 2364 1132 2418 ἄριστος,
1163 2361 1461 2413 ἀδυνατώτατος
1483 2364 1543 2405 λέ-

85 2434 182 2474 γειν.
249 2421 337 2474 Ipse
369 2420 613 2472 Porphyrius
656 2436 677 2459 a
703 2423 962 2474 popularibus
1000 2422 1079 2459 suis
1110 2422 1220 2473 Syris
1249 2419 1417 2460 Malcho
1457 2421 1540 2459 sive

86 2474 260 2516 Malcho
277 2477 510 2516 vocabatur:
543 2479 690 2516 Graece
718 2492 810 2518 vero
834 2493 914 2518 non
934 2474 1104 2530 Μάλχα,
1145 2478 1212 2515 sed
1246 2474 1426 2528 Μάλχος.
1482 2478 1542 2516 Ita

90 2530 215 2583 Cipha
249 2547 386 2572 saxum
415 2537 586 2585 Κηφᾶς,
629 2534 780 2574 Thomu
815 2536 1000 2587 gemellus
1028 2536 1193 2585 Θωμᾶς,
1235 2540 1271 2572 et
1310 2534 1421 2585 siqua
1448 2539 1542 2572 sunt

72 2588 178 2626 alia.
237 2589 328 2628 Mal.
349 2603 391 2640 p.
417 2590 484 2632 41.
513 2591 707 2643 Λντίοχον
726 2589 795 2634 τόν
821 2592 984 2640 ἐπίκλην
1016 2588 1220 2638 Χούζωνα.
1258 2589 1399 2627 Mirum
1425 2590 1465 2628 ni
1489 2602 1540 2629 ex

86 2644 245 2683 illorum
265 2646 454 2685 sententia
476 2654 773 2696 cognomentum
801 2647 986 2687 Antiochi
1006 2646 1082 2684 fuit
1103 2644 1284 2686 Ghuzona
1304 2659 1397 2684 casu
1414 2652 1540 2696 recto,

85 2707 133 2738 ut
150 2700 331 2740 DIalcla:
362 2715 450 2740 cum
471 2704 586 2743 ambo
618 2705 695 2743 sint
717 2704 1011 2744 Antiochenses.
1071 2702 1177 2750 Quid
1195 2716 1285 2752 ergo
1308 2702 1382 2740 sibi
1399 2705 1540 2742 volunt

86 2758 160 2795 isla
178 2772 216 2809 p-
240 2759 306 2800 65.
340 2759 536 2810 Αντίοχον
554 2758 619 2801 τὸν
639 2757 831 2809 Χούζωνα
849 2759 919 2801 τόν
938 2761 1101 2812 ἔγγονον
1119 2755 1315 2810 Αντιόχου
1339 2761 1414 2799 τοῦ
1435 2755 1540 2799 Χού-

87 2813 242 2863 §tovos-³²
270 2814 388 2863 Quod.
403 2815 436 2853 si
457 2828 738 2870 usquequaque
756 2818 917 2870 Syriaca
938 2816 1094 2855 nomina
1118 2817 1262 2854 imitari
1285 2821 1324 2854 et
1341 2815 1539 2867 exprime-
