1838 3230
250 173 350 218 310
644 161 946 209 IOANNIS
973 163 1313 208 MALALAE

250 302 335 341 γμα
364 282 625 339 Μανιχαῖκὸν
653 282 766 339 παρὰ
794 282 979 339 Πέρσαις
1009 287 1188 327 καλεῖται
1209 281 1316 326 κατὰ
1331 281 1408 338 τὴν
1427 281 1564 326 αὗτῶν
1580 285 1716 340 γλῶσ-

253 370 331 397 σαν
352 352 399 395 τὸ
420 357 502 395 τῶν
524 353 818 407 Δαρισθενῶν,
857 350 879 394 ὃ
902 350 1160 408 ἑρμηνεύεται
1181 352 1228 394 τὸ
1248 355 1322 394 τοῦ
1343 351 1520 407 ἀγαθοῦ.
1541 382 1546 387 -

108 458 141 492 ο
165 454 231 493 411
316 466 319 468 ·
354 441 402 486 ‘O
423 443 468 485 δέ
489 441 613 491 αὐτὸς
631 442 926 497 Διοκλητιανός
942 443 1135 498 βασιλεὺς
1153 443 1313 497 ἐποίησε
1334 441 1511 496 διωγμὸν
1527 457 1715 496 χριστια-

256 516 357 555 νῶν·
393 512 460 553 καὶ
482 508 800 566 ἐτιμωρήθησαν
817 512 959 570 πολλοὶ
977 509 1336 567 μαρτυρήσαντες,
1374 511 1416 552 ἐν
1446 507 1507 559 οἷς
1537 506 1717 565 ἐμαρτύ-

257 595 354 636 ρησε
373 580 438 620 καὶ
459 576 480 620 ὃ
503 576 616 634 ἅγιος
637 581 813 633 Μηνᾶς·
849 580 916 621 καὶ
939 580 983 622 αἱ
1003 580 1207 635 ἐκκλησίαι
1232 579 1277 621 δὲ
1300 578 1622 636 καθῃρέθησαν,
1649 576 1750 619 καὶὸ

257 647 415 690 ἀπειλαὶ
436 646 480 688 δὲ
500 647 566 688 καὶ
589 644 721 702 φόβος
740 641 790 701 ἦν
811 645 951 696 πολύς.

206 749 236 784 Β
356 736 422 779 Ἐν
450 737 494 779 δὲ
523 740 581 794 τῷ
605 734 742 795 χρόνῳ
768 741 851 780 τῶν
866 736 1099 792 Ὀλυμπίων
1120 735 1379 793 κατέφθασεν
1398 736 1439 778 ἐν
1458 735 1678 794 Ἀντιοχείᾳ
1696 732 1718 778 ὃ

258 804 383 855 αὐτὸς
418 804 610 858 βασιλεὺς
638 803 958 860 Διοκλητιανός,
1002 803 1137 848 ἐλθὼν
1169 805 1212 855 ἐξ
1240 802 1466 860 Αἰγύπτου.
1538 805 1604 846 καὶ
1644 806 1719 846 τοῦ

255 873 506 927 Ὀλυμπικοῦ
527 872 681 928 ἀγῶνος
699 873 917 927 μέλλοντος
939 874 1228 925 ἐπιτελεῖσθαι,
1259 870 1425 929 ἐφόρεσε
1442 871 1489 915 τὸ
1512 875 1651 927 σχῆμα
1671 869 1719 913 τὸ

259 946 334 984 τοῦ
357 938 587 997 ἀλυτάρχου
610 939 631 984 ὃ
648 941 840 995 βασιλεὺς
860 939 1166 997 Διοκλητιανός.
1236 939 1310 995 τὴν
1334 941 1379 982 δέ
1406 941 1555 995 στολὴν
1574 937 1596 983 ὃ
1619 936 1719 982 ἆλῦ-
1732 947 1778 982 10

261 1026 413 1064 ταρχος
429 1008 585 1065 ἅσπρον
605 1007 844 1065 ὅλοσηρικὸν
862 1007 1020 1066 ἐφόρει·
1052 1007 1072 1052 ὅ
1093 1009 1137 1051 δέ
1154 1007 1344 1061 βασιλεὺς
1362 1007 1450 1050 ἀντὶ
1470 1012 1542 1051 τοῦ
1562 1006 1723 1064 ὄίσπρου

262 1076 430 1134 ἐφόρεσε
452 1080 718 1133 πορφυροῦν,
754 1077 805 1120 τὰ
826 1079 869 1120 δὲ
890 1078 995 1120 ἄλλα
1015 1075 1149 1120 πάντα
1168 1074 1223 1125 ὥς
1243 1071 1291 1131 ἦν
1315 1075 1414 1126 ἔθος
1434 1080 1492 1135 τῷ
1515 1073 1724 1132 ἀλυτάρχῃ

265 1152 429 1202 φορεῖν,
480 1150 640 1200 κρατῶν
677 1146 751 1200 τὴν
779 1146 890 1202 ἱερὰν
925 1144 1081 1203 ῥάβδον
1109 1146 1175 1187 καὶ
1204 1149 1443 1200 προσκυνῶν
1472 1144 1544 1187 τὸν
1577 1145 1722 1199 δῆμον,

266 1211 471 1270 ἐθεώρησε
490 1213 560 1255 τὸν
575 1213 822 1268 Ὀλυμπικὸν
844 1214 980 1269 ἀγῶνα
1002 1213 1077 1263 τὰς
1096 1213 1382 1267 νενομισμένας
1402 1210 1537 1262 πάσας
1555 1210 1722 1267 ἡμέρας.

266 1283 332 1323 καὶ
351 1282 393 1323 ἐκ
412 1285 495 1323 τῶν
513 1281 793 1335 ἀξιωματικῶν
815 1281 942 1324 αὐτοῦ
964 1279 1214 1337 κατήρχοντό
1234 1298 1337 1330 τινες
1357 1281 1398 1322 ἐν
1419 1287 1505 1330 τοῖς
1525 1280 1722 1334 Ὀλυμπι-
1735 1283 1779 1319 15

265 1356 351 1398 κοΐς
386 1348 536 1404 ἀγῶσιν
567 1347 875 1404 ἐπιδεικνῦμενοι
908 1349 1053 1405 ἀρετῆς
1083 1347 1225 1405 χάριν·
1262 1350 1327 1391 καὶ
1354 1348 1392 1390 οἱ
1419 1350 1494 1403 μὲν
1518 1346 1723 1400 ἐπάλαιον,

215 1427 245 1461 C
269 1417 307 1459 οἳ
330 1417 374 1459 δὲ
396 1415 625 1470 ἐπύκτευον,
658 1417 696 1459 οἶ
716 1418 760 1459 δὲ
777 1419 1108 1473 ἐπαγκρατιάζον,
1141 1417 1178 1458 οἱ
1197 1417 1241 1459 δὲ
1257 1415 1439 1470 ἔτρεχον
1475 1418 1541 1458 καὶ
1562 1422 1646 1466 τοῖς
1664 1433 1725 1457 νι-

266 1489 366 1527 κῶσι
385 1492 547 1542 παρεῖχε
564 1483 719 1541 σᾶκρας
739 1487 806 1528 καὶ
830 1490 928 1528 πᾶσι
950 1485 1080 1528 πολλὰ
1099 1482 1413 1541 ἐφιλοτιμήσατο
1426 1497 1437 1507 ·
1473 1483 1616 1533 καθώς
1634 1485 1725 1526 Δο-

117 1562 151 1597 O
175 1562 244 1599 412
266 1553 455 1607 μετιανός
484 1551 506 1595 ὃ
538 1542 781 1610 σοφώτατος
808 1552 1108 1610 συνεγράψατο.
1179 1554 1246 1595 καὶ
1268 1549 1498 1612 ἀλυτάρχης
1513 1553 1554 1593 ἐν
1570 1551 1723 1594 Ἀντιο-

262 1623 354 1680 χείᾳ
387 1619 408 1664 ὃ
438 1620 562 1670 αὐτὸς
587 1621 882 1677 Διοκλητιανὸς
911 1624 978 1664 καὶ
1005 1621 1260 1675 ἀποθέμενος
1283 1619 1329 1662 τὸ
1355 1619 1564 1674 βασιλικὸν
1587 1625 1781 1674 σχῆμα20

266 1692 332 1732 καὶ
356 1688 460 1743 μετὰ
481 1688 527 1731 τὸ
546 1694 760 1747 πληρῶσαι
789 1689 841 1732 τὰ
866 1687 1070 1742 Ὀλύμπια
1104 1689 1177 1744 οὐχ
1208 1690 1332 1731 εἵλετο
1362 1691 1624 1740 βασιλεῦσαι,
1661 1688 1726 1747 λέ-

265 1774 348 1814 γων
377 1755 440 1800 ὅτι
464 1750 691 1813 Ἀπεθέμην
718 1758 792 1813 τὴν
816 1760 1027 1812 βασιλείαν
1059 1759 1125 1801 καὶ
1151 1754 1328 1815 ἐφόρεσα
1359 1760 1495 1811 σχῆμα
1519 1760 1594 1801 τοῦ
1614 1755 1726 1815 ἀθα-

358 1866 413 1901 19.
436 1865 534 1900 Fort.
554 1861 816 1912 ἄλυταρχήσας.

266 1956 464 2001 profectus,
498 1956 546 1990 ibi
571 1956 672 1991 etiam
696 1956 855 2002 dogmata
884 1969 945 1992 sua
966 1957 1203 1993 disseminavit.
1249 1956 1524 1992 Manichaeorum
1554 1964 1637 1989 vero
1661 1952 1724 1988 do-

267 2001 434 2081 ffima-hgc
456 2001 599 2044 Persae,
633 2002 793 2037 idiomate
816 2015 895 2046 suo,
919 2005 1202 2039 Daristhcnorum
1221 2006 1365 2038 vocant:
1405 2000 1500 2048 quasi
1523 1999 1634 2041 dicas,
1659 2000 1726 2034 Dei

303 2059 359 2081 om
405 2057 423 2079 o
483 2058 513 2080 a.

357 2057 480 2125 Ideugim
473 2091 702 2126 Diocletianus
724 2093 913 2139 Imperator
932 2093 1140 2129 Christianos
1163 2096 1358 2140 persecutus
1381 2095 1452 2134 est3
1476 2101 1618 2135 quorum
1640 2090 1726 2124 mul-

268 2137 298 2171 ti
319 2137 490 2181 Martyrio
514 2138 669 2172 coronati
691 2145 786 2173 sunt:
811 2140 903 2174 inter
926 2152 1009 2184 quos
1031 2140 1097 2174 fuit
1120 2140 1266 2174 Sanctus
1288 2139 1417 2174 Menas.
1465 2135 1560 2177 Quin
1582 2141 1618 2171 et
1639 2140 1726 2170 tem-

268 2183 327 2228 pla
351 2194 465 2216 eorum
488 2193 509 2216 a
530 2182 755 2218 fundamentis
778 2196 898 2220 eversa
920 2190 1016 2220 sunt:
1052 2196 1178 2230 graves
1197 2185 1336 2230 insuper
1357 2183 1488 2225 minae,
1511 2186 1726 2227 terroresque

270 2227 474 2262 Christianis
495 2227 626 2262 incussi.

362 2272 547 2318 olympicis
570 2277 680 2307 autem
703 2274 1073 2319 appropinquantibus,
1108 2275 1300 2319 Imperator
1321 2272 1569 2314 Diocletianus,
1593 2283 1635 2306 ex
1659 2273 1726 2306 Ae-

270 2324 380 2363 gypto
412 2319 625 2352 Antiochiam
655 2318 766 2352 venit:
811 2320 984 2365 Ludisque
1015 2320 1214 2362 celebratis,
1252 2319 1325 2364 ipse
1347 2319 1553 2364 Alytarchae
1576 2317 1726 2352 habitum

270 2363 430 2408 suscepit.
478 2363 586 2398 Moris
609 2367 720 2398 autem
743 2368 838 2406 erat,
860 2370 899 2398 ut
922 2366 1107 2411 Alytarcha
1128 2365 1246 2400 stolam
1269 2364 1396 2406 albam,
1420 2363 1639 2398 holosericam
1663 2375 1725 2408 ge-

269 2414 396 2443 staret:
433 2409 618 2454 imperator
640 2419 745 2450 vero,
776 2420 838 2453 pro
862 2410 960 2450 alba,
998 2422 1200 2456 purpuream
1221 2409 1286 2443 sibi
1307 2409 1470 2454 sumpsit3
1507 2409 1544 2443 in
1581 2408 1725 2442 caeteris

271 2454 424 2488 habitum
444 2455 650 2499 Alytarchae
672 2465 734 2500 per
757 2454 866 2488 omnia
887 2456 1082 2490 referebat:
1104 2466 1299 2499 sacramque
1321 2465 1420 2488 manu
1443 2455 1556 2488 ferens
1580 2454 1724 2499 virgam,

272 2504 308 2531 et
330 2499 488 2544 populum
521 2510 582 2544 pro
607 2511 699 2534 more
721 2504 919 2541 veneratus,
954 2512 1017 2545 per
1041 2501 1111 2535 dies
1143 2500 1342 2535 constitutos
1377 2511 1506 2542 omnes,
1545 2498 1726 2545 Olympica

270 2544 469 2579 Certamina
497 2546 686 2590 spectabat.
731 2545 852 2590 Itaque
875 2557 917 2579 ex
941 2545 1171 2589 Optimatibus
1202 2545 1302 2579 etiam
1326 2546 1396 2589 ejus
1430 2545 1580 2579 nonnulii
1613 2557 1653 2580 eo
1681 2543 1725 2578 ad

270 2589 465 2623 Certamina
482 2593 724 2632 convenerunt,
748 2589 882 2624 virtutis
905 2601 984 2624 suae
1005 2591 1188 2635 specimina
1210 2590 1414 2624 exhibituri:
1439 2602 1580 2635 quorum
1602 2590 1638 2624 hi
1661 2601 1726 2636 pa-

269 2634 407 2676 laestra,
431 2635 481 2668 illi
505 2635 681 2679 pugilatu,
706 2635 766 2669 alii
788 2635 981 2676 Pancratio,
1005 2647 1102 2669 cursu
1124 2647 1207 2670 vero
1231 2635 1288 2668 alii
1312 2636 1546 2670 decertabant.
1607 2636 1726 2670 Victo-

270 2680 364 2713 ribus
388 2684 498 2714 autem
523 2682 650 2714 Sacras
672 2681 789 2723 dedit3
812 2681 1025 2725 omnibusque
1048 2692 1185 2714 munera
1209 2680 1338 2715 affatim
1361 2681 1575 2725 dispertivit,
1598 2680 1649 2715 uti
1671 2691 1725 2715 sa.-

268 2724 489 2768 pientissimus
515 2725 733 2761 Dometianus
756 2727 841 2760 haec
862 2726 990 2781 scripta
1011 2726 1160 2770 reliquit.
1207 2725 1436 2761 Diocletianus
1457 2732 1568 2761 autem
1587 2726 1724 2769 Alytar-

269 2770 333 2801 cha
359 2770 563 2804 Antiochiae
586 2771 712 2812 sactus,
736 2772 992 2817 Imperatorlum
1016 2771 1167 2805 habitum
1191 2771 1364 2816 deposuit:
1388 2784 1451 2806 nec
1472 2771 1624 2817 amplius,
1647 2770 1724 2804 fini-

268 2814 314 2847 tis
338 2814 548 2860 olympicis,
585 2816 807 2862 Imperatorio
829 2816 927 2862 fungi
948 2827 1084 2851 munere
1107 2816 1231 2859 voluit;
1263 2817 1396 2852 diceus:
1436 2818 1581 2863 Imperio
1605 2821 1723 2851 memet
