1838 3230
321 187 420 233 722
901 180 1182 225 BENTLElI

318 297 520 336 bro:1oev
540 290 579 336 δ’
598 293 640 337 ἐν
651 290 822 351 Ομφᾶλῃ
843 293 1064 348 ἐμφανίσας
1081 292 1156 348 τὴν
1172 293 1401 349 Ηρακλέους
1418 292 1675 350 αδδηφαγίαν
1683 295 1771 344 ἔπι-

318 352 451 404 φέρει·
1069 349 1159 393 Τπο
1185 350 1228 392 δὲ
1246 355 1317 404 τῆς
1337 350 1556 405 Εὕφημίας

592 403 788 447 Κατέπινε
814 404 882 446 καὶ
909 403 956 446 τοὶ
986 410 1088 448 κᾶλα
1114 406 1183 448 καὶ
1210 423 1303 457 τους
1335 406 1554 462 ἄνθρακας.

320 463 572 502 Casaubonus
590 462 784 512 corrigere
804 468 966 501 conatus
984 469 1062 510 est,
1087 466 1159 516 τῆς
1174 460 1379 517 εὕφαγίας,
1434 465 1588 504 Nollem
1609 464 1770 506 factum.

318 520 455 571 Neque
484 519 587 557 enim
613 519 820 569 quisquam
850 518 902 556 ita
929 519 1103 557 locutus
1109 526 1187 567 θεῖς
1215 533 1363 571 neque,
1393 520 1426 558 si
1454 520 1573 559 sueiit
1597 521 1769 569 locutus,

320 590 366 614 eo
387 575 505 626 magis
526 574 756 612 conveniret
774 574 869 612 huic
888 575 999 624 loco;
1030 575 1123 626 quia
1142 576 1291 627 syllaba
1311 576 1482 614 secunda
1504 577 1608 615 soret
1627 577 1767 616 brevis.

317 631 426 669 Nihil
447 632 576 682 aptius
592 629 807 680 excogitari
820 636 952 682 potest
970 634 1039 682 τῆς
1050 632 1274 683 βουλιμίας·
1305 631 1402 670 adeo
1421 633 1616 683 quadrant
1627 632 1770 681 omnia,

318 687 554 734 similitudo,
585 699 786 735 mensura,
817 686 1018 727 sententia.
1074 687 1188 726 Libet
1211 687 1312 726 illud
1343 688 1482 727 afferre
1509 701 1599 726 cum
1625 688 1771 741 proba-

315 743 432 782 tionis
450 749 534 781 tum
550 741 644 780 boni
659 742 798 780 ominis
820 756 957 791 causa,

588 796 678 845 Εξω
707 813 780 838 ταν
810 795 1016 851 βούλιμον,
1053 796 1127 838 ε’σω
1155 796 1227 839 τάν
1254 799 1551 852 πλουθυγίειαν.

316 853 445 906 Atque
462 852 560 891 haec
577 853 733 905 quidem
757 853 804 892 de
825 853 1017 906 Omphale
1047 855 1306 918 scripseram3
1337 868 1425 893 cum
1443 855 1584 894 Strabo
1603 853 1701 892 mihi.
1719 853 1770 892 ad

316 924 476 948 manum
494 923 573 948 non
598 916 710 949 esset.
769 911 1026 961 Posteaquam
1047 911 1161 961 copia
1181 912 1284 949 facta
1305 917 1362 948 est
1385 924 1470 950 eum
1491 902 1672 958 adeundi,
1699 909 1769 948 de-

315 967 481 1005 lectatus
512 979 596 1004 sum
630 965 712 1016 ejus
743 965 929 1016 suffiagio
958 966 1180 1004 confiimari
1199 967 1427 1006 sententiam
1450 980 1585 1006 meam.
1642 966 1772 1004 Verba

191 1027 224 1060 Ο
247 1027 292 1063 57
316 1029 410 1060 sunt
428 1021 783 1070 lib.1.de1nsu1is‚
810 1035 908 1073 quae
930 1023 1143 1061 continenti
1162 1023 1357 1074 quondam
1371 1021 1638 1090 adhaerentes,
1657 1028 1769 1074 post-

315 1092 359 1116 ea
377 1078 565 1116 interfuso
586 1077 685 1116 mari
713 1078 872 1116 avulsae
892 1084 995 1118 sunt.
1055 1081 1132 1118 Ιων
1157 1077 1200 1119 δὲ
1229 1078 1319 1132 περὶ
1342 1081 1414 1131 τῆς
1435 1074 1614 1131 Ευβοίας
1644 1077 1769 1130 φησὶν

315 1133 358 1176 ἐν
381 1129 554 1188 Ομφᾶλῃ
576 1137 778 1201 Σατυρεῖς.

588 1185 773 1240 Ευβοΐδα
801 1186 883 1255 μὲν
899 1190 976 1257 γῆν
1004 1186 1139 1237 λεπτὸς
1166 1185 1353 1259 Ευρίπου
1380 1185 1538 1230 κλύδων

587 1245 780 1292 Βοιωτίας
809 1241 963 1296 Quint&
989 1240 1129 1311 ἀκτῆς,
1169 1243 1342 1298 ἔκτεμων

591 1297 703 1352 Πρὸς
733 1303 872 1352 Κρῆτα
900 1296 1102 1352 πορθμόν.

316 1355 469 1394 Locum
500 1353 625 1404 hunc,
654 1356 709 1392 ait
733 1355 1003 1404 casaubonus,
1035 1354 1282 1406 depravatum
1314 1370 1390 1394 esse
1409 1370 1560 1394 monere
1582 1369 1768 1409 possum.-

317 1409 518 1449 emendare
534 1424 610 1448 non
639 1425 794 1462 possum
812 1411 892 1449 sine
913 1425 983 1463 ope
1003 1409 1194 1449 codicum.
1252 1412 1332 1461 Ego
1354 1424 1448 1449 vero
1469 1412 1586 1449 nullis
1609 1412 1767 1462 adjutus

319 1466 542 1513 codicibus,
572 1465 648 1503 nisi
668 1472 792 1504 tamen
812 1466 854 1503 in
869 1466 1062 1515 integrum
1086 1466 1315 1514 restituer03
1355 1466 1454 1504 nihil
1476 1467 1688 1518 deprecor,
1717 1480 1768 1505 ne

319 1521 485 1560 dentatis
505 1521 739 1560 criticorum
756 1521 902 1560 chartis
922 1527 961 1560 et
981 1521 1120 1559 canina
1144 1521 1368 1572 eloquentia
1390 1523 1634 1561 conscindat.
1666 1559 1669 1563 ,
1690 1523 1768 1562 Le-

318 1590 367 1629 go
387 1583 513 1616 autem
537 1576 612 1616 sic:

589 1628 774 1685 Εὗβοΐδοι
802 1630 874 1684 μὲν
902 1634 978 1700 γῆν
1005 1628 1144 1679 λεπτος
1171 1628 1356 1684 Εὐρίπου
1380 1629 1540 1675 κλύδων

590 1690 782 1736 Βοιωτίας
808 1683 974 1740 ἐχώρισζ
1005 1685 1130 1740 ἇκτὴν
1153 1685 1324 1741 ἐκτεμαίν

594 1746 805 1797 Προβλῆτα
832 1746 1026 1800 πορθμῷ·

321 1800 511 1839 Homerus
534 1800 607 1841 Od.
630 1815 659 1840 ε.

593 1851 691 1895 Αλλ’
711 1851 825 1896 vincul.
843 1856 1062 1910 προβλῆτες
1078 1854 1191 1902 ἕσαν,
1221 1852 1404 1904 σπιλάδες
1426 1870 1488 1907 τε,
1515 1852 1637 1911 πάγοι
1654 1871 1708 1900 τε.

322 1916 359 1949 et
374 1910 521 1962 hymno
549 1912 591 1949 in
613 1911 832 1950 Bacchum:

593 1989 649 1998 —-
676 1989 732 1998 --
760 1970 822 2016 Ως
850 1963 979 2019 ἐφάνη
1007 1965 1113 2020 παρὰ
1139 1964 1232 2008 θῖν’
1256 1965 1350 2015 onds
1378 1964 1599 2022 ἀτρυγέτοιο

593 2026 708 2078 Ακτῇ
736 2023 801 2063 ἐπὶ
827 2025 1032 2075 προβλῆτι.

323 2077 403 2116 Nec
429 2077 556 2115 minus
582 2085 688 2116 recte
709 2079 809 2117 illud
836 2083 1020 2134 πορθμῳ.
1077 2079 1213 2131 Pomp.
1245 2079 1363 2117 Mela·
1395 2078 1524 2117 Sicilia
1554 2078 1764 2129 aliquando

323 2133 537 2182 continens,
566 2141 605 2172 et
621 2147 713 2184 agro
730 2134 866 2172 Brutio
891 2135 1054 2183 adnexa,
1085 2142 1175 2186 post
1185 2133 1298 2190 freto
1316 2135 1432 2173 maris
1450 2134 1572 2172 Siculi
1593 2133 1766 2172 abscissa

324 2195 395 2228 est.
458 2189 565 2227 Idem
594 2190 842 2228 Casaubonus
872 2191 965 2240 legit
998 2187 1167 2245 Ομφάλῃ
1200 2193 1422 2245 Σατυρικῇ,
1465 2190 1529 2228 vel
1558 2192 1766 2243 Σατυρικῷ

324 2244 508 2283 videlicet
534 2242 715 2299 δράματι·
745 2259 833 2283 nam
865 2246 967 2284 Ionis
997 2246 1247 2299 Omphalam,
1276 2253 1322 2284 ut
1350 2222 1515 2293 Achaei,
1544 2246 1763 2295 satyricam

326 2300 448 2338 fuisse
466 2307 591 2352 putat
648 2302 783 2340 Postea
803 2308 929 2338 tamen
951 2303 1093 2340 oblitus
1114 2309 1171 2340 est
1189 2301 1307 2352 hujus
1324 2301 1422 2350 loci,
1453 2314 1540 2338 cum
1561 2303 1764 2340 aureolum

326 2356 439 2394 illum
469 2356 647 2395 libellum
675 2358 722 2395 de
752 2358 926 2408 Satyrica
956 2358 1185 2408 composuit.
1242 2357 1308 2395 Sic
1334 2357 1434 2395 enim
1458 2363 1591 2394 narrat
1611 2370 1649 2407 p.
1672 2360 1763 2398 186.

330 2410 546 2463 Scripserat
564 2423 599 2450 et
617 2410 689 2451 Ion
712 2410 826 2451 Chius
852 2422 965 2464 poeta
987 2414 1157 2465 tragicus
1179 2411 1409 2465 Omphalam
1423 2429 1437 2452 .·
1475 2410 1540 2449 sed
1563 2410 1606 2449 id
1624 2409 1763 2450 drama

316 2465 449 2521 fuisse
477 2465 695 2518 Satyricum
725 2482 910 2520 nusquam
940 2466 1035 2519 lego.
1092 2469 1152 2506 Tu
1178 2482 1314 2506 revoca
1341 2470 1382 2505 in
1412 2467 1633 2505 memoriam
1665 2479 1765 2518 quae

329 2522 555 2572 scripsimus
578 2537 698 2574 supra
722 2523 888 2575 paullo
877 2537 916 2560 m
943 2522 1018 2560 hac
1037 2524 1232 2574 Epistola,
1263 2530 1299 2561 et
1318 2523 1398 2561 sine
1417 2523 1663 2561 cunctatione
1682 2523 1766 2573 lege

328 2575 372 2616 ἐν
401 2576 570 2641 Ομφαλῃ
600 2575 802 2629 Σατυροις.
858 2578 964 2617 Illud
989 2579 1103 2616 etiam
1126 2579 1358 2622 notandum,
1391 2592 1480 2616 cum
1511 2591 1671 2616 numero
1691 2579 1766 2616 sin-

328 2631 452 2682 gulari
484 2633 666 2685 conjungi
696 2630 922 2686 Σατυρους·
961 2634 1071 2685 cujus
1094 2635 1152 2672 rei
1179 2635 1396 2685 exemplum
1415 2640 1510 2674 tunc
1531 2648 1611 2671 non
1626 2633 1765 2670 habui-

327 2700 429 2728 mus.
488 2689 553 2726 Sic
582 2689 852 2741 Lycophronis
878 2688 1118 2741 Μενέδημον
1148 2688 1351 2741 Σατυρους
1367 2690 1527 2727 laudant
1543 2689 1763 2727 Athenaeus

329 2748 368 2791 et
386 2744 574 2784 Laertius.
609 2746 770 2796 Jamque
788 2743 900 2784 eliam
918 2745 957 2783 in
974 2745 1196 2783 memmiam
1211 2746 1330 2783 redeo
1350 2745 1538 2783 luculenti
1557 2745 1636 2783 loci
1656 2742 1763 2795 apud

330 2798 519 2838 Galenum
546 2800 691 2840 Comm.
713 2815 742 2839 1.
765 2801 815 2840 ad
834 2815 890 2842 vl.
914 2801 1169 2853 Επιδημιῶν·
1209 2801 1276 2839 ubi
1305 2800 1520 2853 Sophocles
1549 2800 1691 2839 citatur
1720 2798 1761 2836 in
