1838 3230
276 169 376 216 332
583 190 588 196 ·
670 160 963 207 IOANNIS
991 162 1333 210 MALALA-1E

242 300 244 305 ·
277 287 413 341 σωθῇ,
436 279 640 337 ἐδώκαμεν
651 280 758 338 ἡμᾶς
773 281 945 332 ἑαυτοὺς
960 284 1015 332 εἷς
1030 280 1216 326 θάνατον
1230 283 1296 323 καὶ
1313 278 1593 336 ἓπλανήσαμεν
1603 279 1732 336 ὖμᾶς·

277 353 368 395 ἰδοὺ
390 352 428 395 οἳ
449 353 592 394 δοῦλοί
605 368 679 394 σου
699 348 970 404 ἀπεθάνομεν.
1040 353 1106 393 καὶ
1127 350 1346 400 ἀπεδέξατο
1365 347 1514 400 αὐτούς
1524 381 1544 403 ‚v
1573 349 1632 406 μὴ
1653 366 1734 407 φο-

273 419 418 470 νεύσας
435 418 599 470 αὐτούς,
637 418 741 460 ἀλλὰ
761 419 859 468 δοὺς
877 417 995 474 λόγον
1017 418 1170 472 αὐτοῖς,
1195 420 1265 461 ἵνα
1289 415 1492 472 ἐκβάλωσι
1513 418 1585 461 τὸν
1603 434 1732 476 στρα-

273 488 344 532 τὸν
370 490 412 530 ἐκ
435 492 507 542 τῆς
532 485 682 542 ἐρήμου
705 485 858 542 χώρας.

377 554 462 599 Καὶ
490 558 578 609 περὶ
608 554 718 609 ὥραν
749 555 939 611 δευτέραν
964 559 1038 609 τῆς
1059 554 1186 610 αὖτῆς
1202 552 1355 611 ἡμέρας
1375 552 1395 596 ὅ
1415 552 1606 608 βασιλεῦς
1626 551 1764 612 Ἴου-5

148 636 182 669 0
206 637 250 671 21
275 623 412 672 λιανός
439 623 595 679 παριών
624 623 669 665 τό
702 622 935 678 στράτευμα
962 625 1028 666 καὶ
1059 626 1259 665 δυσωπῶν
1290 622 1440 672 αὐτοὺς
1462 621 1520 677 μὴ
1548 618 1735 671 ἀτάκτως

234 709 237 711 “
276 692 476 748 φέρεσθαι
508 688 672 747 ἐτρώθη
704 690 888 745 ἀδήλως·
925 693 990 734 καὶ
1009 691 1203 734 εἰσελθών
1229 693 1284 740 εἷς
1303 690 1374 732 τὸν
1394 690 1496 732 ἴδιον
1517 693 1734 734 παπυλεῶ-

220 773 252 807 Β
275 778 326 803 να
357 759 424 802 διὰ
452 763 524 812 τῆς
556 759 700 808 νυκτὸς
730 763 920 819 τελευτᾷ,
959 757 1056 808 ὥςό
1087 758 1437 815 προγεγραμμένος
1462 756 1632 814 Μάγνος
1649 757 1733 808 ἐξέ-

272 832 388 871 θετο.
459 827 708 882 Εὗτυχιανὸς
727 829 770 870 δὲ
791 826 811 870 ὃ
827 825 1109 884 χρονογράφος
1141 825 1162 868 ὃ
1183 825 1440 879 Καππάδοξ,
1479 823 1733 881 στρατιώτης

275 895 332 940 ὢν
353 897 420 938 καὶ
441 894 626 951 βικάριος
645 901 718 938 τοῦ
741 898 845 939 ἰδίου
877 896 1059 952 ἀριθμοῦ
1087 899 1167 938 τῶν
1195 898 1612 951 Πριμοαρμενιακῶν,
1648 910 1729 935 πα-
1743 904 1787 937 10

274 964 358 1021 ρῶν
376 965 443 1006 καὶ
465 963 587 1014 αὐτὸς
604 965 645 1007 ἐν
664 968 722 1022 τῷ
743 964 919 1022 πολέμῳ,
950 962 1232 1020 συνεγράψατο
1255 961 1316 1005 ὅτι
1336 963 1548 1005 κατελθών
1567 959 1589 1005 ὅ
1607 961 1732 1014 αὐτὸς

273 1032 465 1086 βασιλεὺς
483 1032 703 1082 Ἰουλιανὸς
725 1032 854 1087 μονὰς
872 1030 916 1074 ιε’
937 1033 999 1074 ἐπὶ
1021 1032 1071 1074 τὰ
1091 1031 1276 1088 Περσικὰ
1306 1031 1409 1087 με’ρη
1446 1030 1514 1073 διὰ
1540 1034 1614 1072 τοῦ
1645 1029 1731 1073 Εὖ-

275 1099 435 1157 φράτου
457 1102 621 1155 εἲσῆλθε
642 1102 706 1142 καὶ
730 1101 946 1157 ἐπικρατὴς
975 1099 1183 1156 γενόμενος
1203 1101 1268 1142 καὶ
1289 1097 1454 1153 νικήσας
1473 1096 1630 1147 πάντας
1649 1115 1731 1141 πα-

275 1169 442 1224 ρέλαβεν
477 1169 551 1218 ἕως
582 1167 736 1219 πόλεως
762 1168 976 1224 λεγομένης
1005 1172 1324 1225 Κτησιφῶντος,
1355 1167 1458 1210 ἔνθα
1489 1164 1510 1210 ὅ
1539 1165 1731 1219 βασιλεῦς

149 1243 183 1276 O
205 1243 252 1278 22
274 1240 449 1293 Περσῶν
481 1235 659 1291 ἐκάθητο
672 1270 685 1289 ,
720 1238 868 1280 ἐκείνου
888 1235 1087 1292 φυγόντος
1105 1238 1168 1279 ἐπὶ
1187 1236 1239 1278 τοὶ
1262 1235 1365 1291 με’ρη
1384 1239 1465 1278 τῶν
1483 1237 1729 1290 Περσαρμε-
1741 1243 1784 1279 15

273 1306 391 1357 νίων,
429 1306 496 1346 καὶ
523 1304 774 1359 βουλομένου
805 1305 907 1359 μετὰ
939 1309 1012 1359 τῆς
1039 1306 1144 1354 ἰδίας
1176 1302 1402 1359 συγκλήτου
1422 1305 1489 1344 καὶ
1509 1306 1581 1345 τοῦ
1602 1319 1731 1357 στρα-

226 1401 228 1403 -
272 1377 347 1415 τοῦ
379 1372 506 1415 αὐτοῦ
543 1372 635 1427 ἄχρι
675 1377 748 1427 τῆς
779 1376 1030 1426 Βαβυλῶνος
1065 1376 1115 1429 τῇ
1147 1370 1237 1426 ἑξῆς
1269 1370 1446 1427 ὁρμῆσαι
1474 1372 1540 1412 καὶ
1575 1367 1730 1424 ταύτην
1781 1424 1783 1426 ¹

271 1444 524 1497 παραλαβεῖν
546 1441 612 1482 διὰ
632 1445 706 1496 τῆς
726 1437 900 1491 νυκτός(
947 1443 1011 1483 καὶ
1033 1438 1087 1490 ὥς
1108 1437 1323 1491 καθεύδει,
1361 1437 1462 1481 εἶδεν
1487 1439 1528 1480 ἓν
1552 1435 1732 1494 δράματί

221 1521 252 1555 c
275 1526 367 1551 τινα
387 1508 533 1551 τέλειον
553 1508 684 1562 ἄνδρα
704 1509 961 1563 ἐνδεδυμένον
993 1507 1119 1562 ζάβαν
1140 1509 1207 1550 καὶ
1229 1504 1466 1550 εἰσελθόντα
1484 1505 1586 1562 πρὸς
1604 1504 1728 1548 αὐτὸν

273 1579 330 1626 εἷς
349 1576 421 1619 τὸν
451 1581 694 1619 παπυλεῶνα
722 1577 850 1619 αὐτοῦ
882 1578 1051 1632 πλησίον
1079 1580 1154 1631 τῆς
1181 1573 1335 1624 πόλεως
1359 1577 1658 1630 Κτησιφῶντος
1683 1573 1724 1615 ἓν
1737 1585 1784 1618 20

272 1643 385 1688 πόλει
414 1645 605 1702 λεγομένῃ
628 1645 743 1706 Ἀσία
775 1642 845 1687 καῖ
868 1643 1098 1701 κρούσαντα
1120 1643 1244 1686 αὐτὸν
1269 1641 1415 1699 λόγχῃ·
1450 1644 1517 1684 καὶ
1535 1642 1728 1696 πτοηθεὶς

273 1715 496 1768 ἐξυπνίσθη
526 1711 698 1769 κράξας·
735 1715 802 1755 καὶ
833 1713 1101 1768 ἐξανέστησαν
1131 1712 1169 1754 οἳ
1198 1708 1521 1766 κουβικουλάριοι
1549 1709 1728 1763 εὐνοῦχοι

273 1783 341 1823 καὶ
370 1780 595 1838 σπαθάριοι
622 1783 687 1824 καὶ
720 1779 741 1824 ὃ
772 1780 947 1838 στρατὸς
978 1779 998 1824 ὃ
1033 1778 1248 1838 φυλάττων
1266 1779 1336 1821 τὸν
1358 1782 1623 1829 παπυλεῶνα,
1660 1778 1730 1828 καὶ

273 1848 524 1900 εἷσελθόντες
555 1850 656 1908 πρὸς
689 1849 813 1893 αὐτὸν
838 1850 941 1905 μετὰ
967 1847 1193 1904 λαμπάδων
1211 1851 1457 1901 βασιλικῶν·
1491 1847 1558 1889 καὶ
1577 1861 1726 1903 προσε-

217 2020 219 2022 ·
277 2003 358 2044 dos,
382 2004 546 2045 fraudem
565 2004 634 2039 illis
645 2005 793 2048 fecisse‚·
825 2006 913 2039 Ecce
931 2006 1047 2047 etiam,
1070 2003 1240 2046 dicentes,
1273 2004 1321 2038 ad
1337 2005 1477 2038 mortem
1494 1999 1616 2045 parati
1636 1999 1726 2033 servi

273 2049 344 2101 tui..
383 2048 527 2093 Accepit
551 2061 609 2084 eos
629 2051 832 2096 Imperator,
865 2050 1040 2094 salvosque
1062 2050 1138 2084 fore
1160 2050 1230 2084 fide
1251 2049 1334 2084 data
1356 2046 1518 2094 promisit,
1539 2044 1639 2079 modo
1665 2055 1726 2078 ex-

275 2097 419 2127 ercitum
440 2105 536 2127 suum
558 2107 601 2128 ex
624 2096 756 2130 deserto
779 2096 836 2130 illo
860 2096 1079 2130 deducerent.

366 2139 468 2172 Circa
490 2140 606 2174 horam
628 2152 708 2174 vero
733 2141 800 2175 diei
833 2142 1012 2175 secundam
1042 2140 1190 2175 Julianus
1226 2138 1361 2173 interim
1393 2136 1469 2171 dum
1494 2136 1639 2170 lustrato
1658 2146 1725 2172 ,ex-

275 2184 386 2218 ercitu
406 2184 541 2219 militem
564 2198 600 2220 se
631 2185 804 2220 continere
826 2188 1046 2228 hortaretur,
1087 2187 1129 2220 ab
1152 2187 1283 2220 incerta
1305 2194 1404 2218 manu
1428 2182 1626 2217 vulneratus
1649 2186 1723 2215 est:

275 2234 312 2263 et
334 2229 369 2263 in
392 2230 572 2264 tentorium
595 2242 687 2265 suum
710 2243 746 2264 se
769 2232 954 2277 recipiens,
978 2232 1094 2266 eadem
1118 2236 1216 2265 nocte
1239 2235 1387 2264 mortuus
1410 2232 1479 2261 est:
1514 2226 1566 2261 uti
1588 2226 1723 2271 scriptis

274 2275 427 2320 prodidit
449 2277 594 2320 Magnus
625 2276 844 2320 supradictus.
893 2278 1127 2322 Eutychianus
1150 2280 1261 2311 autem
1285 2273 1591 2318 chronographus,
1628 2273 1724 2316 Cap-

274 2321 409 2365 padox,
443 2321 503 2366 qui
525 2326 559 2355 et
580 2321 699 2362 Miles,
730 2327 766 2355 et
791 2322 942 2356 Vicarius
965 2324 1136 2357 cohortem
1165 2333 1255 2356 suam
1278 2318 1612 2354 Primoarmeniorum
1633 2317 1724 2351 bello

273 2366 339 2399 hoc
362 2366 479 2407 duxit,
503 2367 663 2411 scriptum
685 2366 846 2412 reliquit;
888 2369 1129 2413 Imperatorem
1149 2367 1337 2406 Julianum,
1361 2375 1490 2398 emenso
1512 2374 1570 2396 xv.
1593 2362 1724 2397 dierum

274 2411 418 2454 itinere,
451 2411 486 2446 in
508 2413 661 2456 regiones
684 2412 837 2447 Persicas
860 2424 921 2457 per
945 2414 1154 2458 Euphratem
1182 2417 1392 2456 penetrasse:
1430 2409 1489 2443 ubi
1509 2408 1598 2442 bello
1621 2419 1723 2453 supe-

272 2456 345 2490 rior
366 2457 487 2499 factus,
511 2463 547 2492 et
565 2457 689 2503 ubique
705 2457 827 2498 victor,
851 2458 960 2491 omnia
977 2458 1122 2502 subegit,
1146 2458 1295 2501 adusque
1317 2454 1569 2500 Ctesiphontem
1592 2454 1722 2495 urbem,

271 2501 372 2546 regni
402 2503 533 2537 Persici
563 2503 676 2537 sedem
707 2503 872 2547 Regiam3
917 2504 1011 2547 Rege
1034 2503 1106 2547 ipso
1129 2504 1166 2537 in
1197 2500 1460 2536 Persarmeniam
1491 2501 1574 2544 fuga
1595 2499 1723 2544 elapso.

271 2548 445 2592 Sequente
478 2554 591 2582 autem
622 2548 697 2590 die,
731 2548 935 2583 Primoribus
959 2553 994 2582 et
1017 2549 1166 2582 exercitu
1188 2547 1352 2592 stipatus,
1385 2545 1593 2590 Babylonem
1615 2556 1723 2589 usque

271 2596 454 2638 penetrare
477 2594 724 2638 destinaverat,
749 2595 863 2628 urbem
887 2605 959 2628 eam
983 2594 1027 2627 de
1048 2599 1149 2628 nocte
1172 2602 1396 2638 aggressurus.
1441 2591 1534 2625 Inter
1556 2589 1724 2624 dormien-

234 2662 238 2664 ἡ
271 2638 349 2672 dum
374 2651 477 2681 vero,
513 2651 576 2685 per
605 2651 751 2674 somnum
772 2639 861 2674 vidit
882 2639 991 2674 virum
1023 2639 1188 2683 quendam
1220 2637 1388 2679 adultum,
1425 2636 1533 2671 lorica
1554 2635 1720 2676 indutum,

272 2684 332 2727 qui
354 2684 536 2719 tentorium
558 2685 702 2729 Regium
723 2685 760 2719 in
781 2684 879 2726 Asia,
907 2685 992 2718 urbe
1016 2683 1230 2729 ctesiphonti
1252 2682 1385 2724 vicina,
1420 2686 1568 2716 erectum
1589 2681 1720 2724 ingres-

273 2740 345 2770 sus»,
370 2730 470 2764 hasta
491 2742 565 2764 eum
588 2730 762 2775 percussit.
808 2731 884 2775 Ipse
906 2732 1034 2770 autem,
1058 2730 1199 2763 horrore
1222 2729 1501 2773 expergefactus,
1524 2726 1720 2761 exclamita-

271 2785 330 2807 re=
355 2775 531 2809 confestim
553 2775 671 2820 itaque
694 2780 934 2820 consurgentes
957 2774 1165 2809 Cubicularii
1186 2774 1341 2808 Eunuchi
1363 2777 1399 2807 et
1421 2772 1617 2818 Spatharii,
1644 2769 1719 2823 qui-

274 2830 342 2864 que
365 2821 410 2855 ad
432 2821 614 2856 tentorium
646 2822 736 2867 regis
759 2820 919 2857 excubias
942 2821 1089 2866 agebant
1111 2820 1252 2862 milites,
1294 2830 1367 2854 cum
1388 2818 1595 2864 lampadibus
1617 2826 1720 2861 regns
