1838 3230
343 186 441 234 684
931 183 1202 230 BENTLEII
1217 187 1219 190 ’

338 296 546 364 ἐγέννησεν
573 297 680 354 (leg.
700 297 936 369 ἐγέννησας)
965 297 1104 342 θεόν”
1084 315 1199 351 οντα,
1226 299 1302 355 τὴν
1323 301 1464 346 ουσίαν
1479 305 1526 348 ἐκ
1543 307 1617 359 τῆς
1639 302 1789 358 ουσίας,

339 369 387 422 ες
412 365 484 394 σου
513 358 585 396 τοῦ
610 370 758 408 πατρος
777 353 853 408 τήν
871 351 1010 397 εἰκόνα
1033 356 1103 397 καὶ
1131 356 1229 410 (leg.
1239 357 1370 425 κατα)
1397 363 1480 402 πᾶν
1505 361 1650 432 ὁμοίαν
1667 362 1790 430 φέρει,

338 421 438 450 ωστε
460 410 609 459 ἐκεῖνος
636 410 679 451 ἐν
699 422 780 460 σοι,
810 409 860 452 συ
883 409 926 453 δὲ
953 411 996 452 ἐν
1012 411 1169 468 ἐκείνω,
1197 410 1341 463 κάλλος
1367 415 1577 483 ἔσοπτρον·
1605 414 1791 472 άλληλευ-

338 480 515 519 φραντον
533 462 762 521 πρόσωπον.
802 468 902 520 (leg.
920 453 1277 522 άλληλευφράντων
1294 469 1560 525 προσώπων.)

1032 547 1091 586 ΙΙ.

782 615 864 654 Τοῦ
895 609 1022 655 αυτοῦ
1049 613 1138 669 περὶ
1171 610 1352 669 Τριάδος.

449 681 514 720 Ην
533 681 620 731 φῶς
645 677 785 765 νοερὸν
807 680 852 722 ἐκ
879 678 1030 733 φωτὸς,
1058 688 1103 722 ut
1118 681 1226 735 apud
1246 682 1426 724 Malelam
1446 684 1642 726 habentur
1660 699 1702 739 p.
1722 689 1788 730 29.

1017 748 1108 789 111.

821 817 905 856 Του
933 810 1058 856 αὐτοῦ
1086 813 1311 870 Προσευχή.

452 879 603 934 Ορκίζω
623 891 686 932 σε,
716 877 894 936 Ου’ρανὲ,
922 885 1027 924 θεοῦ
1047 880 1219 938 μεγάλου
1238 890 1314 925 etc.
1371 883 1471 924 vide
1486 883 1575 924 Mal.
1589 897 1631 937 p.
1651 886 1718 928 30.

1024 949 1100 991 IV.

912 1015 1208 1070 Αριστοτέλους.

445 1077 660 1134 Ακάματος
677 1078 800 1134 φύσις
815 1085 922 1124 θεοῦ
930 1114 942 1134 ,
970 1082 1157 1137 γενέσεως
1174 1099 1252 1127 ουκ
1271 1080 1457 1138 ἔχουσα’
1429 1082 1576 1140 αρχὴν,
1603 1083 1645 1135 ἐξ
1662 1080 1789 1149 αὕτῆς

334 1132 375 1175 δ’
395 1135 420 1177 6
435 1136 668 1192 πανσθενης
689 1135 877 1181 ουσίωται
903 1136 1032 1194 λόγος.

1034 1207 1081 1247 V.

836 1269 1023 1322 Σόλωνος
1058 1275 1285 1327 Αθηναίου.

447 1333 533 1378 Ουκ
562 1335 728 1389 ἐφικτόν
759 1340 828 1391 μοί
859 1340 938 1381 ἐστι
962 1343 1086 1382 ταῦτα
1113 1341 1211 1395 πρὸς
1231 1339 1434 1411 άμυήτους
1454 1342 1602 1393 εἰπεῖν,
1631 1339 1788 1385 ουτεὶδὲ

332 1406 517 1459 φανερως
547 1393 826 1460 παραθέσθαι·
870 1394 975 1448 πλην
1004 1399 1076 1437 τοῦ
1106 1402 1215 1438 νοεῖν
1255 1395 1438 1440 ἀκούεται
1450 1399 1564 1480 *(183.
1594 1401 1653 1452 τῷ
1677 1402 1787 1439 νοεῖν

331 1444 560 1500 ἀκούετε)
549 1446 606 1489 ότι
636 1448 752 1499 οὗτός
773 1451 877 1492 ἐστιν
908 1451 930 1493 6
947 1449 1034 1492 κατ’
1053 1449 1225 1520 ουρανόν
1257 1451 1473 1522 μεγάλου*
1496 1451 1643 1523 φλογος
1659 1452 1786 1520 υπερ-

333 1501 508 1571 βάλλων,
540 1502 587 1546 ὃν
609 1505 819 1571 τρέμουσιν
848 1504 1015 1560 ουρανοὶ
1041 1505 1135 1561 γαῖά
1154 1524 1195 1550 τε
1224 1509 1292 1550 καὶ
1307 1507 1506 1560 θάλαττα,
1535 1505 1784 1563 αὐτοπάτωρ,

331 1556 518 1615 άπάτωρ,
546 1558 781 1616 τρισόλβιος.
838 1564 981 1603 Confer
1000 1563 1099 1603 haec
1114 1578 1204 1605 cum
1222 1565 1423 1607 Malelanis
1441 1581 1482 1620 p.
1493 1541 1567 1609 79.

1024 1631 1098 1672 VI.

926 1698 1188 1740 Θουκυδίδου.

450 1759 501 1803 T6
514 1763 560 1804 ἓν
578 1763 667 1817 τρία
698 1761 765 1804 καὶ
786 1760 833 1803 τὰ
852 1764 941 1819 τρία
959 1765 1027 1813 ἓν,
1058 1763 1234 1821 ὄὶσαρκον
1252 1763 1518 1820 προσωπικόν.
1577 1767 1638 1819 Γῆ
1657 1763 1786 1808 τέτοκα

331 1816 398 1861 τὸν
417 1815 594 1873 ουρανοῦ
611 1816 842 1874 γεννήτορα-

231 1893 262 1926 O
287 1892 308 1926 8
1002 1888 1106 1929 VII.

963 1956 1152 2006 Χιλωνος

447 2015 575 2067 Γόνος
602 2019 646 2061 ἐκ
671 2017 794 2074 γόνου
816 2020 1020 2063 κατελθων
1049 2021 1217 2093 γόνιμον
1235 2019 1346 2075 υδωρ
1361 2021 1531 2073 ἐποίησε.
1595 2017 1648 2061 T6
1666 2018 1785 2089 ὑπέρ-

335 2090 451 2115 τατον
481 2078 560 2115 τῶν
581 2072 686 2116 όλων
715 2077 842 2118 αἴτιον
863 2077 1076 2120 ἐπινοεῖται
1103 2077 1153 2121 ου’
1174 2078 1277 2131 φωτὶ
1293 2077 1360 2119 καὶ
1379 2074 1591 2131 πνεύματι,
1619 2071 1708 2117 ἄλλ’
1727 2091 1783 2124 ως

333 2128 494 2172 πάντων
512 2128 610 2179 θεός
633 2131 701 2172 καὶ
717 2148 856 2186 κυριος
873 2134 941 2175 καὶ
959 2133 1101 2189 πατήρ.

995 2200 1123 2241 VIII.

922 2265 1189 2323 Πλουτάρχου

447 2333 482 2372 Ο
510 2328 678 2380 παλαιός
701 2328 810 2381 νέος,
840 2330 907 2372 καὶ
937 2331 961 2373 6
988 2334 1077 2385 νέος
1105 2331 1284 2390 ἀρχαῖος,
1314 2332 1340 2374 6
1369 2329 1496 2385 πατηρ
1511 2329 1647 2385 γόνος,
1673 2331 1741 2374 καὶ
1763 2331 1783 2374 6

334 2383 453 2441 γόνος
478 2385 620 2442 πατήρ.

236 2467 265 2500 v
289 2467 311 2501 7
1018 2455 1097 2495 IX.

655 2518 848 2574 Αντιόχου
880 2524 1122 2573 Κολοφῶνος
1149 2521 1241 2576 περὶ
1273 2517 1452 2575 Τριάδος.

552 2590 618 2628 Ην
639 2590 737 2635 νοῦς
753 2582 811 2635 εἷς
828 2582 988 2628 πάντων
1010 2584 1244 2657 νοεροὶτερος
1262 2596 1280 2618 *
1303 2588 1340 2628 εί
1356 2587 1400 2628 δέ
1422 2603 1464 2643 γε
1483 2587 1587 2630 ἔστιν

555 2646 638 2684 Του
660 2641 739 2684 άπο
759 2641 995 2712 παγγενέτης
1016 2641 1150 2698 νοερὸς
1167 2642 1278 2697 λόγος
1297 2641 1469 2694 ἄφθιτος
1487 2644 1566 2686 αἰεὶ

556 2696 650 2747 Τῖὀς
666 2695 924 2768 άπαυγασμός
946 2701 1090 2752 νοεροῦ
1107 2698 1270 2753 πατρὸς,
1299 2696 1400 2748 εἷς”
1374 2717 1456 2752 αμα
1471 2716 1601 2770 πατρι,

556 2758 619 2794 Εν
636 2752 708 2807 μὲν
729 2754 969 2824 έπωνυμίῃ*
990 2755 1026 2795 εἰ
1043 2753 1086 2795 δέ
1104 2770 1147 2808 γε
1170 2755 1274 2796 ἔστιν
1294 2771 1347 2804 ως
1367 2753 1445 2798 dud
1467 2753 1628 2823 πατρός,

557 2807 633 2860 Εἷς
649 2808 692 2851 δὲ
711 2808 840 2854 πέλων
861 2808 934 2854 συν
956 2810 1074 2864 πατρὶ
1093 2809 1159 2853 καὶ
1178 2811 1218 2862 ἐξ
1237 2809 1324 2861 §.vag
1345 2808 1422 2865 εἷς,
1451 2814 1522 2866 μία
1541 2808 1667 2861 τάξις,
