1838 3230
271 199 371 246 292
667 191 960 237 IOANNIS
989 193 1330 238 MALALAE

272 313 348 370 εἶχε
369 315 415 358 τὸ
439 311 634 371 πρότερον
657 312 678 355 ὅ
698 310 837 366 τόπος,
876 314 940 355 καὶ
959 313 1103 366 οὐκέτι,
1130 312 1186 363 ὥς
1208 310 1314 356 εἶπεν
1337 310 1358 355 ὅ
1381 310 1586 367 βασιλεύς,
1609 313 1663 362 εἷς
1683 313 1731 356 τὸ

271 384 375 426 ἴδιον
395 383 521 425 αὐτοῦ
542 382 671 435 ὄνομα
693 380 862 423 ἐκάλουν
885 381 984 423 αὐτὸ
1005 380 1215 437 Σεβήριον.
1286 379 1307 424 ὅ
1330 382 1375 423 δὲ
1392 381 1582 435 βασιλεὺς
1598 381 1732 436 Σέβη-

274 468 346 508 ρος
376 451 423 493 τὸ
451 448 741 507 Τετράστῳον,
775 443 896 505 οἷπερ
925 450 966 492 ἓν
997 451 1107 507 μέσῳ
1137 451 1282 492 ἵστατο
1304 447 1330 504 ἦ
1349 447 1477 504 στήλη
1499 453 1574 491 τοῦ
1597 446 1727 504 ἡλίου,

269 519 500 576 προσέθηκε
520 517 566 559 τὸ
588 515 783 571 δημόσιον
802 516 823 559 ὃ
843 517 993 559 ἔκτισεν
1016 515 1162 571 αὐτός,
1201 517 1286 559 ἀντ’
1310 517 1436 560 αὐτοῦ
1459 518 1598 567 κτίσας
1619 517 1660 560 ἕν
1679 521 1731 573 τῇ

130 597 159 630 V
183 597 248 632 125
273 584 486 643 ἀκροπόλει
499 589 570 639 τῆς
584 585 708 640 αὐτῆς
723 583 1013 637 Βυζουπόλεως
1027 584 1138 638 ναόν,
1155 585 1245 641 ἤτοι
1258 583 1379 642 ἱερόν,
1400 583 1605 644 τῷἹ-Ιλίῳ,
1626 589 1729 640 πλη-
1741 595 1773 630 5,.

271 656 359 697 σίον
390 657 472 696 τῶν
502 652 631 695 ὄντων
660 655 743 695 ἐκεῖ
774 653 910 696 ἄλλων
950 651 1023 695 δύο
1053 654 1169 709 ἱερῶν
1203 658 1284 696 τῶν
1316 655 1565 696 κτισθέντιον.
1591 651 1732 711 πρῴην

270 721 349 764 ὑπὸ
381 723 454 776 μὲν
488 719 623 772 Βύζου
656 725 707 778 τῇ
735 721 936 778 Ἀρτέμιδι
967 721 1041 764 σὺν
1074 726 1123 779 τῇ
1158 720 1317 779 ἐλάφῳ,
1347 720 1426 764 ὑπὸ
1461 722 1505 763 δὲ
1533 722 1733 770 (Ιὶιὸαλίας

264 789 487 847 Ἀφροδίτῃ
505 803 514 812 ·
569 790 635 831 καὶ
673 788 885 845 ἀναγαγών
919 790 962 830 ἐκ
995 793 1069 831 τοῦ
1112 788 1381 847 Τετραστῴου
1414 787 1435 831 ὃ
1469 789 1653 846 Σέβηρος
1685 789 1732 831 τὸ

272 858 436 914 ι’ίγαλμα
459 861 532 899 τοῦ
550 854 692 898 ἸΙλίου
722 857 887 912 ἔστησεν
920 856 1080 900 ἄνωθεν
1101 862 1172 899 τοῦ
1202 858 1308 914 ἱεροῦ
1319 891 1331 910 ,
1370 859 1434 900 καὶ
1455 859 1593 906 κτίσας
1615 855 1636 899 ὃ
1656 856 1733 899 αὗ-

269 926 343 975 τὸς
362 925 553 977 βασιλεὺς
569 927 635 967 καὶ
655 926 864 968 κατέναντι
881 929 954 967 τοῦ
972 925 1079 982 ἲεροῦ
1096 930 1168 980 τῆς
1177 925 1408 982 Ἀρτέμιδος
1427 923 1612 981 κυνήγιον
1627 925 1729 981 μέγα
1743 935 1787 968 10

272 991 404 1045 πάνυ,
441 995 507 1035 καὶ
530 993 741 1035 κατέναντι
763 998 836 1036 τοῦ
860 994 966 1049 ἱεροῦ
992 998 1064 1047 τῆς
1086 993 1328 1050 Ἀφροδίτης
1353 994 1544 1049 θέατρον.
1615 993 1661 1035 τὸ
1687 993 1732 1035 δὲ

128 1073 160 1106 o
185 1073 254 1110 386
272 1060 449 1104 Ἱππικὸν
471 1060 636 1116 ἔστησεν
656 1064 711 1110 εἷς
729 1061 775 1104 τὸ
804 1061 904 1104 αὐτὸ
926 1060 1148 1113 Βυζάντιον
1168 1060 1188 1104 ὅ
1211 1062 1334 1118 αὐτὸς
1362 1059 1577 1110 θειότατος
1598 1061 1732 1115 Σέβη-

274 1146 345 1186 ρος
380 1127 586 1186 ἀγοράσας
621 1128 835 1184 οἲκήματα,
875 1131 942 1171 καὶ
971 1129 1043 1172 τὸν
1072 1135 1200 1185 κῆπον
1232 1130 1303 1172 τὸν
1334 1128 1432 1172 ὄντα
1458 1127 1736 1185 ἓκδενδρώσας

273 1198 434 1251 ἐποίησε
463 1196 510 1238 τὸ
537 1195 716 1239 Ἱππικὸν
746 1205 832 1247 τοῖς
859 1199 1118 1248 Βυζαντίοις·
1152 1196 1249 1254 ὅπερ
1286 1197 1359 1240 οὐκ
1385 1197 1544 1254 ἔφθασε
1564 1200 1733 1252 πληρῶ-

274 1281 355 1308 σαι.
402 1266 468 1306 καὶ
487 1264 533 1306 τὸ
555 1266 598 1306 δὲ
617 1263 825 1320 λεγόμενον
842 1264 1092 1320 Στρατήγιον
1113 1265 1326 1308 ἀνενὲωσεν
1344 1263 1365 1308 ὃ
1386 1265 1510 1315 αὐτὸς
1527 1265 1728 1322 Σίβηρος·
1745 1275 1785 1308 15

218 1348 250 1382 Β
274 1330 414 1391 πρῴην
434 1332 510 1388 γὰρ
530 1327 578 1385 ἦν
595 1334 760 1374 κτισθὲν
779 1331 858 1374 ὕπὸ
872 1332 1138 1388 Ἀλεξάνδρου
1157 1338 1229 1376 τοῦ
1249 1331 1505 1385 Μακεδόνος,
1544 1331 1610 1375 ὅτε
1627 1332 1731 1375 κατὰ

269 1401 451 1456 Δαρείου
477 1398 812 1456 ἐπεστράτευσεν,
848 1399 893 1449 ὃς
925 1402 990 1442 καὶ
1022 1399 1180 1443 ἐκάλεσε
1215 1401 1286 1443 τὸν
1308 1399 1432 1443 τόπον
1457 1398 1730 1455 Στρατήγιον·

273 1471 355 1511 ε’κεΐ
373 1467 450 1523 γὰρ
472 1466 757 1524 στρατηγήσας
777 1468 832 1510 τὰ.
848 1472 920 1510 τοῦ
940 1469 1117 1522 πολέμου
1139 1468 1324 1526 ὥρμησεν
1343 1470 1398 1518 εἷς
1416 1468 1461 1511 τὸ
1479 1469 1605 1524 πέραν
1627 1467 1731 1510 κατὰ

272 1540 461 1593 Περσῶν.

368 1603 457 1645 Ἐπὶ
478 1604 522 1645 δὲ
538 1607 611 1658 τῆς
627 1604 836 1657 βασιλείας
854 1608 926 1647 τοῦ
949 1603 1075 1647 αὐτοῦ
1097 1602 1280 1659 Σεβήρου
1306 1600 1547 1659 ἐτυράννησε
1567 1604 1633 1645 καὶ
1655 1602 1729 1645 ἄλ-
1740 1612 1788 1645 20

274 1676 346 1720 λος
367 1672 628 1726 συγκλητικὸς
649 1673 773 1729 Νίγερ
795 1689 856 1721 τις
878 1670 1060 1726 ὀνόματι,
1085 1672 1295 1715 κατελθών
1317 1672 1421 1714 κατὰ
1434 1675 1630 1727 Περσῶν·
1666 1672 1733 1713 καὶ

271 1739 374 1793 μετὰ
394 1739 442 1782 τὸ
466 1744 631 1794 ποιῆσαι
652 1738 786 1782 πάκτα
818 1738 978 1797 εἰρήνης
1000 1741 1102 1797 πρὸς
1120 1740 1287 1797 Πέρσας
1315 1737 1493 1788 ἀκοίσας
1516 1737 1538 1782 ὃ
1557 1738 1734 1796 στρατὸς

363 1870 397 1908 3.
437 1865 550 1915 οὗπερ
582 1869 666 1911 Ch„
701 1868 789 1914 ὅπερ
822 1870 912 1911 Ox.,
943 1868 1037 1907 ὅπου
1062 1871 1188 1905 Chron.
1212 1862 1391 1916 Pasch.'p.
1414 1871 1491 1906 265.
1517 1869 1557 1903 C.
1604 1869 1730 1903 Confe-

362 1917 485 1950 rendus
510 1928 582 1950 cum
606 1915 657 1949 his
682 1919 717 1949 et
739 1916 954 1961 sequentibus
977 1917 1099 1951 Suidas
1123 1929 1154 1951 v.
1181 1918 1357 1962 Σεβῆρος.
1466 1917 1500 1951 5.
1537 1912 1731 1958 ἀκροπόλει

364 1960 510 2003 chron„
543 1960 771 2004 ἀκροπόλεως
796 1963 864 1995 Ox.
980 1965 1013 1998 7.
1053 1963 1246 2007 Φιδαλίας]
1279 1960 1499 1995 Scribendum
1526 1961 1729 2000 Φιδαλείας.

366 2007 464 2039 Cous.
498 2008 703 2051 epigramma
735 2007 823 2052 apud
855 2008 1058 2052 Hesychium
1091 2009 1257 2043 Illusttem
1281 2019 1314 2054 p.
1343 2009 1399 2043 70.
1424 2008 1486 2042 Or.
1521 2007 1731 2047 Φειδαλείας

364 2051 524 2097 scriptum
549 2053 641 2097 apud
665 2052 858 2087 Cedrenum
879 2066 912 2099 p.
936 2055 1013 2089 323.
1039 2054 1078 2087 C.

273 2166 415 2209 perator
438 2168 548 2197 autem
571 2164 718 2200 Severus
741 2166 958 2201 Tetrastoum
981 2167 1066 2208 hoc,
1111 2168 1203 2211 cujus
1224 2166 1260 2200 in
1280 2164 1387 2200 medio
1409 2164 1476 2198 sita
1505 2164 1618 2198 fuerat
1638 2165 1731 2199 Solis

274 2215 408 2251 statua,
432 2209 559 2243 Balneo
584 2210 716 2254 publico
741 2223 761 2244 a
784 2224 820 2245 se
844 2216 997 2246 extructo
1021 2212 1165 2257 adjecit:
1191 2213 1284 2255 cujus
1307 2211 1342 2244 in
1363 2210 1490 2250 locum,
1514 2210 1550 2243 in
1573 2210 1648 2255 ipsa
1669 2221 1730 2243 ur-

275 2254 328 2288 bis
350 2255 556 2295 summitate,
595 2255 752 2299 templum
779 2268 914 2302 quoque
937 2257 1011 2291 Soli
1034 2258 1162 2298 erexit,
1197 2257 1321 2301 (cujus
1341 2255 1378 2289 in
1400 2266 1524 2289 summo
1548 2255 1635 2289 Solis
1657 2260 1730 2289 sta-

276 2304 383 2340 tuam,
407 2311 448 2333 ex
472 2300 655 2334 Tetrastoo
679 2300 865 2335 detractam
888 2303 1112 2347 collocavitz)
1135 2303 1169 2336 in
1188 2301 1374 2346 propinquo
1399 2300 1526 2334 duobus
1541 2300 1617 2342 illis,
1640 2311 1728 2345 quae

277 2345 353 2378 olim
376 2345 562 2379 ibi-erecta
583 2346 729 2386 fuerant,
753 2346 818 2380 hoc
840 2348 975 2391 quidem
999 2361 1019 2382 a
1043 2350 1151 2393 Byzo,
1175 2348 1310 2382 Dianae
1335 2347 1499 2380 vervinae
1521 2357 1662 2387 sacrum,
1685 2346 1728 2379 ii-

276 2390 335 2423 lud
368 2402 389 2423 a
421 2389 593 2432 Phidalia,
629 2390 769 2424 Veneris
802 2391 837 2424 in
861 2394 1030 2428 honorem.
1088 2394 1119 2427 E
1143 2393 1281 2437 regione
1304 2396 1412 2426 autem
1435 2391 1567 2424 Dianae
1589 2391 1728 2437 templo,

278 2435 466 2479 Cynegium
490 2436 589 2480 plane
611 2447 774 2479 magnum,
799 2437 941 2472 Veneris
965 2444 1077 2473 autem
1099 2439 1169 2473 fani
1193 2450 1235 2471 ex
1258 2437 1411 2482 opposito
1431 2437 1622 2470 Theatrum
1645 2448 1727 2471 con-

279 2480 378 2514 didit.
424 2480 516 2514 Idem
540 2480 755 2515 divinissimus
778 2481 945 2525 Severus,
981 2484 1120 2518 aedibus
1144 2482 1323 2527 coemptis,
1359 2484 1527 2527 hortoque
1549 2482 1727 2526 adjacente

279 2525 459 2559 arboribus
485 2526 675 2568 denudato,
707 2526 974 2572 Hippodromum
998 2529 1046 2563 ibi
1069 2528 1264 2574 Byzantinis
1288 2528 1458 2562 extruxit:
1495 2539 1592 2572 quem
1614 2531 1727 2562 tamen

278 2570 322 2604 ad
346 2571 472 2604 exitum
495 2582 563 2605 non
583 2572 752 2617 perduxit.
786 2572 996 2617 Strategium
1020 2586 1153 2619 quoque
1176 2574 1320 2607 Severus
1342 2573 1557 2614 instauravit,
1580 2574 1624 2607 ab
1646 2573 1727 2607 Ale-

277 2615 408 2649 xandro
432 2615 621 2651 Macedone
654 2617 751 2659 olim,
786 2628 860 2652 cum
889 2619 1047 2652 adversus
1070 2619 1208 2654 Darium
1233 2630 1325 2652 arma
1355 2618 1480 2659 movit,
1515 2622 1725 2653 extructum:

277 2660 343 2694 hoc
365 2661 495 2695 nomine
519 2662 625 2696 eidem
648 2662 776 2703 indito,
815 2675 855 2698 eo
879 2663 971 2708 quod
1000 2664 1140 2707 exhinc,
1179 2664 1237 2698 ubi
1259 2664 1295 2697 in
1316 2665 1440 2699 bellum
1462 2664 1632 2698 Persicum
1653 2674 1726 2697 sese

276 2709 439 2749 parasset,
462 2707 599 2750 trajecit
622 2709 816 2742 exercitum.

310 2794 318 2802 ⁸
368 2751 525 2794 Ejusdem
548 2753 668 2787 Severi
690 2754 904 2799 temporibus,
928 2754 1103 2800 imperium
1122 2753 1186 2788 sibi
1210 2754 1355 2800 arripuit
1376 2755 1522 2788 Senator
1545 2754 1639 2795 alius,
1662 2763 1727 2786 no-

277 2804 365 2828 mme
387 2796 517 2840 Niger,
548 2797 582 2831 in
605 2798 724 2832 Persas
755 2799 934 2835 exercitum
957 2800 1100 2834 ducens:
1144 2799 1336 2844 quibuscum
1366 2800 1458 2844 pacis
1481 2798 1725 2834 conditionibus

277 2838 388 2882 initis,
421 2843 607 2885 exercitus,
642 2843 758 2879 audito
783 2856 856 2880 eum
879 2857 900 2882 a
923 2846 1119 2892 quibusdam
1151 2857 1192 2881 ex
1216 2846 1346 2881 Senatu
1368 2846 1516 2881 Romano
1540 2845 1727 2891 Imperato-
