1838 3230
236 179 331 229 198
629 171 926 218 loANle
953 140 1287 217 MALALA'E

233 299 392 349 κρατεῖν
421 294 488 336 καὶ
514 289 740 348 βασιλεύειν
769 291 965 336 Σέλευκον
994 292 1067 336 τὸν
1097 288 1338 350 Νικάτορα·
1374 290 1485 342 ὅστις
1517 293 1584 335 καὶ
1614 295 1688 347 τῆς

226 361 366 411 Ἀσίας
392 361 624 416 ἐβασίλευσε
654 358 855 418 φονεύσας
876 361 948 404 τὸν
970 360 1209 417 Ἀντίγονον.
1279 357 1456 416 πόλεμον
1473 359 1550 417 γὰρ
1573 361 1691 404 συνέ·
1734 399 1737 404 .

232 433 333 486 βαλε
360 429 444 484 μετ’
477 430 603 472 αὐτοῦ
615 461 627 481 ,
663 426 766 471 διότι
793 428 919 472 ἔκτισε
948 426 1064 472 πόλιν
1085 429 1255 484 πλησίον
1276 433 1350 483 τῆς
1368 430 1511 484 λίμνης
1527 429 1595 471 καὶ
1614 432 1688 472 τοῦ

233 502 421 552 ποταμοῦ
445 501 518 540 τοῦ
537 495 789 553 Δράκοντος,
808 496 949 552 ἥντινα
972 496 1153 540 ἐκάλεσεν
1165 498 1424 553 Ἀντιγονίαν.
1492 498 1560 539 καὶ
1578 493 1690 552 νική-

238 580 316 615 σας
343 565 468 608 αὐτὸν
496 563 516 607 ὃ
544 565 739 615 Σέλευκος
761 564 879 618 ἔλαβε
895 567 960 608 καὶ
983 567 1056 622 τὴν
1079 565 1218 609 Ἀσίαν
1238 570 1375 608 πᾶσαν
1394 566 1461 607 καὶ
1479 562 1613 608 πάντα
1638 565 1725 611 τὰό

239 633 485 690 διαφέροντα
505 637 579 676 τοῦ
607 632 733 676 αὐτοῦ
753 632 993 690 Ἀντιγόνου.
1065 633 1175 683 ὅστις
1196 634 1390 683 Σέλευκος
1411 633 1602 688 ἐπέτρεψε
1619 636 1695 688 τῆς

237 702 488 757 σατραπείας
516 701 590 756 τὴν
624 702 825 758 φροντίδα
853 700 988 757 πάσης
1007 707 1081 757 τῆς
1096 702 1233 751 Ἀσίας
1251 702 1349 757 ἔχειν
1370 699 1607 756 Νικομήδην
1626 702 1695 744 καὶ

236 767 463 824 Νικάνορα,
482 769 578 819 τοὺς
597 777 793 826 συγγενεῖς
813 770 956 822 αὐτοῦ,
979 771 1094 820 υἱοὺς
1111 772 1155 813 δὲ
1174 770 1397 824 Διδυμέας,
1423 769 1602 827 ἀδελφῆς
1620 773 1695 812 τοῦ

239 836 368 879 αὐτοῦ
385 835 597 882 Σελεύκου.
667 836 689 881 ὅ
710 839 754 880 δὲ
776 838 900 889 αὐτὸς
923 839 1118 889 Σέλευκος
1136 837 1157 882 ὃ
1176 837 1368 895 Νικάτωρ
1386 838 1505 891 ἔλαβε
1525 844 1695 894 γυναῖκα

241 905 282 947 ἓν
304 909 362 963 τῷ
382 906 544 964 πολέμῳ
566 906 647 949 ἀπὸ
667 905 858 964 Πάρθων
888 906 1056 960 ὀνόματι
1079 905 1265 961 Ἀπάμαν
1291 906 1521 962 παρθένον·
1553 904 1696 962 ἥντινα
1706 914 1751 949 10

187 979 221 1013 Ε
245 973 390 1030 ἐπῆρεν
418 973 570 1017 ἀνελὼν
600 975 672 1018 τὸν
695 975 852 1032 πατέρα
884 975 1010 1030 αὐτῆς
1041 975 1306 1030 Πιθαμένην,
1342 973 1440 1017 ὄντα
1470 975 1698 1031 στρατηγὸν

100 1047 132 1083 Ο
156 1048 224 1086 253
244 1040 440 1098 ·Πάρθων
466 1042 604 1098 με’γαν.
676 1043 745 1099 ἀφ’
766 1038 816 1099 ἧς
832 1042 1015 1097 Ἀπάμας
1034 1043 1144 1098 ἴσχεν
1164 1041 1184 1086 ὃ
1209 1043 1331 1092 αὐτὸς
1351 1043 1546 1092 Σέλευκος
1563 1046 1699 1098 θυγα-

241 1109 362 1166 τέρας
379 1108 471 1163 δύο,
491 1108 678 1166 Ἀπάμαν
693 1113 759 1154 καὶ
780 1114 1010 1167 Λαοδίκην.
1083 1113 1147 1153 καὶ
1166 1109 1462 1166 τελευτησάσης
1480 1114 1554 1165 τῆς
1571 1110 1698 1153 αὐτοῦ

241 1178 428 1234 γυναικὸς
440 1177 625 1232 Ἀπάμας
640 1183 713 1234 τῆς
728 1181 769 1223 ἐκ
782 1178 988 1236 Πάρθων,
1014 1179 1201 1235 ἓωρακώς
1219 1180 1405 1236 ἐφίλησεν
1425 1178 1551 1234 ἄλλην
1561 1182 1699 1235 Στρα-

242 1247 404 1302 τονίκην
418 1244 600 1301 ὀνόματι,
625 1245 749 1304 κόρην
769 1248 944 1303 εὐπρεπῆ
965 1246 1086 1300 πάνυ,
1110 1248 1320 1304 θυγατέρα
1331 1248 1588 1303 Δημητρίου,
1607 1247 1699 1289 υἱοῦ
1713 1255 1755 1291 15

235 1313 466 1371 Ἀντιγόνου
496 1319 569 1357 τοῦ
597 1316 811 1371 λεγομένου
834 1320 1118 1371 Πολιορκητοῦ
1143 1320 1214 1358 τοῦ
1243 1316 1515 1372 φονευθέντος
1532 1313 1597 1357 ὕπ’
1623 1314 1700 1357 αὗ-

243 1387 318 1425 τοῧ
330 1416 343 1435 ,
378 1381 517 1437 ἥντινα
545 1377 666 1439 ηὗρεν
696 1382 716 1426 ὃ
748 1384 943 1433 Σέλευκος
967 1385 1008 1426 ἐν
1032 1382 1170 1441 Ῥώσῳ
1190 1384 1468 1439 κρυπτομένην
1483 1383 1586 1436 μετὰ
1608 1385 1701 1436 Λη-

126 1458 158 1492 V
181 1457 226 1496 84
247 1451 421 1507 μητριόυ
451 1454 525 1493 τοῦ
555 1451 709 1508 πατρὸς
737 1451 884 1506 αὐτῆς·
920 1452 994 1507 τὴν
1018 1453 1062 1494 δὲ
1077 1450 1227 1494 Ῥῶσον
1253 1450 1368 1494 πόλιν
1395 1451 1521 1494 ἔκτισε
1542 1447 1700 1501 Κίλιξὸ

245 1519 334 1568 υἱὸς
360 1516 587 1575 Ἀγήνορος.
659 1518 681 1562 ὃ
721 1520 766 1562 δὲ
803 1520 998 1569 Σέλευκος
1035 1519 1123 1574 ἴσχε
1158 1519 1368 1576 θυγατέρα
1398 1520 1440 1569 ἐξ
1473 1518 1600 1574 αὐτῆς
1630 1522 1703 1572 τῆς

248 1588 524 1643 Στρατονίκης
553 1584 722 1641 ὀνόματι
754 1589 898 1631 Φίλαν.
982 1589 1049 1631 καὶ
1078 1587 1220 1630 λοιπὸν
1248 1589 1502 1641 ἐβασίλευσεν
1531 1585 1552 1628 ὅ
1580 1586 1758 1635 ‹ai-taffo

249 1656 443 1704 Σέλευκος
469 1659 544 1709 τῆς
574 1652 728 1711 Συρίας
757 1657 823 1698 καὶ
853 1660 928 1711 τῆς
955 1655 1095 1705 Ἀσίας
1114 1653 1247 1712 πάσης
1269 1657 1336 1701 καὶ
1360 1659 1432 1711 τῆς
1452 1658 1704 1710 Βαβυλῶνος

248 1724 315 1769 καὶ
335 1724 618 1778 Παλαιστίνης
641 1723 710 1778 ἔτη
729 1722 807 1780 μγ’.

345 1788 394 1834 ‘0
422 1792 467 1834 δὲ
494 1789 688 1849 Νικάτωρ
719 1793 913 1842 Σέλευκος
940 1791 1094 1842 εὐθέως
1119 1791 1222 1847 μετὰ
1249 1790 1323 1846 τὴν
1352 1791 1464 1846 νίκην
1479 1787 1705 1846 Ἀντιγόνου

342 1911 375 1948 1.
396 1909 587 1956 Νικάτορα
610 1911 687 1951 Ch„
711 1909 906 1954 Νικάνορα
928 1912 996 1946 Ox.
1089 1913 1123 1947 7.
1146 1912 1368 1957 σατραπείας
1388 1911 1468 1953 Ch,
1491 1909 1706 1956 Σατραπίας

343 1956 411 1992 Ox.
503 1959 558 1993 11.
584 1955 817 2003 Πνθαμένην]
841 1958 938 1994 Fort.
960 1956 1216 2004 Σπιθαμένην.

251 2067 342 2092 rem:
365 2056 443 2102 qui,
467 2058 638 2103 Antigono
664 2060 794 2103 occiso,
819 2060 1044 2095 Asiae‘etiam
1066 2072 1207 2106 regnum
1229 2058 1423 2105 occupavit.
1467 2058 1596 2092 Bellum
1620 2057 1707 2093 enim

253 2101 285 2135 'ei
307 2102 440 2148 intulit,
465 2115 505 2137 eo
530 2106 618 2149 quod
643 2117 750 2151 prope
772 2113 926 2151 stagnum
948 2111 984 2141 et
1007 2106 1146 2141 fluvium
1167 2107 1379 2146 Draconem,
1408 2104 1525 2138 urbem
1548 2109 1708 2138 extruxe-

251 2152 327 2190 rat,
352 2160 449 2195 quam
472 2150 687 2195 Antigoniam
711 2151 903 2186 nominavit.
938 2151 1084 2186 Devicto
1109 2155 1219 2185 autem
1242 2150 1429 2194 Antigono,
1454 2154 1559 2183 totam
1582 2149 1708 2185 invasit

252 2194 364 2228 Asiam
386 2194 566 2237 Seleucus,
602 2201 637 2229 et
660 2197 748 2230 bona
771 2197 934 2242 Antigoni
957 2198 1067 2232 omnia
1098 2195 1250 2243 diripuit.
1295 2196 1491 2230 Praefectos
1516 2200 1627 2229 autem
1650 2201 1708 2230 to-

253 2238 322 2272 tius
345 2239 444 2273 Asiae
476 2241 649 2275 constituit
685 2242 844 2278 Seleucus
874 2243 1094 2278 Nicomedem
1126 2247 1161 2276 et
1182 2241 1408 2282 Nicanorem,
1443 2240 1707 2284 consanguineos

253 2295 350 2325 suos,
389 2286 512 2323 sororis
534 2298 614 2321 suae
636 2286 824 2340 Didymeae
849 2288 947 2323 filios.
994 2289 1155 2323 Seleucus
1179 2292 1289 2322 autem
1314 2287 1461 2320 Nicator
1485 2297 1622 2320 uxorem
1644 2284 1708 2320 sibi

251 2334 434 2374 acceperat
457 2330 491 2364 in
515 2331 602 2366 bello
626 2331 789 2376 virginem
813 2333 1027 2375 Parthicam,
1063 2333 1195 2369 nomine
1217 2335 1386 2376 Apamen:
1424 2342 1522 2374 quam
1545 2331 1624 2364 inde
1648 2343 1707 2364 oc·-

254 2374 322 2410 oiso
347 2379 446 2420 patre
476 2377 569 2420 ejus,
603 2377 801 2413 Pithamene
823 2383 969 2420 vocato,
1005 2379 1119 2423 magni
1142 2377 1280 2413 nominis
1313 2378 1403 2412 inter
1427 2377 1573 2413 Parthos
1608 2375 1707 2418 duce,

253 2431 365 2454 secum
389 2421 540 2457 abduxit.
586 2422 641 2456 Ex
665 2434 705 2458 ea
728 2423 890 2457 Seleucus
914 2423 998 2457 duas
1021 2424 1139 2458 habuit
1160 2423 1262 2465 filias,
1286 2424 1446 2467 Apamam
1470 2426 1506 2455 et
1523 2421 1708 2457 Laodicen.

254 2466 384 2510 Apama
407 2472 520 2501 autem
543 2479 668 2510 uxore,
700 2480 798 2514 quam
821 2480 862 2502 ex
885 2468 1023 2503 Parthis
1044 2469 1145 2509 tulit,
1169 2469 1249 2502 satis
1271 2468 1451 2508 defuncta,
1476 2467 1615 2501 alterius
1637 2471 1710 2501 sta-

253 2510 313 2544 tim
345 2512 476 2555 puellae
509 2525 622 2548 amore
653 2518 826 2560 correptus
848 2518 918 2555 est,
957 2514 1089 2548 nomine
1121 2513 1353 2553 Stratonices,
1391 2512 1556 2556 elegantis
1579 2514 1710 2546 formae

254 2555 405 2599 virginis.
453 2557 541 2592 Filia
564 2562 640 2593 erat
663 2559 749 2594 haec
771 2558 950 2598 Demetrii,
986 2559 1145 2603 Antigoni
1171 2558 1389 2599 Poliorcetis,
1425 2569 1522 2603 quem
1546 2558 1710 2592 Seleucus

254 2599 496 2644 interfecerat,
545 2604 618 2637 filii.
690 2604 860 2649 Virginem
892 2604 978 2639 hanc
1007 2604 1181 2638 invenerat
1213 2604 1374 2639 Seleucus
1408 2603 1443 2636 in
1468 2605 1552 2638 urbe
1584 2603 1709 2644 Rheso,

255 2646 381 2690 (quam
406 2649 559 2683 condidit
595 2649 704 2689 Cilix,
747 2648 913 2695 Agenoris
935 2649 1048 2693 filius)
1085 2661 1157 2682 cum
1182 2654 1279 2693 patre
1302 2649 1476 2682 Demetrio
1507 2649 1710 2683 latitantem.

256 2692 387 2728 Habuit
410 2698 524 2730 autem
549 2706 590 2728 ex
615 2706 656 2730 ea
679 2696 782 2730 filiam
804 2694 984 2736 Seleucus,
1025 2693 1158 2728 nomine
1180 2694 1321 2729 Philam.
1382 2694 1563 2729 Caeterum
1587 2693 1710 2727 Seleu-

257 2748 314 2770 cus
348 2738 471 2785 Syriae
501 2739 701 2786 imperavit‚
740 2740 906 2785 Asiaeque
937 2738 1044 2781 omni,
1078 2739 1246 2785 Babyloni
1280 2743 1315 2774 et
1337 2739 1570 2781 Palaestinae,
1606 2750 1710 2773 annos

257 2793 356 2818 xmu.

345 2829 508 2867 Seleucus
531 2835 643 2867 autem
667 2831 833 2876 Nicator,
865 2829 976 2868 statim
999 2834 1077 2878 post
1098 2829 1222 2866 victum
1245 2829 1450 2878 Antigonum
1471 2828 1710 2870 Poliorcetem,
