1838 3230
442 158 1075 210 CHRONOGRAPHIA.
1131 156 1182 207 L.
1209 157 1301 206 VII.
1508 160 1610 213 175

138 283 296 344 ἅρμασι
318 278 512 335 διπῶλοις
532 280 688 342 ἐφεῦρε,
722 278 869 335 καθὼς
885 283 1019 328 ταῦτα
1035 276 1323 341 συνεγράψατο
1339 277 1609 337 ,Καλλίμαχος

139 353 163 399 ὃ
182 354 315 414 σοφὸς
331 354 376 399 ἓν
391 359 478 405 τοῖς
487 353 688 409 Ἔτησίοις
706 352 848 397 αὐτοῦ.

240 423 328 468 Καὶ
363 421 506 467 λοιπὸν
531 420 618 478 μετ’
647 421 776 466 αὐτὸν
806 418 829 465 ὅ
854 415 1110 478 Ἐριχθόνιος
1143 417 1345 464 ἐπετέλεσε
1373 415 1447 463 τὸν
1479 416 1607 462 αὐτὸν
1628 426 1664 466 Ε

140 490 280 550 ἀγῶνα
308 489 467 548 ἅρμασι
494 488 791 549 τετραπιῦλοις·
827 489 891 533 διὸ
918 491 984 533 καὶ
1009 484 1252 547 περιβόητος
1279 488 1429 544 ἐγένετο
1441 520 1455 542 ,
1492 487 1610 531 καθὰ

107 561 185 609 5ἔν
203 566 294 612 ταῖς
302 557 503 618 Χάρακος
521 557 736 617 ἐμφέρεται
754 557 950 617 ἱστορίαις
964 569 975 582 ·
1000 556 1047 608 ὃς
1065 553 1351 615 συνεγράψατο
1369 558 1435 600 καὶ
1457 560 1607 611 ταῦτα,

141 628 206 673 ὅτι
223 632 296 674 τοῦ
316 629 588 685 ἱπποδρομίαν
606 628 654 672 τὸ
675 629 826 683 κτίσμα
845 630 900 678 εἷς
919 626 996 683 τὴν
1016 631 1090 670 τοῦ
1112 623 1268 682 κόσμου
1288 627 1484 682 διοίκησιν
1504 625 1611 685 ᾠκο-

140 696 312 755 δομήθη
323 729 339 752 ,
375 696 484 741 ‘coiit‘
507 697 592 740 ἐστὶ
612 702 688 741 τοῦ
710 697 887 755 οὐρανοῦ
907 697 974 739 καὶ
994 698 1068 752 τῆς
1089 699 1163 753 γῆς
1184 697 1252 739 καὶ
1272 698 1347 751 τῆς
1367 692 1608 751 θαλάσσης·

139 766 216 817 τὰς
235 767 281 810 δὲ
311 762 486 810 δεκαδύο
517 762 657 823 θύρας
690 763 788 816 τοὺς
816 763 974 809 δώδεκα
1005 764 1140 815 οἴκους
1158 762 1346 821 ἱστόρησε
1367 768 1443 807 τοῦ
1463 765 1611 816 ζωδια-

140 837 215 879 κοῦ
248 838 325 878 τοῦ
363 833 614 885 διοικοῦντος
645 835 719 891 τὴν
756 839 831 892 γῆν
863 834 929 878 καὶ
954 829 1030 889 τὴν
1061 831 1284 877 θάλασσαν
1318 832 1387 876 καὶ
1420 836 1502 877 τῶν
1534 832 1609 875 ἆν-
1630 845 1665 882 v
1686 841 1734 883 74

86 900 327 962 ιοθριῦπων
357 902 429 946 τὸν
461 903 683 961 παροδικὸν
706 908 780 947 τοῦ
800 902 895 959 βίου
917 901 1085 959 δρόμον.
1155 902 1204 946 τὸ
1225 902 1270 945 δὲ
1289 901 1421 957 πέλμα
1445 906 1521 945 τοῦ
1543 901 1611 944 ἶπ-

140 977 260 1016 πικοῦ
295 970 371 1028 τὴν
399 975 476 1029 γῆν
494 976 633 1016 πᾶσαν
655 970 779 1026 εἶναι,
807 972 888 1015 τὸν
907 973 952 1014 δὲ
971 967 1135 1029 εὔριπον
1165 970 1240 1026 τὴν
1272 968 1496 1014 θάλασσαν
1528 968 1608 1015 ὑπὸ

134 1046 216 1098 ’τῆς
235 1044 310 1098 γῆς
328 1041 626 1097 μεσαζομένην,
665 1041 736 1085 τὸν
757 1042 802 1085 δὲ
822 1042 886 1084 ἐπὶ
906 1037 981 1091 τὰς
1000 1038 1138 1097 θύρας
1157 1039 1346 1095 καμπτόν
1363 1039 1440 1095 τὴν
1460 1039 1612 1083 ἀνατο-

141 1108 240 1166 λήν,
275 1109 347 1153 τὸν
376 1109 421 1152 δὲ
452 1110 516 1152 ἐπὶ
544 1109 620 1166 τὴν
649 1108 876 1168 σφενδόνην
905 1109 980 1165 τὴν
1016 1107 1155 1160 δύσιν,
1190 1106 1243 1151 τὰ
1272 1108 1317 1152 δὲ
1334 1103 1438 1152 ἔπτὰ
1456 1106 1611 1152 σπάτια

141 1179 215 1222 τὸν
244 1173 399 1234 δρόμον
430 1179 498 1221 καὶ
529 1178 605 1235 τὴν
635 1180 789 1236 κίνησιν
816 1183 889 1235 τῆς
909 1177 1186 1235 ἀστρονομίας
1205 1181 1288 1222 τῶν
1309 1172 1412 1221 ἑπτὰ
1431 1168 1617 1236 ἀστέρωνι

87 1251 218 1304 15τῆς
235 1245 414 1304 μεγάλης
431 1245 597 1304 ἄρκτου.

239 1314 288 1360 ‘O
306 1316 352 1360 δὲ
373 1313 529 1371 Ῥῶμος
545 1312 737 1371 βασιλεὺς
764 1314 867 1373 πρὸς
887 1311 1009 1371 τιμὴν
1030 1315 1097 1358 καὶ
1119 1312 1244 1365 αὗτός
1262 1316 1338 1358 τοῢ
1365 1312 1508 1359 Ἡλίου
1543 1314 1612 1358 καὶ
1634 1318 1668 1355 Ο
1690 1319 1760 1357 222

140 1388 224 1429 τῶν
262 1379 330 1427 ὕπ’
372 1384 499 1429 αὐτὸν
537 1383 749 1442 τεσσάρων
787 1385 994 1440 στοιχείων
1038 1384 1111 1427 τὸν
1143 1383 1279 1440 ἀγῶνα
1316 1384 1359 1427 ἐν
1400 1389 1452 1443 τῇ
1478 1380 1616 1442 Ῥώμῃ

141 1457 306 1511 πρῶτος
326 1452 492 1511 ἐφεῦρε,
528 1455 596 1497 καὶ
613 1455 838 1497 ἐπετέλεσεν
856 1455 899 1497 ἐν
918 1456 970 1511 τῇ
986 1450 1106 1513 χώρᾳ
1124 1457 1197 1509 τῆς
1215 1450 1390 1507 δόσεως,
1427 1452 1518 1510 ἤτοι
1541 1457 1616 1508 τῆς

133 1521 332 1575 Ἰταλίας,
370 1520 526 1583 ἅρμασι
553 1521 849 1580 τετραπώλοις,
887 1522 995 1566 τοῦτ’
1027 1523 1112 1566 ἐστὶ
1142 1527 1193 1580 τῇ
1213 1526 1264 1580 γῇ
1284 1524 1350 1565 καὶ
1374 1527 1425 1580 τῇ
1447 1520 1616 1565 θαλάσ-

87 1596 200 1649 Ξοσῃ
234 1593 301 1634 καὶ
334 1595 391 1650 τῷ
420 1593 517 1648 πυρὶ
545 1593 691 1651 καὶτῷ
710 1591 810 1649 ἀέρι.
881 1593 950 1635 καὶ
979 1591 1176 1647 ἐπέθηκεν
1205 1589 1226 1634 ὃ
1251 1589 1406 1645 Ῥῶμος
1423 1596 1510 1641 τοῖς
1532 1590 1609 1634 αὖ·-
1631 1599 1664 1636 Β

143 1666 231 1710 τοΐς
256 1659 421 1716 τέτρασι
450 1661 661 1716 στοιχείοις
690 1660 740 1703 τὰ
767 1657 976 1715 ὀνόματα,
1017 1664 1069 1717 τῇ
1089 1664 1140 1717 γῇ
1163 1659 1210 1702 τὸ
1231 1657 1446 1715 Πρᾶσινον
1469 1658 1609 1716 μέρος,

145 1726 168 1771 ὅ
190 1729 275 1771 ἔστι
295 1727 343 1771 τὸ
357 1729 562 1782 χλοῶδες,
598 1733 650 1786 τῇ
679 1730 724 1771 δὲ
742 1727 963 1786 θαλάσσῃ,
1000 1726 1022 1771 ὅ
1046 1729 1131 1771 ἐστι
1153 1734 1238 1778 τοῖς
1256 1726 1425 1782 ὕδασιν,
1462 1728 1510 1771 τὸ
1528 1729 1612 1772 Βέ-

143 1811 257 1840 νετον
272 1796 411 1854 μέρος,
449 1795 479 1841 u‘
485 1814 506 1847 ς
522 1794 686 1851 κυανόν,
727 1801 787 1857 τῷ
814 1798 859 1840 δὲ
883 1798 979 1855 πυρὶ
1000 1796 1047 1840 τὸ
1061 1794 1244 1840 Ῥοῦσιον
1260 1796 1407 1855 μέρος,
1442 1795 1498 1848 ὥς
1516 1797 1612 1856 ἐρυ-

234 1918 271 1954 2.
292 1913 492 1963 Ἐτησίοις]
515 1914 623 1953 Al'uoe
647 1914 715 1952 dici
735 1913 824 1953 vidit
847 1916 911 1955 eh.
1027 1916 1082 1955 13.
1107 1915 1243 1955 σποὶτια
1266 1918 1329 1954 ch.
1353 1928 1427 1954 cum
1450 1917 1610 1954 Cedreno

235 1975 272 2011 p.
298 1962 376 2000 14⁷.
401 1963 432 1998 C
455 1968 491 1998 et
514 1964 709 2009 Ducangius
733 1965 843 2000 Gloss.
868 1977 901 2000 v.
926 1961 1100 2009 σπάτιον,
1125 1967 1269 2002 σπαθία
1292 1967 1360 2001 Ox.

1556 2010 1576 2023 f

143 2066 284 2115 primum
307 2064 495 2103 celebravit
515 2061 699 2113 Enyaliust
727 2064 779 2102 uti
799 2063 981 2103 memoriae
1003 2065 1178 2116 prodidit,
1199 2064 1237 2105 in
1258 2068 1510 2105 Anniversariis
1531 2068 1610 2111 suis,

144 2113 280 2161 sapiens
303 2113 540 2150 Callimachus.

235 2158 338 2194 Hunc
358 2165 494 2194 secutus
516 2162 569 2195 est
592 2154 830 2202 Ericthonius,
863 2158 922 2206 qui
947 2163 1117 2196 certamen
1139 2161 1207 2197 hoc
1229 2161 1401 2207 Equestre
1426 2159 1612 2205 Quadi-igis

144 2205 303 2285 gangit:
341 2206 433 2240 uude
465 2217 620 2250 magnum
642 2204 705 2240 sibi
737 2213 856 2240 nomen
882 2208 1110 2252 comparavit:
1149 2207 1248 2242 sicuti
1279 2208 1439 2254 scriptum
1472 2206 1613 2251 reliquit

178 2251 306 2293 harax,
341 2251 376 2286 in
399 2251 579 2296 Historiis:
626 2251 696 2293 Qui
719 2257 899 2297 praeterea
920 2253 1037 2296 addit,
1070 2258 1261 2289 extructum
1284 2254 1387 2289 fuisse
1408 2252 1612 2298 Hippodro-

144 2307 234 2332 mum
256 2297 302 2332 ad
324 2297 466 2332 formam
488 2296 670 2338 Univers13
708 2306 828 2344 nempe
851 2302 890 2333 ut
913 2298 1072 2343 Coelum,
1103 2305 1251 2343 terram,
1289 2306 1325 2334 et
1348 2299 1444 2334 Mare
1468 2307 1612 2343 reprae-

145 2346 310 2377 nutaret.
357 2343 458 2378 Ostia
484 2343 572 2378 enim
596 2343 754 2378 duodena
789 2344 833 2379 ad
867 2344 1009 2380 zodiaci
1043 2346 1159 2381 domus
1183 2346 1359 2381 duodecim
1382 2344 1520 2386 retulit,
1552 2342 1612 2389 qui

144 2391 256 2423 terras
281 2391 316 2422 et
338 2389 444 2424 maria
466 2390 654 2434 gubernat,
685 2389 856 2436 vitamque
886 2387 1083 2427 Mortalium
1118 2392 1364 2427 transitoriam:
1404 2392 1496 2426 Area
1518 2389 1612 2434 Hip-

194 2432 301 2468 dromi
331 2438 479 2476 terram3
515 2434 665 2480 Euripus
695 2436 815 2478 Mare,
844 2444 868 2472 'a
889 2441 984 2472 terra
1005 2438 1117 2474 media
1138 2437 1382 2484 interceptum,
1413 2436 1610 2471 referebat:

173 2489 256 2514 exus
272 2477 331 2525 qui
351 2480 395 2515 ad
413 2480 512 2523 ostia,
538 2481 725 2523 Orientem,
751 2481 809 2527 qui
833 2483 877 2517 ad
900 2484 1048 2526 fundam,
1071 2496 1223 2519 occasum
1247 2483 1458 2527 designavit:
1482 2485 1611 2527 septem

146 2523 225 2558 deni
248 2534 292 2559 ue
313 2526 427 2571 spatia
449 2527 728 2573 Septentrionum
751 2533 861 2563 motus
883 2534 920 2564 et
942 2541 1074 2565 cursum
1098 2530 1346 2565 Atronomicum
1372 2527 1572 2562 indicarunt.

292 2572 397 2607 mulus
420 2584 523 2618 porro
548 2576 585 2607 et
605 2573 701 2619 ipse,
734 2574 777 2609 ad
801 2575 925 2610 cultum
949 2576 1048 2618 solis,
1081 2580 1135 2618 et,
1160 2587 1247 2620 quae
1270 2574 1319 2608 illi
1343 2574 1498 2617 subjecta
1518 2576 1609 2615 sunt,

145 2612 397 2652 Elementorum
445 2623 590 2660 namot,
626 2620 811 2655 Certamen
832 2621 897 2656 hoc
922 2621 957 2656 in
981 2622 1120 2656 Romam
1144 2621 1268 2666 primus
1290 2619 1498 2654 introduxit=
1535 2619 1609 2664 pri-

146 2670 218 2694 mus
240 2660 342 2696 etiam
363 2662 399 2697 in
456 2664 631 2707 ccidente,
654 2665 690 2700 id
714 2671 785 2708 est,
808 2667 843 2701 in
866 2666 988 2709 Italia,
1023 2667 1208 2711 Quadi-igis
1231 2665 1313 2699 illud
1362 2665 1492 2710 eregit,
1517 2665 1610 2700 Ter·

145 2716 221 2747 rae,
245 2703 349 2760 Masi,
370 2707 460 2751 lgm,
486 2713 590 2755 atque
613 2711 707 2753 Acri,
731 2713 1022 2759 respondentibus.
1069 2712 1198 2747 Indidit.
1220 2711 1322 2746 etiam
1379 2710 1504 2746 omuius
1526 2722 1612 2757 qua-

146 2754 226 2785 tuor
261 2756 334 2786 istis
364 2752 549 2791 Elementis
581 2756 734 2800 nomina,
775 2770 796 2792 a
828 2760 942 2794 Terra
972 2758 1146 2793 Prasinam
1179 2756 1373 2792 Factionem
1409 2757 1611 2803 appellavit,

144 2799 291 2875 Propter
314 2797 456 2833 colorem
480 2800 640 2837 viridemz
682 2810 703 2838 a
727 2801 818 2839 Mari
843 2806 1027 2846 Venetam,
1063 2805 1107 2837 ob
1130 2814 1295 2849 aquarum
1316 2803 1464 2838 colorem
1487 2814 1611 2837 coeru-

158 2853 254 2877 eum:
289 2844 334 2877 ab
366 2843 450 2888 Igne
480 2845 662 2890 Russeam,
692 2850 738 2884 ob
770 2850 917 2885 colorem
947 2851 1139 2884 rubentem:
1181 2850 1224 2884 ab
1248 2851 1338 2884 Aere
1368 2860 1452 2885 vero
1476 2849 1609 2891 Albam,
