1852 3236
0 419 20 455 t

0 525 9 591 *a

0 620 21 651 r}

581 135 1038 197 PRQLEGOMENA.
1471 158 1545 184 m

303 250 359 294 02¹:
383 247 571 306 Ιωσήπου
593 247 868 306 ἀρχαιολογίας

305 317 360 374 β’.
387 320 585 374 Πωργίου
605 321 807 371 Μοναχοΰ
920 312 924 316 ’

306 382 355 442 γ’.
386 383 568 428 Ιωᾶννου
583 388 658 427 τοῦ
677 385 842 437 ἐπίκλην
862 383 1030 427 Μαλὲλα
1050 389 1237 442 χρονικῆς

305 451 352 495 δ’.
383 451 566 495 Ιωᾶννου
583 452 806 506 Αντιοχὲως
826 457 1014 507 χρονικῆς
1030 462 1104 494 etc.

201 519 302 562 Sunt
324 532 450 562 autem
480 521 574 561 haec
593 519 794 573 Excerpta
825 535 879 559 ex
897 520 1126 560 Annalibus
1150 519 1262 577 infra
1287 520 1477 575 subjectis.
1509 526 1545 564 1.

87 603 143 629 ex
167 587 326 643 Ios-ephi
341 589 639 643 Antiquitatum
676 586 799 626 libris.
840 592 881 630 2.
905 602 958 626 ex
991 586 1154 642 Geor-gio
1178 587 1398 631 Monacho.
1436 591 1476 631 3.
1493 604 1547 628 ex

89 654 283 696 Chronico
305 655 470 697 Ioannis
489 664 742 708 cognomento
766 652 956 693 Malelae.
987 660 1025 699 4.
1045 671 1098 695 ex
1121 655 1286 695 Joannis
1308 655 1547 696 Antiocheni

88 722 292 765 Chronico.
321 734 391 765 etc.
448 723 538 763 Hoc
562 724 686 762 miror
701 722 848 773 fugisse
868 722 1136 762 doctissimum
1156 730 1194 762 et
1210 723 1546 776 diligentissimum

89 788 176 830 Ger.
202 789 408 842 Vossium,
440 791 528 844 qui,
560 790 738 842 quamvis
766 789 966 840 observet,
997 791 1039 829 in
1068 791 1276 829 Librorum
1306 804 1468 829 suorum
1501 789 1549 828 de

85 856 303 898 Historicis
328 857 488 900 Graecis
507 858 690 898 Editione
713 857 956 910 posteriore,
987 857 1175 896 Joannem
1206 855 1402 897 Malelam
1432 870 1481 895 ex
1501 856 1546 894 il-

84 925 215 965 lorum
234 926 483 980 Scriptorum
504 926 625 966 fuisse
648 939 834 974 numero;
863 926 911 964 de
928 925 1050 963 altero
1074 932 1204 963 tamen
1231 923 1382 963 Joanne
1399 923 1549 963 Antio-

85 991 208 1032 cheno
241 990 564 1048 chronographo,
607 1001 793 1045 tanquam
835 994 875 1032 in
915 994 1052 1032 eodem
1090 992 1297 1031 Volumine
1334 991 1545 1040 celebrato,

85 1061 324 1100 mentionem
346 1062 496 1101 nullam
514 1062 620 1101 facit.
678 1061 912 1100 Posterioris
929 1059 1048 1113 hujus
1064 1060 1263 1111 Excerpta
1294 1059 1388 1098 satis
1418 1059 1547 1110 ampla

86 1134 127 1167 et
145 1128 303 1188 prolixa
329 1129 370 1167 in
393 1129 604 1169 Volumine
633 1129 740 1168 dicto
773 1134 866 1167 sunt
898 1127 1001 1167 edita
1032 1126 1104 1165 sub
1129 1126 1208 1164 hoc
1232 1127 1366 1165 titulo:
1398 1130 1459 1167 Εκ
1475 1129 1549 1178 τῆς

87 1191 270 1236 Ιωᾶννον
293 1195 516 1249 Αντιοχέως
546 1196 721 1250 ἱστορίας
757 1198 947 1250 χρονικῆς
977 1191 1056 1235 dn&
1085 1190 1217 1246 Αδᾶμ.
1275 1193 1354 1244 ἱΕειι·
1384 1193 1549 1233 Ioannis

85 1261 327 1304 Antiocheni
352 1262 537 1303 Historia
569 1262 764 1303 Chronica
795 1262 845 1301 ab
877 1261 1055 1303 Adamo.
1115 1261 1165 1299 ad
1194 1261 1310 1300 finem
1337 1261 1398 1299 his
1419 1261 1548 1299 verbis

85 1331 290 1384 appositis.
352 1329 471 1378 Τέλος
489 1332 560 1382 τῆς
581 1330 754 1385 ἱστορίας
777 1327 960 1373 Ιωοὶννου
980 1331 1171 1381 μοναχοῦ.
1218 1327 1328 1367 Finis
1346 1327 1550 1367 Historiae

85 1398 252 1439 Ioannis
269 1396 478 1438 Monacki.
535 1397 614 1436 Sed
644 1398 920 1437 desiderantur
949 1398 1024 1436 ista
1055 1410 1155 1448 quae
1175 1409 1225 1435 ex
1243 1394 1395 1435 Joanne
1412 1402 1550 1433 nostro

83 1464 242 1508 Malela
263 1471 448 1518 excerpta
470 1470 586 1511 sunt,
614 1479 636 1503 a
667 1464 828 1506 Valesio
860 1465 1040 1504 consulto
1071 1464 1239 1516 rejecta,
1269 1477 1312 1502 eo
1346 1461 1454 1516 quod
1478 1459 1550 1517 (ut

84 1534 172 1587 ipse
200 1532 325 1586 dicit)
351 1542 504 1587 praeter
533 1542 610 1571 tres
641 1542 852 1587 quatuorve
874 1530 1051 1587 fabulas
1086 1530 1132 1569 cle
1155 1530 1316 1580 Minoe,
1353 1529 1548 1582 Antiopa,

86 1615 138 1640 oc
163 1599 482 1654 Bellerophonte,
519 1615 657 1653 easque
694 1597 857 1652 illepido
888 1614 1060 1640 sermone
1096 1608 1248 1647 textas,
1288 1595 1390 1635 nihil
1427 1595 1548 1634 bonae

77 1667 218 1727 frugis
236 1669 483 1708 continerent.
543 1667 733 1715 Quamvis
755 1668 797 1704 in
815 1668 906 1706 loco
933 1665 1180 1706 Constantini
1199 1663 1552 1717 Porphyrogenneti

88 1736 210 1774 citato
234 1735 423 1774 Ioannem
457 1742 637 1774 nostrum
657 1732 854 1773 Maletum
885 1747 935 1772 ex
959 1733 1058 1772 urbe
1076 1730 1336 1772 Antiochensi
1359 1732 1479 1769 fuisse
1502 1745 1551 1769 ne

88 1802 249 1855 quidem
275 1803 483 1853 innuatur,
515 1802 582 1840 sed
611 1817 634 1841 a
665 1800 817 1840 Joanne
843 1799 1093 1840 Antiocheno
1125 1798 1407 1849 distinguatur:
1437 1798 1551 1838 illum

85 1875 218 1909 tamen
240 1883 348 1908 exea
371 1869 495 1908 fuisse
518 1869 684 1908 Civitate
713 1868 956 1920 apertissime
984 1868 1109 1919 liquet
1137 1880 1186 1905 ex
1213 1864 1399 1905 Oratione
1417 1869 1455 1907 3.
1477 1863 1551 1918 pro

86 1935 354 1990 Imaginibus,
384 1935 532 1975 Joanm·
550 1936 795 1976 Damascena
814 1937 934 1987 vulgo
964 1935 1186 1987 adscripta,
1216 1933 1288 1972 ubi
1307 1933 1467 1985 quidem
1492 1934 1552 1971 di-

88 2005 223 2044 sertim
250 2002 522 2044 Antiochenus
545 2010 821 2056 nuncupatur:
859 2017 986 2055 neque
1021 2004 1148 2042 solum
1179 2016 1229 2040 ex
1254 2002 1328 2040 ista
1349 2002 1567 2049 Oratione,'

86 2085 227 2112 verum
249 2071 366 2111 etiam
389 2085 439 2110 ex
459 2071 546 2124 ipsa
569 2069 909 2124 Chronographia,
942 2085 1041 2122 quae
1062 2084 1150 2109 cum
1166 2076 1250 2108 tota
1267 2069 1382 2122 juxta
1404 2069 1551 2107 Aeram

42 2162 46 2166 ·
87 2139 375 2180 Antiochenam
405 2139 649 2188 instituitur,
691 2152 738 2177 ae
770 2152 832 2178 res
858 2146 1079 2191 spectantes
1111 2138 1161 2176 ad
1196 2138 1314 2175 istam
1343 2138 1551 2176 Civitatem

30 2227 33 2231 ·
87 2208 291 2261 speciatim
312 2221 408 2260 prae
429 2207 610 2246 omnibus
632 2207 718 2246 aliis
739 2214 895 2246 enarrat
916 2213 1034 2258 atque
1056 2205 1330 2258 persequitur,
1361 2204 1552 2243 Autorem

88 2275 378 2315 Antiochenam
397 2276 607 2315 manifesto
628 2275 789 2314 videtur
804 2276 966 2314 referre.

199 2343 271 2381 111.
326 2343 387 2381 Ex
413 2342 564 2382 Joanne
590 2342 840 2382 Antiocheno
871 2344 920 2382 de
944 2342 1062 2382 rebus
1086 2341 1136 2379 ad
1162 2339 1443 2391 Antiquitatem
1463 2352 1550 2390 spe-

91 2410 286 2450 ctantibus
306 2411 415 2462 apud
437 2411 536 2450 allos
558 2411 775 2462 Scriptores
799 2412 971 2449 Graecos
989 2411 1075 2449 aevi
1097 2409 1328 2448 recentioris
1353 2421 1433 2444 non
1459 2421 1549 2445 raro

89 2479 368 2532 producuntur
398 2479 633 2518 testimonia.
704 2481 751 2518 In
787 2477 951 2531 Geor-gio
995 2475 1145 2517 Codino
1166 2475 1206 2526 l)
1246 2474 1292 2513 cle
1326 2473 1550 2527 Originibus

95 2544 388 2599 Constantinop.
408 2547 456 2587 de
471 2548 614 2587 Portus
632 2547 815 2599 Bosporii
831 2546 1095 2599 appellatione
1117 2558 1204 2583 eum
1223 2543 1353 2595 reperi
1376 2543 1548 2584 citatum.

138 2761 181 2805 ¹)
205 2771 239 2806 p.
263 2731 318 2796 St.
