<?xml version="1.0" encoding="UTF-8"?>
<!DOCTYPE html PUBLIC "-//W3C//DTD XHTML 1.0 Transitional//EN"
    "http://www.w3.org/TR/xhtml1/DTD/xhtml1-transitional.dtd">
<html xmlns="http://www.w3.org/1999/xhtml" xml:lang="en" lang="en">
 <head>
  <title>
</title>
<meta http-equiv="Content-Type" content="text/html;charset=utf-8" />
  <meta name='ocr-system' content='tesseract 3.04.00' />
  <meta name='ocr-capabilities' content='ocr_page ocr_carea ocr_par ocr_line ocrx_word'/>
</head>
<body>
  <div class='ocr_page' id='page_1' title='image "./corpusscriptorum28niebuoft_0752.png"; bbox 0 0 1838 3230; ppageno 0'>
   <div class='ocr_carea' id='block_1_1' title="bbox 327 177 1200 228">
    <p class='ocr_par' dir='ltr' id='par_1_1' title="bbox 327 177 1200 228">
     <span class='ocr_line' id='line_1_1' title="bbox 327 177 1200 228; baseline -0.009 0"><span class='ocrx_word' id='word_1_1' title='bbox 327 181 425 228; x_wconf 87' lang='lat'><strong>670</strong></span> <span class='ocrx_word' id='word_1_2' title='bbox 903 177 1200 222; x_wconf 89' lang='lat' dir='ltr'><strong>APPENDIX.</strong></span> 
     </span>
    </p>
   </div>
   <div class='ocr_carea' id='block_1_2' title="bbox 323 291 1776 633">
    <p class='ocr_par' dir='ltr' id='par_1_2' title="bbox 441 291 1219 345">
     <span class='ocr_line' id='line_1_2' title="bbox 441 291 1219 345; baseline 0.001 -14"><span class='ocrx_word' id='word_1_3' title='bbox 441 294 532 345; x_wconf 80' lang='lat' dir='ltr'><strong>Pag·</strong></span> <span class='ocrx_word' id='word_1_4' title='bbox 563 295 656 336; x_wconf 83' lang='grc'><strong>239.</strong></span> <span class='ocrx_word' id='word_1_5' title='bbox 687 296 726 335; x_wconf 92' lang='grc'><strong>7.</strong></span> <span class='ocrx_word' id='word_1_6' title='bbox 757 291 947 345; x_wconf 82' lang='grc' dir='ltr'><em>προθέσει</em></span> <span class='ocrx_word' id='word_1_7' title='bbox 964 293 1074 332; x_wconf 88' lang='lat' dir='ltr'><strong>Dam.</strong></span> <span class='ocrx_word' id='word_1_8' title='bbox 1098 294 1219 334; x_wconf 81' lang='lat' dir='ltr'><strong>deest.</strong></span> 
     </span>
    </p>

    <p class='ocr_par' dir='ltr' id='par_1_3' title="bbox 441 346 1407 420">
     <span class='ocr_line' id='line_1_3' title="bbox 441 346 1407 420; baseline 0.005 -32"><span class='ocrx_word' id='word_1_9' title='bbox 441 351 534 401; x_wconf 78' lang='lat' dir='ltr'><strong>Pag.</strong></span> <span class='ocrx_word' id='word_1_10' title='bbox 564 353 658 392; x_wconf 79' lang='lat'><strong>239.</strong></span> <span class='ocrx_word' id='word_1_11' title='bbox 690 354 727 392; x_wconf 91' lang='grc'>8</span> <span class='ocrx_word' id='word_1_12' title='bbox 760 346 990 402; x_wconf 73' lang='grc' dir='ltr'><strong>αἷμόρῤους.</strong></span> <span class='ocrx_word' id='word_1_13' title='bbox 1021 351 1128 388; x_wconf 81' lang='lat' dir='ltr'><strong>Dam.</strong></span> <span class='ocrx_word' id='word_1_14' title='bbox 1148 352 1407 420; x_wconf 77' lang='grc' dir='ltr'><strong>αἷμοῤῥοῦσα.</strong></span> 
     </span>
    </p>

    <p class='ocr_par' dir='ltr' id='par_1_4' title="bbox 323 403 1776 627">
     <span class='ocr_line' id='line_1_4' title="bbox 440 403 1775 476; baseline 0.005 -32"><span class='ocrx_word' id='word_1_15' title='bbox 440 407 659 476; x_wconf 40' lang='lat' dir='ltr'><strong>uagam.</strong></span> <span class='ocrx_word' id='word_1_16' title='bbox 693 409 757 448; x_wconf 93' lang='grc'><strong>10</strong></span> <span class='ocrx_word' id='word_1_17' title='bbox 807 403 1051 458; x_wconf 77' lang='grc' dir='ltr'><strong>θερμελάτου</strong></span> <span class='ocrx_word' id='word_1_18' title='bbox 1079 414 1153 446; x_wconf 72' lang='lat' dir='ltr'><strong>etc.</strong></span> <span class='ocrx_word' id='word_1_19' title='bbox 1189 405 1465 462; x_wconf 79' lang='grc' dir='ltr'><strong>θερμηλάτου,</strong></span> <span class='ocrx_word' id='word_1_20' title='bbox 1504 407 1650 462; x_wconf 78' lang='grc' dir='ltr'><strong>μίξασα</strong></span> <span class='ocrx_word' id='word_1_21' title='bbox 1686 425 1775 463; x_wconf 84' lang='grc' dir='ltr'><strong>χρυ-</strong></span> 
     </span>
     <span class='ocr_line' id='line_1_5' title="bbox 324 458 1776 575; baseline 0.003 -18"><span class='ocrx_word' id='word_1_22' title='bbox 324 458 397 502; x_wconf 69' lang='lat'><strong>6⁰11</strong></span> <span class='ocrx_word' id='word_1_23' title='bbox 413 461 660 570; x_wconf 44' lang='lat' dir='ltr'><strong>nZZZ-9339.</strong></span> <span class='ocrx_word' id='word_1_24' title='bbox 690 521 753 560; x_wconf 83' lang='lat'><strong>13.</strong></span> <span class='ocrx_word' id='word_1_25' title='bbox 784 516 944 566; x_wconf 68' lang='grc' dir='ltr'><strong>πόλεως.</strong></span> <span class='ocrx_word' id='word_1_26' title='bbox 966 525 1038 559; x_wconf 87' lang='lat' dir='ltr'><strong>etc.</strong></span> <span class='ocrx_word' id='word_1_27' title='bbox 1063 521 1170 560; x_wconf 87' lang='lat' dir='ltr'><strong>Dam.</strong></span> <span class='ocrx_word' id='word_1_28' title='bbox 1190 517 1339 568; x_wconf 84' lang='grc' dir='ltr'><strong>πόλεως</strong></span> <span class='ocrx_word' id='word_1_29' title='bbox 1356 516 1565 570; x_wconf 81' lang='grc' dir='ltr'><strong>Πανεᾶδος</strong></span> <span class='ocrx_word' id='word_1_30' title='bbox 1583 517 1687 570; x_wconf 78' lang='grc' dir='ltr'><strong>εἰς</strong></span> <span class='ocrx_word' id='word_1_31' title='bbox 1659 536 1776 575; x_wconf 65' lang='lat' dir='ltr'><strong>ayunt</strong></span> 
     </span>
     <span class='ocr_line' id='line_1_6' title="bbox 323 570 914 633; baseline 0.002 -19"><span class='ocrx_word' id='word_1_32' title='bbox 323 570 462 623; x_wconf 84' lang='grc' dir='ltr'><strong><em>τόπον,</em></strong></span> <span class='ocrx_word' id='word_1_33' title='bbox 489 575 545 621; x_wconf 84' lang='grc' dir='ltr'><strong>εἰς</strong></span> <span class='ocrx_word' id='word_1_34' title='bbox 565 571 676 614; x_wconf 79' lang='grc' dir='ltr'><strong>οἶκον</strong></span> <span class='ocrx_word' id='word_1_35' title='bbox 694 571 914 633; x_wconf 79' lang='grc' dir='ltr'><strong>εὐκτήριον.</strong></span> 
     </span>
    </p>
   </div>
   <div class='ocr_carea' id='block_1_3' title="bbox 323 631 1776 725">
    <p class='ocr_par' dir='ltr' id='par_1_5' title="bbox 323 631 1776 725">
     <span class='ocr_line' id='line_1_7' title="bbox 440 631 1776 689; baseline 0.002 -19"><span class='ocrx_word' id='word_1_36' title='bbox 440 633 659 682; x_wconf 79' lang='lat' dir='ltr'><strong>Pag.239.</strong></span> <span class='ocrx_word' id='word_1_37' title='bbox 693 631 755 672; x_wconf 84' lang='grc'><strong>14.</strong></span> <span class='ocrx_word' id='word_1_38' title='bbox 792 632 1068 686; x_wconf 60' lang='lat' dir='ltr'><strong>nugam-Dam.</strong></span> <span class='ocrx_word' id='word_1_39' title='bbox 1102 633 1208 684; x_wconf 82' lang='lat' dir='ltr'><strong>quod</strong></span> <span class='ocrx_word' id='word_1_40' title='bbox 1237 639 1374 672; x_wconf 87' lang='lat' dir='ltr'><strong>notatu</strong></span> <span class='ocrx_word' id='word_1_41' title='bbox 1400 633 1583 686; x_wconf 79' lang='lat' dir='ltr'><strong>dignum,</strong></span> <span class='ocrx_word' id='word_1_42' title='bbox 1625 632 1776 689; x_wconf 69' lang='grc' dir='ltr'><strong>εὑρέθη</strong></span> 
     </span>
     <span class='ocr_line' id='line_1_8' title="bbox 323 687 605 725; baseline -0.007 0"><span class='ocrx_word' id='word_1_43' title='bbox 323 687 516 725; x_wconf 81' lang='lat' dir='ltr'><strong>inventum</strong></span> <span class='ocrx_word' id='word_1_44' title='bbox 540 696 605 724; x_wconf 82' lang='lat' dir='ltr'><strong>est.</strong></span> 
     </span>
    </p>
   </div>
   <div class='ocr_carea' id='block_1_4' title="bbox 322 739 1778 1371">
    <p class='ocr_par' dir='ltr' id='par_1_6' title="bbox 437 739 1200 800">
     <span class='ocr_line' id='line_1_9' title="bbox 437 739 1200 800; baseline 0.003 -17"><span class='ocrx_word' id='word_1_45' title='bbox 437 746 534 794; x_wconf 90' lang='grc' dir='ltr'><strong>Ρα3.</strong></span> <span class='ocrx_word' id='word_1_46' title='bbox 564 745 656 785; x_wconf 82' lang='grc'><strong>239.</strong></span> <span class='ocrx_word' id='word_1_47' title='bbox 692 746 758 784; x_wconf 88' lang='grc'><strong>16.</strong></span> <span class='ocrx_word' id='word_1_48' title='bbox 792 742 832 783; x_wconf 80' lang='grc' dir='ltr'><strong>ἓν</strong></span> <span class='ocrx_word' id='word_1_49' title='bbox 856 739 929 790; x_wconf 88' lang='grc' dir='ltr'><strong>οἷς.</strong></span> <span class='ocrx_word' id='word_1_50' title='bbox 958 744 1067 782; x_wconf 87' lang='lat' dir='ltr'><strong>Dam.</strong></span> <span class='ocrx_word' id='word_1_51' title='bbox 1089 744 1131 784; x_wconf 79' lang='grc' dir='ltr'><strong>ἐν</strong></span> <span class='ocrx_word' id='word_1_52' title='bbox 1158 760 1200 800; x_wconf 81' lang='grc' dir='ltr'><strong>ῳ.</strong></span> 
     </span>
    </p>

    <p class='ocr_par' dir='ltr' id='par_1_7' title="bbox 322 797 1778 1300">
     <span class='ocr_line' id='line_1_10' title="bbox 437 797 1776 854; baseline 0.004 -17"><span class='ocrx_word' id='word_1_53' title='bbox 437 797 540 837; x_wconf 76' lang='lat' dir='ltr'><strong>Ibid.</strong></span> <span class='ocrx_word' id='word_1_54' title='bbox 600 797 620 840; x_wconf 86' lang='grc' dir='ltr'>ὁ</span> <span class='ocrx_word' id='word_1_55' title='bbox 641 800 739 852; x_wconf 86' lang='grc' dir='ltr'><strong>βίος.</strong></span> <span class='ocrx_word' id='word_1_56' title='bbox 765 805 840 837; x_wconf 89' lang='lat' dir='ltr'><strong>etc.</strong></span> <span class='ocrx_word' id='word_1_57' title='bbox 869 801 978 840; x_wconf 83' lang='lat' dir='ltr'><strong>Dam.</strong></span> <span class='ocrx_word' id='word_1_58' title='bbox 1009 799 1029 840; x_wconf 84' lang='grc' dir='ltr'>ὁ</span> <span class='ocrx_word' id='word_1_59' title='bbox 1048 801 1135 853; x_wconf 89' lang='grc' dir='ltr'><strong>βίος</strong></span> <span class='ocrx_word' id='word_1_60' title='bbox 1167 803 1247 840; x_wconf 77' lang='grc' dir='ltr'><strong>τῶν</strong></span> <span class='ocrx_word' id='word_1_61' title='bbox 1275 797 1593 854; x_wconf 81' lang='grc' dir='ltr'><strong>βασιλευσαντων</strong></span> <span class='ocrx_word' id='word_1_62' title='bbox 1613 798 1776 843; x_wconf 81' lang='grc' dir='ltr'><strong>παντων</strong></span> 
     </span>
     <span class='ocr_line' id='line_1_11' title="bbox 322 856 522 903; baseline -0.005 -7"><span class='ocrx_word' id='word_1_63' title='bbox 322 871 344 896; x_wconf 90' lang='grc' dir='ltr'><strong><em>τ</em></strong></span> <span class='ocrx_word' id='word_1_64' title='bbox 375 871 394 903; x_wconf 89' lang='grc' dir='ltr'><strong>ς</strong></span> <span class='ocrx_word' id='word_1_65' title='bbox 415 856 522 895; x_wconf 87' lang='grc' dir='ltr'><strong>Ιουδ.</strong></span> 
     </span>
     <span class='ocr_line' id='line_1_12' title="bbox 345 873 1774 965; baseline 0.001 -15"><span class='ocrx_word' id='word_1_66' title='bbox 345 873 369 908; x_wconf 66' lang='grc' dir='ltr'>η</span> <span class='ocrx_word' id='word_1_67' title='bbox 443 910 657 963; x_wconf 87' lang='grc' dir='ltr'><strong>Ρα3.258.</strong></span> <span class='ocrx_word' id='word_1_68' title='bbox 692 914 755 952; x_wconf 86' lang='grc'><strong>10.</strong></span> <span class='ocrx_word' id='word_1_69' title='bbox 794 909 1195 965; x_wconf 77' lang='grc' dir='ltr'><strong>γρυπόρυγχος.ῃὶἶ]ἰ1</strong></span> <span class='ocrx_word' id='word_1_70' title='bbox 1223 912 1598 964; x_wconf 82' lang='lat' dir='ltr'><strong>mutandum31icet</strong></span> <span class='ocrx_word' id='word_1_71' title='bbox 1624 914 1774 962; x_wconf 84' lang='lat' dir='ltr'><strong>voluit3</strong></span> 
     </span>
     <span class='ocr_line' id='line_1_13' title="bbox 330 965 1777 1024; baseline 0.003 -18"><span class='ocrx_word' id='word_1_72' title='bbox 330 965 600 1016; x_wconf 74' lang='lat' dir='ltr'><strong>Chilmeadus‚</strong></span> <span class='ocrx_word' id='word_1_73' title='bbox 631 965 889 1020; x_wconf 75' lang='grc' dir='ltr'><strong>γρυπώνυχος</strong></span> <span class='ocrx_word' id='word_1_74' title='bbox 914 983 1056 1020; x_wconf 71' lang='lat' dir='ltr'><strong>ungues</strong></span> <span class='ocrx_word' id='word_1_75' title='bbox 1084 967 1226 1006; x_wconf 75' lang='lat' dir='ltr'><strong>habens</strong></span> <span class='ocrx_word' id='word_1_76' title='bbox 1255 967 1451 1019; x_wconf 79' lang='lat' dir='ltr'><strong>aduncos,</strong></span> <span class='ocrx_word' id='word_1_77' title='bbox 1479 971 1544 1008; x_wconf 82' lang='lat' dir='ltr'><strong>vel</strong></span> <span class='ocrx_word' id='word_1_78' title='bbox 1565 966 1777 1024; x_wconf 71' lang='grc' dir='ltr'><strong>γρυπόρῤι-</strong></span> 
     </span>
     <span class='ocr_line' id='line_1_14' title="bbox 325 1022 1778 1071; baseline 0.003 -12"><span class='ocrx_word' id='word_1_79' title='bbox 325 1040 395 1071; x_wconf 71' lang='grc' dir='ltr'><strong>νος</strong></span> <span class='ocrx_word' id='word_1_80' title='bbox 415 1022 610 1061; x_wconf 76' lang='lat' dir='ltr'><strong>aduncum</strong></span> <span class='ocrx_word' id='word_1_81' title='bbox 628 1023 772 1062; x_wconf 73' lang='lat' dir='ltr'><strong>habens</strong></span> <span class='ocrx_word' id='word_1_82' title='bbox 793 1040 928 1063; x_wconf 86' lang='lat' dir='ltr'><strong><em>nasum</em></strong></span> <span class='ocrx_word' id='word_1_83' title='bbox 951 1024 1204 1063; x_wconf 72' lang='lat' dir='ltr'><strong>selibendum</strong></span> <span class='ocrx_word' id='word_1_84' title='bbox 1237 1038 1330 1066; x_wconf 87' lang='lat' dir='ltr'><strong>esse.</strong></span> <span class='ocrx_word' id='word_1_85' title='bbox 1386 1027 1466 1064; x_wconf 88' lang='lat' dir='ltr'><strong>Isto</strong></span> <span class='ocrx_word' id='word_1_86' title='bbox 1485 1027 1588 1066; x_wconf 84' lang='lat' dir='ltr'><strong>enim</strong></span> <span class='ocrx_word' id='word_1_87' title='bbox 1604 1025 1778 1065; x_wconf 80' lang='lat' dir='ltr'><strong>vocabu-</strong></span> 
     </span>
     <span class='ocr_line' id='line_1_15' title="bbox 325 1077 1777 1134; baseline 0 -15"><span class='ocrx_word' id='word_1_88' title='bbox 325 1081 365 1119; x_wconf 89' lang='lat' dir='ltr'><strong>lo</strong></span> <span class='ocrx_word' id='word_1_89' title='bbox 394 1080 606 1117; x_wconf 74' lang='lat' dir='ltr'><strong>denotatm</strong></span> <span class='ocrx_word' id='word_1_90' title='bbox 628 1077 911 1134; x_wconf 74' lang='grc' dir='ltr'><strong>γρυπόρῤινος,</strong></span> <span class='ocrx_word' id='word_1_91' title='bbox 943 1095 963 1118; x_wconf 84' lang='lat' dir='ltr'><strong>a</strong></span> <span class='ocrx_word' id='word_1_92' title='bbox 983 1094 1080 1119; x_wconf 87' lang='lat' dir='ltr'><strong>voce</strong></span> <span class='ocrx_word' id='word_1_93' title='bbox 1102 1078 1263 1134; x_wconf 54' lang='grc' dir='ltr'><strong>ῥὐᾉχος,</strong></span> <span class='ocrx_word' id='word_1_94' title='bbox 1295 1094 1393 1132; x_wconf 80' lang='lat' dir='ltr'><strong>quae</strong></span> <span class='ocrx_word' id='word_1_95' title='bbox 1421 1084 1582 1134; x_wconf 80' lang='lat' dir='ltr'><strong>proprie&#39;</strong></span> <span class='ocrx_word' id='word_1_96' title='bbox 1611 1092 1777 1122; x_wconf 74' lang='lat' dir='ltr'><strong>rostrum</strong></span> 
     </span>
     <span class='ocr_line' id='line_1_16' title="bbox 324 1135 1778 1191; baseline 0.001 -17"><span class='ocrx_word' id='word_1_97' title='bbox 324 1137 438 1189; x_wconf 79' lang='lat' dir='ltr'><strong>porci</strong></span> <span class='ocrx_word' id='word_1_98' title='bbox 468 1135 678 1186; x_wconf 83' lang='lat' dir='ltr'><strong>signifieat,</strong></span> <span class='ocrx_word' id='word_1_99' title='bbox 707 1138 764 1174; x_wconf 86' lang='lat' dir='ltr'><strong>uti</strong></span> <span class='ocrx_word' id='word_1_100' title='bbox 795 1138 915 1175; x_wconf 80' lang='lat' dir='ltr'><strong>tradit</strong></span> <span class='ocrx_word' id='word_1_101' title='bbox 947 1136 1079 1177; x_wconf 81' lang='lat' dir='ltr'><strong>Schol.</strong></span> <span class='ocrx_word' id='word_1_102' title='bbox 1112 1136 1316 1188; x_wconf 81' lang='lat' dir='ltr'><strong>Aristoph.</strong></span> <span class='ocrx_word' id='word_1_103' title='bbox 1346 1138 1523 1178; x_wconf 80' lang='lat' dir='ltr'><strong>Acharn.</strong></span> <span class='ocrx_word' id='word_1_104' title='bbox 1551 1153 1598 1191; x_wconf 84' lang='lat' dir='ltr'><strong>p..</strong></span> <span class='ocrx_word' id='word_1_105' title='bbox 1613 1142 1708 1181; x_wconf 85' lang='lat'><strong>407.</strong></span> <span class='ocrx_word' id='word_1_106' title='bbox 1739 1144 1778 1176; x_wconf 90' lang='lat' dir='ltr'><strong>et</strong></span> 
     </span>
     <span class='ocr_line' id='line_1_17' title="bbox 327 1190 1778 1246; baseline 0.001 -16"><span class='ocrx_word' id='word_1_107' title='bbox 327 1190 482 1230; x_wconf 83' lang='lat' dir='ltr'><em>Avibus</em></span> <span class='ocrx_word' id='word_1_108' title='bbox 502 1205 540 1242; x_wconf 92' lang='lat' dir='ltr'><strong>p.</strong></span> <span class='ocrx_word' id='word_1_109' title='bbox 559 1192 651 1233; x_wconf 85' lang='lat'><strong>558.</strong></span> <span class='ocrx_word' id='word_1_110' title='bbox 677 1192 727 1229; x_wconf 82' lang='lat' dir='ltr'><strong>ad.</strong></span> <span class='ocrx_word' id='word_1_111' title='bbox 747 1194 900 1231; x_wconf 85' lang='lat' dir='ltr'><strong>vultum</strong></span> <span class='ocrx_word' id='word_1_112' title='bbox 927 1207 997 1232; x_wconf 83' lang='lat' dir='ltr'><strong>seu</strong></span> <span class='ocrx_word' id='word_1_113' title='bbox 1015 1207 1154 1232; x_wconf 83' lang='lat' dir='ltr'><strong>nasum</strong></span> <span class='ocrx_word' id='word_1_114' title='bbox 1181 1193 1351 1233; x_wconf 85' lang='lat' dir='ltr'><strong>hominis</strong></span> <span class='ocrx_word' id='word_1_115' title='bbox 1369 1196 1580 1235; x_wconf 80' lang='lat' dir='ltr'><strong>translata.</strong></span> <span class='ocrx_word' id='word_1_116' title='bbox 1609 1195 1652 1234; x_wconf 86' lang='lat' dir='ltr'><strong>id</strong></span> <span class='ocrx_word' id='word_1_117' title='bbox 1669 1193 1778 1246; x_wconf 80' lang='lat' dir='ltr'><strong>quod</strong></span> 
     </span>
     <span class='ocr_line' id='line_1_18' title="bbox 328 1246 893 1302; baseline 0.002 -16"><span class='ocrx_word' id='word_1_118' title='bbox 328 1250 444 1286; x_wconf 86' lang='lat' dir='ltr'><strong>etiam</strong></span> <span class='ocrx_word' id='word_1_119' title='bbox 464 1247 542 1284; x_wconf 83' lang='lat' dir='ltr'><strong>fit</strong></span> <span class='ocrx_word' id='word_1_120' title='bbox 531 1262 573 1284; x_wconf 86' lang='lat' dir='ltr'>m</span> <span class='ocrx_word' id='word_1_121' title='bbox 592 1246 740 1287; x_wconf 81' lang='lat' dir='ltr'><strong>Graeco</strong></span> <span class='ocrx_word' id='word_1_122' title='bbox 761 1247 893 1302; x_wconf 76' lang='lat' dir='ltr'><strong>Epigr-</strong></span> 
     </span>
    </p>

    <p class='ocr_par' dir='ltr' id='par_1_8' title="bbox 441 1300 1775 1371">
     <span class='ocr_line' id='line_1_19' title="bbox 441 1300 1775 1371; baseline 0.001 -28"><span class='ocrx_word' id='word_1_123' title='bbox 441 1306 531 1355; x_wconf 78' lang='lat' dir='ltr'><strong>Pag.</strong></span> <span class='ocrx_word' id='word_1_124' title='bbox 561 1307 655 1345; x_wconf 90' lang='grc'><strong>260.</strong></span> <span class='ocrx_word' id='word_1_125' title='bbox 688 1307 724 1345; x_wconf 92' lang='grc'><strong>9.</strong></span> <span class='ocrx_word' id='word_1_126' title='bbox 755 1305 797 1344; x_wconf 80' lang='grc' dir='ltr'><strong>ἐν</strong></span> <span class='ocrx_word' id='word_1_127' title='bbox 814 1309 876 1371; x_wconf 75' lang='grc' dir='ltr'><strong>τῇ</strong></span> <span class='ocrx_word' id='word_1_128' title='bbox 887 1300 990 1360; x_wconf 77' lang='grc' dir='ltr'><strong>αὐτῇ</strong></span> <span class='ocrx_word' id='word_1_129' title='bbox 1013 1308 1086 1357; x_wconf 80' lang='grc' dir='ltr'><strong>τῆς</strong></span> <span class='ocrx_word' id='word_1_130' title='bbox 1117 1305 1254 1359; x_wconf 75' lang='grc' dir='ltr'><strong>ἑορτῆς</strong></span> <span class='ocrx_word' id='word_1_131' title='bbox 1285 1304 1458 1363; x_wconf 68' lang='grc' dir='ltr'><strong>ἦμέρᾳ”’</strong></span> <span class='ocrx_word' id='word_1_132' title='bbox 1438 1322 1510 1349; x_wconf 73' lang='lat' dir='ltr'><strong>ors.</strong></span> <span class='ocrx_word' id='word_1_133' title='bbox 1542 1308 1584 1347; x_wconf 89' lang='lat' dir='ltr'><strong>C.</strong></span> <span class='ocrx_word' id='word_1_134' title='bbox 1606 1306 1775 1346; x_wconf 82' lang='lat' dir='ltr'><strong>rectius:</strong></span> 
     </span>
    </p>
   </div>
   <div class='ocr_carea' id='block_1_5' title="bbox 324 1354 1778 2875">
    <p class='ocr_par' dir='ltr' id='par_1_9' title="bbox 324 1354 928 1413">
     <span class='ocr_line' id='line_1_20' title="bbox 324 1354 928 1413; baseline 0.002 -13"><span class='ocrx_word' id='word_1_135' title='bbox 324 1354 378 1412; x_wconf 75' lang='grc' dir='ltr'><strong>ἦν</strong></span> <span class='ocrx_word' id='word_1_136' title='bbox 400 1357 443 1400; x_wconf 81' lang='grc' dir='ltr'><strong>δὲ</strong></span> <span class='ocrx_word' id='word_1_137' title='bbox 461 1358 590 1413; x_wconf 64' lang='grc' dir='ltr'><strong>’ἡμέρα</strong></span> <span class='ocrx_word' id='word_1_138' title='bbox 609 1362 680 1412; x_wconf 79' lang='grc' dir='ltr'><strong>τῆς</strong></span> <span class='ocrx_word' id='word_1_139' title='bbox 697 1360 835 1413; x_wconf 74' lang='grc' dir='ltr'><strong>ἑορτῆς</strong></span> <span class='ocrx_word' id='word_1_140' title='bbox 853 1358 928 1401; x_wconf 85' lang='grc' dir='ltr'><strong>ότε.</strong></span> 
     </span>
    </p>

    <p class='ocr_par' dir='ltr' id='par_1_10' title="bbox 325 1414 1778 1524">
     <span class='ocr_line' id='line_1_21' title="bbox 440 1414 1778 1479; baseline 0.001 -24"><span class='ocrx_word' id='word_1_141' title='bbox 440 1418 533 1479; x_wconf 80' lang='grc' dir='ltr'><strong>Ρα3-</strong></span> <span class='ocrx_word' id='word_1_142' title='bbox 562 1420 654 1458; x_wconf 83' lang='grc'><strong>261.</strong></span> <span class='ocrx_word' id='word_1_143' title='bbox 687 1420 722 1457; x_wconf 87' lang='grc'><strong>1.</strong></span> <span class='ocrx_word' id='word_1_144' title='bbox 751 1420 823 1468; x_wconf 81' lang='grc' dir='ltr'><strong>τῆς</strong></span> <span class='ocrx_word' id='word_1_145' title='bbox 848 1414 987 1467; x_wconf 79' lang='grc' dir='ltr'><strong>πύλης.</strong></span> <span class='ocrx_word' id='word_1_146' title='bbox 1015 1416 1074 1454; x_wconf 83' lang='lat' dir='ltr'><strong>Ita</strong></span> <span class='ocrx_word' id='word_1_147' title='bbox 1099 1417 1139 1454; x_wconf 93' lang='lat' dir='ltr'><strong>C.</strong></span> <span class='ocrx_word' id='word_1_148' title='bbox 1169 1417 1238 1454; x_wconf 92' lang='lat' dir='ltr'><strong>ubi</strong></span> <span class='ocrx_word' id='word_1_149' title='bbox 1266 1423 1396 1456; x_wconf 79' lang='lat' dir='ltr'><strong>tamen</strong></span> <span class='ocrx_word' id='word_1_150' title='bbox 1429 1417 1665 1473; x_wconf 74' lang='lat' dir='ltr'><strong>Dufi-esnz&#39;us</strong></span> <span class='ocrx_word' id='word_1_151' title='bbox 1691 1421 1778 1465; x_wconf 74' lang='grc' dir='ltr'><strong>ταῖς</strong></span> 
     </span>
     <span class='ocr_line' id='line_1_22' title="bbox 325 1468 1210 1527; baseline -0.003 -14"><span class='ocrx_word' id='word_1_152' title='bbox 325 1469 471 1519; x_wconf 75' lang='grc' dir='ltr'><strong>πύλαις</strong></span> <span class='ocrx_word' id='word_1_153' title='bbox 487 1472 569 1510; x_wconf 82' lang='lat' dir='ltr'><strong>sive</strong></span> <span class='ocrx_word' id='word_1_154' title='bbox 586 1474 636 1526; x_wconf 77' lang='grc' dir='ltr'><strong>τῇ</strong></span> <span class='ocrx_word' id='word_1_155' title='bbox 652 1468 758 1527; x_wconf 80' lang='grc' dir='ltr'><strong>πύλῃ</strong></span> <span class='ocrx_word' id='word_1_156' title='bbox 781 1473 1050 1524; x_wconf 85' lang='lat' dir='ltr'><strong>reponendum</strong></span> <span class='ocrx_word' id='word_1_157' title='bbox 1068 1479 1210 1511; x_wconf 89' lang='lat' dir='ltr'><strong>censet.</strong></span> 
     </span>
    </p>

    <p class='ocr_par' dir='ltr' id='par_1_11' title="bbox 328 1526 1777 1636">
     <span class='ocr_line' id='line_1_23' title="bbox 440 1526 1777 1581; baseline 0.001 -14"><span class='ocrx_word' id='word_1_158' title='bbox 440 1531 530 1579; x_wconf 77' lang='lat' dir='ltr'><strong>Pag.</strong></span> <span class='ocrx_word' id='word_1_159' title='bbox 559 1531 653 1570; x_wconf 85' lang='grc'><strong>262.</strong></span> <span class='ocrx_word' id='word_1_160' title='bbox 684 1528 721 1570; x_wconf 87' lang='grc'><strong>5.</strong></span> <span class='ocrx_word' id='word_1_161' title='bbox 757 1526 962 1581; x_wconf 76' lang='grc' dir='ltr'><strong>πάραιτος.</strong></span> <span class='ocrx_word' id='word_1_162' title='bbox 994 1529 1074 1579; x_wconf 86' lang='lat' dir='ltr'>lege</span> <span class='ocrx_word' id='word_1_163' title='bbox 1095 1526 1264 1581; x_wconf 76' lang='grc' dir='ltr'><strong>ποῖρετος</strong></span> <span class='ocrx_word' id='word_1_164' title='bbox 1282 1539 1405 1568; x_wconf 76' lang='lat' dir='ltr'><em>menie</em></span> <span class='ocrx_word' id='word_1_165' title='bbox 1434 1539 1592 1581; x_wconf 77' lang='lat' dir='ltr'><strong>captus,</strong></span> <span class='ocrx_word' id='word_1_166' title='bbox 1619 1543 1700 1568; x_wconf 79' lang='lat' dir='ltr'><strong>non</strong></span> <span class='ocrx_word' id='word_1_167' title='bbox 1731 1536 1777 1569; x_wconf 78' lang='lat' dir='ltr'><strong>ut</strong></span> 
     </span>
     <span class='ocr_line' id='line_1_24' title="bbox 328 1581 1571 1636; baseline 0.001 -13"><span class='ocrx_word' id='word_1_168' title='bbox 328 1581 577 1624; x_wconf 77' lang='lat' dir='ltr'><strong>Chilmeaclus</strong></span> <span class='ocrx_word' id='word_1_169' title='bbox 595 1590 632 1622; x_wconf 82' lang='lat' dir='ltr'><strong>et</strong></span> <span class='ocrx_word' id='word_1_170' title='bbox 651 1585 716 1622; x_wconf 84' lang='lat' dir='ltr'><strong>alii</strong></span> <span class='ocrx_word' id='word_1_171' title='bbox 737 1586 1068 1636; x_wconf 77' lang='lat' dir='ltr'><strong>interpretantur,</strong></span> <span class='ocrx_word' id='word_1_172' title='bbox 1102 1584 1354 1623; x_wconf 79' lang='lat' dir='ltr'><strong>membrorum</strong></span> <span class='ocrx_word' id='word_1_173' title='bbox 1376 1587 1413 1623; x_wconf 85' lang='lat' dir='ltr'><strong>vi</strong></span> <span class='ocrx_word' id='word_1_174' title='bbox 1430 1584 1571 1624; x_wconf 81' lang='lat' dir='ltr'><strong>soluta.</strong></span> 
     </span>
    </p>

    <p class='ocr_par' dir='ltr' id='par_1_12' title="bbox 326 1637 1777 1749">
     <span class='ocr_line' id='line_1_25' title="bbox 441 1637 1777 1694; baseline -0.001 -15"><span class='ocrx_word' id='word_1_175' title='bbox 441 1643 536 1691; x_wconf 78' lang='lat' dir='ltr'><strong>Pag.</strong></span> <span class='ocrx_word' id='word_1_176' title='bbox 573 1644 663 1682; x_wconf 84' lang='grc'><strong>273.</strong></span> <span class='ocrx_word' id='word_1_177' title='bbox 696 1645 735 1683; x_wconf 90' lang='grc'><strong>8.</strong></span> <span class='ocrx_word' id='word_1_178' title='bbox 769 1637 1051 1694; x_wconf 72' lang='grc' dir='ltr'><strong>Αὐτοκράτορι.</strong></span> <span class='ocrx_word' id='word_1_179' title='bbox 1073 1647 1143 1682; x_wconf 88' lang='lat' dir='ltr'><strong>etc.</strong></span> <span class='ocrx_word' id='word_1_180' title='bbox 1167 1641 1345 1691; x_wconf 87' lang='lat' dir='ltr'><strong>Epistola</strong></span> <span class='ocrx_word' id='word_1_181' title='bbox 1370 1642 1525 1693; x_wconf 84' lang='lat' dir='ltr'><strong>spuria,</strong></span> <span class='ocrx_word' id='word_1_182' title='bbox 1556 1641 1614 1680; x_wconf 89' lang='lat' dir='ltr'><strong>uti</strong></span> <span class='ocrx_word' id='word_1_183' title='bbox 1634 1641 1777 1694; x_wconf 84' lang='lat' dir='ltr'><strong>probat</strong></span> 
     </span>
     <span class='ocr_line' id='line_1_26' title="bbox 326 1695 1422 1749; baseline 0.002 -16"><span class='ocrx_word' id='word_1_184' title='bbox 326 1696 483 1735; x_wconf 79' lang='lat' dir='ltr'><strong>doctiss.</strong></span> <span class='ocrx_word' id='word_1_185' title='bbox 502 1695 728 1735; x_wconf 75' lang='lat' dir='ltr'><strong>Doclwellus</strong></span> <span class='ocrx_word' id='word_1_186' title='bbox 750 1697 909 1736; x_wconf 80' lang='lat' dir='ltr'><strong>Dissert.</strong></span> <span class='ocrx_word' id='word_1_187' title='bbox 931 1698 1117 1749; x_wconf 73' lang='lat' dir='ltr'><strong>Cypriam.</strong></span> <span class='ocrx_word' id='word_1_188' title='bbox 1135 1711 1178 1735; x_wconf 79' lang='lat' dir='ltr'><strong>xl</strong></span> <span class='ocrx_word' id='word_1_189' title='bbox 1199 1696 1239 1749; x_wconf 55' lang='grc'><strong>5.</strong></span> <span class='ocrx_word' id='word_1_190' title='bbox 1260 1700 1328 1746; x_wconf 79' lang='grc'><strong>23,</strong></span> <span class='ocrx_word' id='word_1_191' title='bbox 1358 1699 1422 1739; x_wconf 85' lang='grc'><strong>24,</strong></span> 
     </span>
    </p>

    <p class='ocr_par' dir='ltr' id='par_1_13' title="bbox 326 1751 1776 1861">
     <span class='ocr_line' id='line_1_27' title="bbox 444 1751 1776 1805; baseline 0 -14"><span class='ocrx_word' id='word_1_192' title='bbox 444 1755 539 1804; x_wconf 85' lang='grc' dir='ltr'><strong>Ρσ3.</strong></span> <span class='ocrx_word' id='word_1_193' title='bbox 569 1756 664 1794; x_wconf 89' lang='grc'><strong>279.</strong></span> <span class='ocrx_word' id='word_1_194' title='bbox 695 1756 756 1795; x_wconf 82' lang='lat'><strong>18.</strong></span> <span class='ocrx_word' id='word_1_195' title='bbox 796 1758 941 1805; x_wconf 89' lang='grc' dir='ltr'><strong>σχοῖνα.</strong></span> <span class='ocrx_word' id='word_1_196' title='bbox 983 1755 1136 1804; x_wconf 81' lang='grc' dir='ltr'><strong>σχοινία</strong></span> <span class='ocrx_word' id='word_1_197' title='bbox 1163 1752 1413 1791; x_wconf 81' lang='lat' dir='ltr'><strong>scribendum</strong></span> <span class='ocrx_word' id='word_1_198' title='bbox 1442 1759 1573 1791; x_wconf 85' lang='lat' dir='ltr'><strong>monet</strong></span> <span class='ocrx_word' id='word_1_199' title='bbox 1592 1751 1776 1792; x_wconf 73' lang='lat' dir='ltr'><strong>Annam-</strong></span> 
     </span>
     <span class='ocr_line' id='line_1_28' title="bbox 326 1807 1383 1861; baseline 0 -14"><span class='ocrx_word' id='word_1_200' title='bbox 326 1818 400 1848; x_wconf 70' lang='grc' dir='ltr'><strong>ιον.</strong></span> <span class='ocrx_word' id='word_1_201' title='bbox 428 1808 592 1846; x_wconf 86' lang='lat' dir='ltr'><strong>Dubito:</strong></span> <span class='ocrx_word' id='word_1_202' title='bbox 622 1823 710 1847; x_wconf 84' lang='lat' dir='ltr'><strong>nam</strong></span> <span class='ocrx_word' id='word_1_203' title='bbox 731 1816 770 1847; x_wconf 83' lang='lat' dir='ltr'><strong>et</strong></span> <span class='ocrx_word' id='word_1_204' title='bbox 792 1807 927 1861; x_wconf 83' lang='grc' dir='ltr'><strong>σχοινὴ</strong></span> <span class='ocrx_word' id='word_1_205' title='bbox 957 1810 1061 1860; x_wconf 88' lang='lat' dir='ltr'><strong>apud</strong></span> <span class='ocrx_word' id='word_1_206' title='bbox 1082 1810 1178 1848; x_wconf 87' lang='lat' dir='ltr'><strong>alios</strong></span> <span class='ocrx_word' id='word_1_207' title='bbox 1196 1810 1383 1847; x_wconf 79' lang='lat' dir='ltr'><strong>occurrit.</strong></span> 
     </span>
    </p>

    <p class='ocr_par' dir='ltr' id='par_1_14' title="bbox 325 1864 1776 2027">
     <span class='ocr_line' id='line_1_29' title="bbox 441 1864 1776 1918; baseline -0.004 -11"><span class='ocrx_word' id='word_1_208' title='bbox 441 1868 534 1917; x_wconf 80' lang='grc' dir='ltr'><strong>Ρα3</strong></span> <span class='ocrx_word' id='word_1_209' title='bbox 565 1868 657 1907; x_wconf 85' lang='grc'><strong>286.</strong></span> <span class='ocrx_word' id='word_1_210' title='bbox 689 1869 754 1907; x_wconf 88' lang='grc'><strong>20.</strong></span> <span class='ocrx_word' id='word_1_211' title='bbox 785 1866 996 1918; x_wconf 79' lang='grc' dir='ltr'><strong>ἒβελλίνην.</strong></span> <span class='ocrx_word' id='word_1_212' title='bbox 1028 1866 1084 1904; x_wconf 91' lang='lat' dir='ltr'><strong>sic</strong></span> <span class='ocrx_word' id='word_1_213' title='bbox 1104 1879 1192 1904; x_wconf 89' lang='lat' dir='ltr'><strong>cum</strong></span> <span class='ocrx_word' id='word_1_214' title='bbox 1211 1866 1414 1916; x_wconf 68' lang='lat' dir='ltr'><strong>duplicia.</strong></span> <span class='ocrx_word' id='word_1_215' title='bbox 1436 1865 1545 1915; x_wconf 83' lang='lat' dir='ltr'><strong>apud</strong></span> <span class='ocrx_word' id='word_1_216' title='bbox 1563 1864 1658 1902; x_wconf 79' lang='lat' dir='ltr'><strong>alios</strong></span> <span class='ocrx_word' id='word_1_217' title='bbox 1676 1865 1776 1902; x_wconf 77' lang='lat' dir='ltr'><strong>scri-</strong></span> 
     </span>
     <span class='ocr_line' id='line_1_30' title="bbox 325 1919 1775 1973; baseline -0.001 -15"><span class='ocrx_word' id='word_1_218' title='bbox 325 1920 454 1958; x_wconf 84' lang='lat' dir='ltr'><strong>bitur:</strong></span> <span class='ocrx_word' id='word_1_219' title='bbox 501 1919 597 1958; x_wconf 88' lang='lat' dir='ltr'><strong>nihil</strong></span> <span class='ocrx_word' id='word_1_220' title='bbox 621 1921 753 1972; x_wconf 85' lang='lat' dir='ltr'><strong>itaque</strong></span> <span class='ocrx_word' id='word_1_221' title='bbox 772 1928 917 1960; x_wconf 78' lang='lat' dir='ltr'><strong>temere</strong></span> <span class='ocrx_word' id='word_1_222' title='bbox 938 1922 1189 1972; x_wconf 85' lang='lat' dir='ltr'><strong>mutandum,</strong></span> <span class='ocrx_word' id='word_1_223' title='bbox 1230 1921 1406 1973; x_wconf 86' lang='lat' dir='ltr'><strong>quamvis</strong></span> <span class='ocrx_word' id='word_1_224' title='bbox 1425 1921 1669 1960; x_wconf 78' lang='lat' dir='ltr'><strong>Annotalori</strong></span> <span class='ocrx_word' id='word_1_225' title='bbox 1687 1921 1775 1972; x_wconf 85' lang='lat' dir='ltr'><strong>pla-</strong></span> 
     </span>
     <span class='ocr_line' id='line_1_31' title="bbox 332 1976 997 2027; baseline 0.005 -14"><span class='ocrx_word' id='word_1_226' title='bbox 332 1977 412 2014; x_wconf 87' lang='lat' dir='ltr'><strong>cuit</strong></span> <span class='ocrx_word' id='word_1_227' title='bbox 431 1976 610 2027; x_wconf 83' lang='grc' dir='ltr'><strong>ε’βελίνην</strong></span> <span class='ocrx_word' id='word_1_228' title='bbox 628 1992 710 2016; x_wconf 88' lang='lat' dir='ltr'><strong>esse</strong></span> <span class='ocrx_word' id='word_1_229' title='bbox 734 1979 997 2016; x_wconf 84' lang='lat' dir='ltr'><strong>scribendum.</strong></span> 
     </span>
    </p>

    <p class='ocr_par' dir='ltr' id='par_1_15' title="bbox 328 2029 1777 2873">
     <span class='ocr_line' id='line_1_32' title="bbox 443 2029 1774 2087; baseline -0.003 -13"><span class='ocrx_word' id='word_1_230' title='bbox 443 2031 545 2083; x_wconf 81' lang='grc' dir='ltr'><strong>Ρα3.</strong></span> <span class='ocrx_word' id='word_1_231' title='bbox 574 2037 668 2075; x_wconf 86' lang='grc'><strong>291-</strong></span> <span class='ocrx_word' id='word_1_232' title='bbox 708 2035 769 2076; x_wconf 90' lang='grc'><strong>15.</strong></span> <span class='ocrx_word' id='word_1_233' title='bbox 811 2033 994 2087; x_wconf 76' lang='grc' dir='ltr'><strong>ἑωρακώς</strong></span> <span class='ocrx_word' id='word_1_234' title='bbox 1023 2031 1098 2085; x_wconf 75' lang='grc' dir='ltr'><strong>τήν</strong></span> <span class='ocrx_word' id='word_1_235' title='bbox 1119 2033 1359 2074; x_wconf 82' lang='grc' dir='ltr'><strong>τοποθεσίαν</strong></span> <span class='ocrx_word' id='word_1_236' title='bbox 1385 2035 1456 2085; x_wconf 79' lang='grc' dir='ltr'><strong>τῆς</strong></span> <span class='ocrx_word' id='word_1_237' title='bbox 1472 2029 1622 2079; x_wconf 85' lang='grc' dir='ltr'><strong>πόλεως</strong></span> <span class='ocrx_word' id='word_1_238' title='bbox 1637 2029 1774 2082; x_wconf 72' lang='grc' dir='ltr'><strong>καλήν.</strong></span> 
     </span>
     <span class='ocr_line' id='line_1_33' title="bbox 332 2087 1777 2142; baseline -0.001 -16"><span class='ocrx_word' id='word_1_239' title='bbox 332 2088 380 2126; x_wconf 83' lang='lat' dir='ltr'><strong>de</strong></span> <span class='ocrx_word' id='word_1_240' title='bbox 406 2088 515 2125; x_wconf 83' lang='lat' dir='ltr'><strong>urbis</strong></span> <span class='ocrx_word' id='word_1_241' title='bbox 535 2089 713 2139; x_wconf 80' lang='lat' dir='ltr'><strong>Byzantii</strong></span> <span class='ocrx_word' id='word_1_242' title='bbox 732 2093 828 2129; x_wconf 87' lang='lat' dir='ltr'><strong>situs</strong></span> <span class='ocrx_word' id='word_1_243' title='bbox 848 2091 1083 2142; x_wconf 83' lang='lat' dir='ltr'><strong>praestantia</strong></span> <span class='ocrx_word' id='word_1_244' title='bbox 1107 2097 1145 2128; x_wconf 87' lang='lat' dir='ltr'><strong>et</strong></span> <span class='ocrx_word' id='word_1_245' title='bbox 1164 2090 1394 2132; x_wconf 81' lang='lat' dir='ltr'><strong>amoenitate</strong></span> <span class='ocrx_word' id='word_1_246' title='bbox 1413 2089 1504 2126; x_wconf 78' lang='lat' dir='ltr'><strong>audi</strong></span> <span class='ocrx_word' id='word_1_247' title='bbox 1522 2089 1574 2126; x_wconf 80' lang='lat' dir='ltr'><strong>sis</strong></span> <span class='ocrx_word' id='word_1_248' title='bbox 1595 2087 1777 2138; x_wconf 83' lang='lat' dir='ltr'><strong>Scripto-</strong></span> 
     </span>
     <span class='ocr_line' id='line_1_34' title="bbox 329 2144 1776 2198; baseline -0.001 -16"><span class='ocrx_word' id='word_1_249' title='bbox 329 2158 412 2182; x_wconf 80' lang='lat' dir='ltr'><strong>rem</strong></span> <span class='ocrx_word' id='word_1_250' title='bbox 433 2158 668 2195; x_wconf 83' lang='lat' dir='ltr'><strong>anonymum</strong></span> <span class='ocrx_word' id='word_1_251' title='bbox 690 2147 863 2185; x_wconf 84' lang='lat' dir='ltr'><strong>nondum</strong></span> <span class='ocrx_word' id='word_1_252' title='bbox 887 2147 1032 2185; x_wconf 83' lang='lat' dir='ltr'><strong>editum</strong></span> <span class='ocrx_word' id='word_1_253' title='bbox 1054 2146 1165 2198; x_wconf 85' lang='lat' dir='ltr'><strong>cujus</strong></span> <span class='ocrx_word' id='word_1_254' title='bbox 1189 2151 1322 2184; x_wconf 81' lang='lat' dir='ltr'><strong>extant</strong></span> <span class='ocrx_word' id='word_1_255' title='bbox 1341 2145 1538 2196; x_wconf 80' lang='lat' dir='ltr'><strong>Epistolae</strong></span> <span class='ocrx_word' id='word_1_256' title='bbox 1559 2144 1776 2189; x_wconf 72' lang='lat' dir='ltr'><strong>nonjnele-</strong></span> 
     </span>
     <span class='ocr_line' id='line_1_35' title="bbox 332 2199 1774 2252; baseline -0.001 -13.997"><span class='ocrx_word' id='word_1_257' title='bbox 332 2207 464 2252; x_wconf 86' lang='lat' dir='ltr'><strong>gantes</strong></span> <span class='ocrx_word' id='word_1_258' title='bbox 487 2214 595 2239; x_wconf 88' lang='lat' dir='ltr'><strong>num.</strong></span> <span class='ocrx_word' id='word_1_259' title='bbox 614 2202 677 2244; x_wconf 95' lang='grc'><strong>24.</strong></span> <span class='ocrx_word' id='word_1_260' title='bbox 699 2201 737 2239; x_wconf 90' lang='lat' dir='ltr'><strong>in</strong></span> <span class='ocrx_word' id='word_1_261' title='bbox 758 2203 853 2240; x_wconf 84' lang='lat' dir='ltr'><strong>Cod.</strong></span> <span class='ocrx_word' id='word_1_262' title='bbox 874 2203 952 2243; x_wconf 89' lang='lat' dir='ltr'><strong>MS.</strong></span> <span class='ocrx_word' id='word_1_263' title='bbox 972 2204 1110 2241; x_wconf 82' lang='lat' dir='ltr'><strong>Baroc.</strong></span> <span class='ocrx_word' id='word_1_264' title='bbox 1134 2204 1223 2244; x_wconf 87' lang='lat'><strong>131.</strong></span> <span class='ocrx_word' id='word_1_265' title='bbox 1252 2201 1427 2252; x_wconf 85' lang='lat' dir='ltr'><strong>Epistola</strong></span> <span class='ocrx_word' id='word_1_266' title='bbox 1447 2204 1485 2243; x_wconf 90' lang='lat'><strong>7.</strong></span> <span class='ocrx_word' id='word_1_267' title='bbox 1507 2201 1565 2239; x_wconf 82' lang='lat' dir='ltr'><strong>sic</strong></span> <span class='ocrx_word' id='word_1_268' title='bbox 1582 2214 1622 2238; x_wconf 83' lang='lat' dir='ltr'><strong>se</strong></span> <span class='ocrx_word' id='word_1_269' title='bbox 1643 2199 1774 2238; x_wconf 82' lang='lat' dir='ltr'><strong>habet.</strong></span> 
     </span>
     <span class='ocr_line' id='line_1_36' title="bbox 335 2253 1776 2310; baseline -0.001 -14"><span class='ocrx_word' id='word_1_270' title='bbox 335 2254 559 2308; x_wconf 81' lang='grc' dir='ltr'><strong>Οφθαλμός</strong></span> <span class='ocrx_word' id='word_1_271' title='bbox 586 2254 662 2310; x_wconf 67' lang='grc' dir='ltr'><strong>ἄρα</strong></span> <span class='ocrx_word' id='word_1_272' title='bbox 681 2260 752 2309; x_wconf 84' lang='grc' dir='ltr'><strong>τῆς</strong></span> <span class='ocrx_word' id='word_1_273' title='bbox 774 2259 1008 2310; x_wconf 80' lang='grc' dir='ltr'><strong>οἰκουμένης</strong></span> <span class='ocrx_word' id='word_1_274' title='bbox 1029 2259 1109 2299; x_wconf 78' lang='grc' dir='ltr'><strong>ἐστὶ</strong></span> <span class='ocrx_word' id='word_1_275' title='bbox 1131 2255 1175 2298; x_wconf 82' lang='grc' dir='ltr'><strong>τὸ</strong></span> <span class='ocrx_word' id='word_1_276' title='bbox 1194 2255 1429 2306; x_wconf 75' lang='grc' dir='ltr'><strong>Βυζάντιον,</strong></span> <span class='ocrx_word' id='word_1_277' title='bbox 1462 2255 1528 2296; x_wconf 82' lang='grc' dir='ltr'><strong>καὶ</strong></span> <span class='ocrx_word' id='word_1_278' title='bbox 1548 2272 1624 2296; x_wconf 86' lang='grc' dir='ltr'><strong>ουκ</strong></span> <span class='ocrx_word' id='word_1_279' title='bbox 1647 2253 1697 2296; x_wconf 72' lang='grc' dir='ltr'><strong>ἅν</strong></span> <span class='ocrx_word' id='word_1_280' title='bbox 1717 2270 1776 2302; x_wconf 86' lang='grc' dir='ltr'><strong>τις</strong></span> 
     </span>
     <span class='ocr_line' id='line_1_37' title="bbox 332 2310 1776 2382; baseline -0.001 -30"><span class='ocrx_word' id='word_1_281' title='bbox 332 2310 436 2353; x_wconf 68' lang='grc' dir='ltr'><strong>οὕτω</strong></span> <span class='ocrx_word' id='word_1_282' title='bbox 453 2315 567 2353; x_wconf 86' lang='grc' dir='ltr'><strong>τοῦτο</strong></span> <span class='ocrx_word' id='word_1_283' title='bbox 588 2314 724 2381; x_wconf 83' lang='grc' dir='ltr'><strong>γνοίη,</strong></span> <span class='ocrx_word' id='word_1_284' title='bbox 755 2314 790 2353; x_wconf 83' lang='grc' dir='ltr'><strong>εἰ</strong></span> <span class='ocrx_word' id='word_1_285' title='bbox 807 2332 860 2366; x_wconf 87' lang='grc' dir='ltr'><strong>μη</strong></span> <span class='ocrx_word' id='word_1_286' title='bbox 883 2314 994 2366; x_wconf 81' lang='grc' dir='ltr'><strong>πέριξ</strong></span> <span class='ocrx_word' id='word_1_287' title='bbox 1014 2311 1222 2382; x_wconf 78' lang='grc' dir='ltr'><strong>διαδράμοι</strong></span> <span class='ocrx_word' id='word_1_288' title='bbox 1241 2311 1314 2366; x_wconf 71' lang='grc' dir='ltr'><strong>τήν</strong></span> <span class='ocrx_word' id='word_1_289' title='bbox 1329 2312 1587 2365; x_wconf 83' lang='grc' dir='ltr'><strong>οἰκουμένην·</strong></span> <span class='ocrx_word' id='word_1_290' title='bbox 1629 2315 1776 2377; x_wconf 87' lang='grc' dir='ltr'><strong>παραλ-</strong></span> 
     </span>
     <span class='ocr_line' id='line_1_38' title="bbox 330 2363 1775 2440; baseline -0.001 -32"><span class='ocrx_word' id='word_1_291' title='bbox 330 2365 457 2409; x_wconf 81' lang='grc' dir='ltr'><strong>λάττει</strong></span> <span class='ocrx_word' id='word_1_292' title='bbox 478 2366 551 2440; x_wconf 76' lang='grc' dir='ltr'><strong>γοῖρ</strong></span> <span class='ocrx_word' id='word_1_293' title='bbox 574 2365 700 2417; x_wconf 79' lang='grc' dir='ltr'><strong>ευθυς</strong></span> <span class='ocrx_word' id='word_1_294' title='bbox 719 2367 843 2425; x_wconf 79' lang='grc' dir='ltr'><strong>τούτῳ</strong></span> <span class='ocrx_word' id='word_1_295' title='bbox 870 2367 1011 2422; x_wconf 76' lang='grc' dir='ltr'><strong>ἑκάστη</strong></span> <span class='ocrx_word' id='word_1_296' title='bbox 1032 2374 1113 2410; x_wconf 78' lang='grc' dir='ltr'><strong>τῶν</strong></span> <span class='ocrx_word' id='word_1_297' title='bbox 1141 2367 1275 2423; x_wconf 87' lang='grc' dir='ltr'><strong>ω’ρων·</strong></span> <span class='ocrx_word' id='word_1_298' title='bbox 1320 2366 1417 2421; x_wconf 74' lang='grc' dir='ltr'><strong>οἷηρ,</strong></span> <span class='ocrx_word' id='word_1_299' title='bbox 1456 2365 1617 2409; x_wconf 80' lang='grc' dir='ltr'><strong>ἔπειδαν</strong></span> <span class='ocrx_word' id='word_1_300' title='bbox 1648 2363 1775 2435; x_wconf 81' lang='grc' dir='ltr'><strong>βραχύ</strong></span> 
     </span>
     <span class='ocr_line' id='line_1_39' title="bbox 329 2411 1775 2493; baseline -0.001 -29"><span class='ocrx_word' id='word_1_301' title='bbox 329 2441 368 2464; x_wconf 87' lang='grc' dir='ltr'><strong>τι</strong></span> <span class='ocrx_word' id='word_1_302' title='bbox 385 2428 465 2465; x_wconf 77' lang='grc' dir='ltr'><strong>τῶν</strong></span> <span class='ocrx_word' id='word_1_303' title='bbox 485 2424 607 2478; x_wconf 88' lang='grc' dir='ltr'><strong>ορίων</strong></span> <span class='ocrx_word' id='word_1_304' title='bbox 628 2411 827 2479; x_wconf 76' lang='grc' dir='ltr'><strong>προέλθοι</strong></span> <span class='ocrx_word' id='word_1_305' title='bbox 837 2430 906 2477; x_wconf 85' lang='grc' dir='ltr'><strong>τῆς</strong></span> <span class='ocrx_word' id='word_1_306' title='bbox 929 2423 1215 2493; x_wconf 81' lang='grc' dir='ltr'><strong>μητροπόλεως,</strong></span> <span class='ocrx_word' id='word_1_307' title='bbox 1241 2441 1314 2466; x_wconf 84' lang='grc' dir='ltr'><strong>ουκ</strong></span> <span class='ocrx_word' id='word_1_308' title='bbox 1333 2424 1396 2465; x_wconf 75' lang='grc' dir='ltr'><strong>ἐπὶ</strong></span> <span class='ocrx_word' id='word_1_309' title='bbox 1411 2440 1454 2465; x_wconf 90' lang='grc' dir='ltr'><strong>το</strong></span> <span class='ocrx_word' id='word_1_310' title='bbox 1476 2428 1663 2477; x_wconf 83' lang='grc' dir='ltr'><strong>κρεῖττον,</strong></span> <span class='ocrx_word' id='word_1_311' title='bbox 1689 2419 1775 2464; x_wconf 76' lang='grc' dir='ltr'><strong>ἄλλ’</strong></span> 
     </span>
     <span class='ocr_line' id='line_1_40' title="bbox 328 2475 1776 2550; baseline -0.001 -30"><span class='ocrx_word' id='word_1_312' title='bbox 328 2480 394 2521; x_wconf 77' lang='grc' dir='ltr'><strong>ἐπὶ</strong></span> <span class='ocrx_word' id='word_1_313' title='bbox 411 2496 453 2521; x_wconf 93' lang='grc' dir='ltr'><strong>το</strong></span> <span class='ocrx_word' id='word_1_314' title='bbox 483 2486 611 2533; x_wconf 84' lang='grc' dir='ltr'><strong>χεῖρον</strong></span> <span class='ocrx_word' id='word_1_315' title='bbox 633 2479 975 2550; x_wconf 80' lang='grc' dir='ltr'><strong>μεταβαλλόμενος.</strong></span> <span class='ocrx_word' id='word_1_316' title='bbox 1035 2479 1164 2549; x_wconf 79' lang='grc' dir='ltr'><strong>ὥσπερ</strong></span> <span class='ocrx_word' id='word_1_317' title='bbox 1194 2497 1269 2534; x_wconf 81' lang='grc' dir='ltr'><strong>γαρ</strong></span> <span class='ocrx_word' id='word_1_318' title='bbox 1289 2481 1369 2522; x_wconf 81' lang='grc' dir='ltr'><strong>ἐστί</strong></span> <span class='ocrx_word' id='word_1_319' title='bbox 1392 2495 1451 2528; x_wconf 90' lang='grc' dir='ltr'><strong>τις</strong></span> <span class='ocrx_word' id='word_1_320' title='bbox 1470 2481 1694 2532; x_wconf 81' lang='grc' dir='ltr'><strong>μεσαίτατος</strong></span> <span class='ocrx_word' id='word_1_321' title='bbox 1711 2475 1776 2519; x_wconf 83' lang='grc' dir='ltr'><strong>τό-</strong></span> 
     </span>
     <span class='ocr_line' id='line_1_41' title="bbox 328 2532 1775 2605; baseline -0.001 -28"><span class='ocrx_word' id='word_1_322' title='bbox 328 2553 402 2585; x_wconf 88' lang='grc' dir='ltr'><strong>πος</strong></span> <span class='ocrx_word' id='word_1_323' title='bbox 420 2540 492 2589; x_wconf 87' lang='grc' dir='ltr'><strong>τῆς</strong></span> <span class='ocrx_word' id='word_1_324' title='bbox 509 2540 601 2590; x_wconf 83' lang='grc' dir='ltr'><strong>γῆς,</strong></span> <span class='ocrx_word' id='word_1_325' title='bbox 632 2540 772 2588; x_wconf 81' lang='grc' dir='ltr'><strong>(τοῦτο</strong></span> <span class='ocrx_word' id='word_1_326' title='bbox 803 2536 844 2578; x_wconf 81' lang='grc' dir='ltr'><strong>δὲ</strong></span> <span class='ocrx_word' id='word_1_327' title='bbox 863 2534 993 2585; x_wconf 84' lang='grc' dir='ltr'><strong>ουδεὶς</strong></span> <span class='ocrx_word' id='word_1_328' title='bbox 1007 2541 1087 2578; x_wconf 78' lang='grc' dir='ltr'><strong>τῶν</strong></span> <span class='ocrx_word' id='word_1_329' title='bbox 1105 2552 1263 2578; x_wconf 87' lang='grc' dir='ltr'><strong>παντων</strong></span> <span class='ocrx_word' id='word_1_330' title='bbox 1289 2534 1531 2605; x_wconf 83' lang='grc' dir='ltr'><strong>ηκρίβωσεν,</strong></span> <span class='ocrx_word' id='word_1_331' title='bbox 1561 2533 1658 2577; x_wconf 73' lang='grc' dir='ltr'><strong>αλλὰ</strong></span> <span class='ocrx_word' id='word_1_332' title='bbox 1674 2532 1775 2587; x_wconf 79' lang='grc' dir='ltr'><strong>ψεύ-</strong></span> 
     </span>
     <span class='ocr_line' id='line_1_42' title="bbox 330 2589 1776 2645; baseline -0.001 -13"><span class='ocrx_word' id='word_1_333' title='bbox 330 2594 464 2633; x_wconf 83' lang='grc' dir='ltr'><strong>δονται</strong></span> <span class='ocrx_word' id='word_1_334' title='bbox 494 2593 535 2633; x_wconf 85' lang='grc' dir='ltr'><strong>οἱ</strong></span> <span class='ocrx_word' id='word_1_335' title='bbox 548 2597 622 2634; x_wconf 81' lang='grc' dir='ltr'><strong>τοῦ</strong></span> <span class='ocrx_word' id='word_1_336' title='bbox 641 2592 736 2642; x_wconf 79' lang='grc' dir='ltr'><strong>Διὸς</strong></span> <span class='ocrx_word' id='word_1_337' title='bbox 757 2591 885 2644; x_wconf 81' lang='grc' dir='ltr'><strong>οἶετοὶ,</strong></span> <span class='ocrx_word' id='word_1_338' title='bbox 914 2593 982 2634; x_wconf 83' lang='grc' dir='ltr'><strong>καὶ</strong></span> <span class='ocrx_word' id='word_1_339' title='bbox 1013 2595 1054 2634; x_wconf 81' lang='grc' dir='ltr'><strong>οἵ</strong></span> <span class='ocrx_word' id='word_1_340' title='bbox 1069 2593 1220 2644; x_wconf 85' lang='grc' dir='ltr'><strong>Δελφοὶ</strong></span> <span class='ocrx_word' id='word_1_341' title='bbox 1248 2608 1374 2643; x_wconf 82' lang='grc' dir='ltr'><strong>ματην</strong></span> <span class='ocrx_word' id='word_1_342' title='bbox 1407 2589 1597 2644; x_wconf 67' lang='grc' dir='ltr'><strong>αὐχοῦσιν</strong></span> <span class='ocrx_word' id='word_1_343' title='bbox 1626 2591 1690 2633; x_wconf 82' lang='grc' dir='ltr'><strong>ἐπὶ</strong></span> <span class='ocrx_word' id='word_1_344' title='bbox 1722 2593 1776 2645; x_wconf 83' lang='grc' dir='ltr'><strong>τῷ</strong></span> 
     </span>
     <span class='ocr_line' id='line_1_43' title="bbox 330 2646 1776 2717; baseline -0.001 -29"><span class='ocrx_word' id='word_1_345' title='bbox 330 2646 550 2701; x_wconf 81' lang='grc' dir='ltr'><strong>πλασματι)</strong></span> <span class='ocrx_word' id='word_1_346' title='bbox 583 2647 709 2698; x_wconf 82' lang='grc' dir='ltr'><strong>ου’τως</strong></span> <span class='ocrx_word' id='word_1_347' title='bbox 734 2651 814 2691; x_wconf 76' lang='grc' dir='ltr'><strong>ἐστί</strong></span> <span class='ocrx_word' id='word_1_348' title='bbox 831 2667 889 2699; x_wconf 90' lang='grc' dir='ltr'><strong>τις</strong></span> <span class='ocrx_word' id='word_1_349' title='bbox 906 2649 971 2690; x_wconf 81' lang='grc' dir='ltr'><strong>καὶ</strong></span> <span class='ocrx_word' id='word_1_350' title='bbox 993 2647 1196 2696; x_wconf 83' lang='grc' dir='ltr'><strong>καλλιστος</strong></span> <span class='ocrx_word' id='word_1_351' title='bbox 1216 2646 1302 2690; x_wconf 86' lang='grc' dir='ltr'><strong>οἷον</strong></span> <span class='ocrx_word' id='word_1_352' title='bbox 1326 2649 1535 2717; x_wconf 80' lang='grc' dir='ltr'><strong>ἐξηρμένος</strong></span> <span class='ocrx_word' id='word_1_353' title='bbox 1551 2647 1708 2700; x_wconf 84' lang='grc' dir='ltr'><strong>τέμενος</strong></span> <span class='ocrx_word' id='word_1_354' title='bbox 1721 2649 1776 2686; x_wconf 78' lang='grc' dir='ltr'><strong>τῶ</strong></span> 
     </span>
     <span class='ocr_line' id='line_1_44' title="bbox 329 2701 1775 2773; baseline -0.001 -29"><span class='ocrx_word' id='word_1_355' title='bbox 329 2708 437 2759; x_wconf 75' lang='grc' dir='ltr'><em>θεῷ·</em></span> <span class='ocrx_word' id='word_1_356' title='bbox 467 2705 694 2746; x_wconf 78' lang='grc' dir='ltr'><strong>ἐσπείσαντο</strong></span> <span class='ocrx_word' id='word_1_357' title='bbox 724 2722 822 2759; x_wconf 82' lang='grc' dir='ltr'><strong>γουν</strong></span> <span class='ocrx_word' id='word_1_358' title='bbox 846 2723 893 2762; x_wconf 90' lang='grc' dir='ltr'><strong>τη</strong></span> <span class='ocrx_word' id='word_1_359' title='bbox 915 2702 1034 2754; x_wconf 81' lang='grc' dir='ltr'><strong>πόλει,</strong></span> <span class='ocrx_word' id='word_1_360' title='bbox 1067 2705 1134 2745; x_wconf 82' lang='grc' dir='ltr'><strong>καὶ</strong></span> <span class='ocrx_word' id='word_1_361' title='bbox 1155 2705 1199 2744; x_wconf 80' lang='grc' dir='ltr'><strong>αἱ</strong></span> <span class='ocrx_word' id='word_1_362' title='bbox 1215 2708 1294 2745; x_wconf 76' lang='grc' dir='ltr'><strong>τῶν</strong></span> <span class='ocrx_word' id='word_1_363' title='bbox 1314 2701 1470 2757; x_wconf 82' lang='grc' dir='ltr'><strong>οἷνέμων</strong></span> <span class='ocrx_word' id='word_1_364' title='bbox 1470 2703 1620 2773; x_wconf 75' lang='grc' dir='ltr'><strong>φοραὶ,</strong></span> <span class='ocrx_word' id='word_1_365' title='bbox 1649 2704 1775 2770; x_wconf 75' lang='grc' dir='ltr'><strong>αἰγια-</strong></span> 
     </span>
     <span class='ocr_line' id='line_1_45' title="bbox 332 2755 1775 2832; baseline -0.001 -32"><span class='ocrx_word' id='word_1_366' title='bbox 332 2762 394 2800; x_wconf 86' lang='grc' dir='ltr'><strong>λοί</strong></span> <span class='ocrx_word' id='word_1_367' title='bbox 421 2776 478 2810; x_wconf 86' lang='grc' dir='ltr'><strong>τε,</strong></span> <span class='ocrx_word' id='word_1_368' title='bbox 509 2761 576 2801; x_wconf 84' lang='grc' dir='ltr'><strong>καὶ</strong></span> <span class='ocrx_word' id='word_1_369' title='bbox 595 2760 786 2803; x_wconf 84' lang='grc' dir='ltr'><strong>θαλαττα·</strong></span> <span class='ocrx_word' id='word_1_370' title='bbox 819 2763 887 2803; x_wconf 83' lang='grc' dir='ltr'><strong>καὶ</strong></span> <span class='ocrx_word' id='word_1_371' title='bbox 909 2761 943 2804; x_wconf 86' lang='grc' dir='ltr'>ὁ</span> <span class='ocrx_word' id='word_1_372' title='bbox 950 2758 1027 2816; x_wconf 80' lang='grc' dir='ltr'><strong>οἷηρ</strong></span> <span class='ocrx_word' id='word_1_373' title='bbox 1052 2765 1138 2809; x_wconf 88' lang='grc' dir='ltr'><strong>ταῖς</strong></span> <span class='ocrx_word' id='word_1_374' title='bbox 1168 2757 1335 2808; x_wconf 81' lang='grc' dir='ltr'><strong>αλύποις</strong></span> <span class='ocrx_word' id='word_1_375' title='bbox 1359 2764 1439 2801; x_wconf 77' lang='grc' dir='ltr'><strong>τῶν</strong></span> <span class='ocrx_word' id='word_1_376' title='bbox 1459 2776 1573 2832; x_wconf 81' lang='grc' dir='ltr'><strong>ωρων</strong></span> <span class='ocrx_word' id='word_1_377' title='bbox 1594 2755 1775 2810; x_wconf 78' lang='grc' dir='ltr'><strong>ποιότησι</strong></span> 
     </span>
     <span class='ocr_line' id='line_1_46' title="bbox 335 2816 1775 2875; baseline -0.001 -19"><span class='ocrx_word' id='word_1_378' title='bbox 335 2817 571 2871; x_wconf 79' lang='grc' dir='ltr'><strong>συγκραθεις</strong></span> <span class='ocrx_word' id='word_1_379' title='bbox 597 2821 807 2873; x_wconf 73' lang='grc' dir='ltr'><strong>προσηνῶς</strong></span> <span class='ocrx_word' id='word_1_380' title='bbox 826 2816 932 2875; x_wconf 78' lang='grc' dir='ltr'><strong>αυτῇ</strong></span> <span class='ocrx_word' id='word_1_381' title='bbox 960 2817 1213 2873; x_wconf 77' lang='grc' dir='ltr'><strong>περικέχυται.</strong></span> <span class='ocrx_word' id='word_1_382' title='bbox 1273 2817 1350 2858; x_wconf 74' lang='grc' dir='ltr'><strong>ἔστι</strong></span> <span class='ocrx_word' id='word_1_383' title='bbox 1370 2816 1414 2859; x_wconf 81' lang='grc' dir='ltr'><strong>δὲ</strong></span> <span class='ocrx_word' id='word_1_384' title='bbox 1441 2817 1508 2858; x_wconf 83' lang='grc' dir='ltr'><strong>καὶ</strong></span> <span class='ocrx_word' id='word_1_385' title='bbox 1529 2817 1683 2870; x_wconf 81' lang='grc' dir='ltr'><strong>μίμημα</strong></span> <span class='ocrx_word' id='word_1_386' title='bbox 1703 2817 1775 2856; x_wconf 80' lang='grc' dir='ltr'><strong>τοῦ</strong></span> 
     </span>
    </p>
   </div>
  </div>
 </body>
</html>
