1838 3230
472 171 1088 216 CHRONOGRAPHIA.
1145 171 1192 215 L.
1222 173 1273 217 V.
1543 179 1606 224 99

238 288 474 337 Ἐλθόντων
503 291 550 336 δὲ
577 295 660 335 τῶν
691 291 827 335 αὐτῶν
858 289 1060 349 Ἑλλήνων
1079 291 1142 336 ἐπὶ
1171 291 1247 348 τὴν
1271 292 1450 351 Τροίαν,
1486 292 1602 337 (ἷντέ-
1625 301 1658 336 Ο
1683 301 1749 337 124

143 376 303 417 στησαν
327 361 470 421 αὐτοῖς
490 360 529 404 οἶ
554 364 696 416 Τρῶες
714 362 779 403 καὶ
801 360 849 403 οὗ
867 359 1156 419 συνεχώρησαν
1175 360 1316 412 αὐτοῖς
1336 367 1601 420 παραβαλεῖν.

144 431 212 474 καὶ
237 433 399 474 πολλῶν
422 428 658 487 σφαγέντων
681 430 723 480 ἐξ
749 428 991 486 ἀμφοτέρων
1020 435 1103 473 τῶν
1129 435 1287 488 μερῶν,
1324 431 1367 474 ἐν
1395 429 1458 481 οἷς
1483 433 1550 473 καὶ
1581 430 1603 475 ὅ
1632 429 1635 433 ’

141 500 434 556 Πρωτεσίλαος
466 495 645 555 ἐσφάγη,
681 495 894 555 πρόμαχος
913 501 1116 551 Δαναῶν,
1154 500 1220 541 καὶ
1241 499 1290 542 οὔ
1308 497 1603 557 παρεχώρησαν

107 567 184 616 soi
199 568 384 620 Δαναοί,
421 566 497 617 ἕως
516 560 565 609 οὗ
590 567 872 622 περιεγένοντο.
944 570 1011 610 καὶ
1042 566 1273 623 κατέβησαν
1287 568 1350 610 ἐπὶ
1367 568 1443 623 τὴν
1465 566 1602 625 παροί-

140 639 230 678 λιον
248 639 324 692 γῆν
345 639 420 691 τῆς
441 636 594 691 Τροίης
613 636 680 677 καὶ
702 634 854 690 ἔδησαν
871 634 923 678 τὰ
943 640 1065 679 πλοῖα
1085 637 1285 690 σχοινίοις.
1357 634 1530 694 ἑσπέρας
1552 638 1596 680 δὲ
1619 646 1651 680 V
1674 643 1717 683 41

138 704 351 760 γενομένης
371 705 575 759 ,εῗσῆλθον
609 703 647 746 οἱ
676 707 816 759 Τρῶες
845 705 888 747 ἓν
917 709 968 760 τῇ
1000 703 1111 747 πόλει
1141 706 1208 747 καὶ
1225 704 1505 761 ἠσφαλίσαντο
1524 706 1600 756 τὰς

138 770 316 828 πόρτας·
332 790 335 792 “
351 772 456 830 μέσῃ
476 773 521 815 δὲ
547 774 660 815 νυκτὶ
678 771 840 822 Κύκνος
859 789 919 822 τις
939 771 1130 828 ὀνόματι,
1167 774 1211 815 ἐκ
1235 773 1376 829 γένους
1400 771 1597 830 ὖπάρχων

137 845 214 884 τοῦ
239 838 460 898 Πριάμοῦί,
496 841 538 884 ἐκ
557 845 631 884 τοῦ
652 842 824 896 πλησίον
850 839 1069 897 ὑπάρχων,
1107 839 1288 892 ἀκούσας
1305 841 1380 896 τὴν
1403 846 1487 885 τῶν
1504 841 1595 885 Ἑλ-

83 907 271 965 1ολήνων
290 912 346 961 εἷς
365 909 439 965 τὴν
460 910 615 967 Τροίαν
632 911 883 966 παρουσίαν,
918 910 1096 960 ἐξελθὼν
1122 911 1166 952 ἐκ
1189 914 1261 964 τῆς
1283 910 1397 953 Νέαν
1420 909 1594 969 Ἄνδρου

135 977 293 1029 πόλεως
319 978 423 1034 μετὰ
455 977 643 1033 πλήθους
673 982 826 1021 πολλοῦ
855 982 1072 1033 πολεμικοῦ
1094 977 1309 1036 ἔπέρῥιψεν
1329 978 1491 1028 αὐτοῖς·
1527 981 1595 1021 καὶ

133 1047 350 1103 γενομένης
371 1051 581 1102 συμβολῆς
601 1046 745 1097 νυκτὸς
765 1045 975 1103 φονεύεται
996 1045 1074 1089 ὖπό
1095 1046 1304 1102 Ἀχιλλέως
1323 1044 1344 1089 ὃ
1366 1046 1489 1096 αὐτὸς
1510 1045 1599 1089 Κύ-

135 1132 231 1166 κνος
257 1117 326 1159 καὶ
355 1115 500 1159 ἔπεσαν
528 1116 566 1158 οἳ
595 1115 682 1171 μετ’
716 1115 844 1158 αὐτοῦ
872 1114 950 1170 πρὸ
978 1113 1144 1172 ἡμέρας.
1214 1116 1281 1158 καὶ
1312 1115 1452 1157 λοιπὸν
1482 1114 1593 1166 ἔδοξε

134 1191 223 1235 τοΐς
251 1186 437 1235 Δαναοῖς
466 1188 718 1239 παραλαβεῖν
746 1183 821 1233 τὰς
848 1182 983 1233 πόλεις
1004 1184 1080 1233 τὰς
1100 1184 1271 1238 πλησίον
1291 1188 1365 1226 τοῦ
1387 1183 1506 1226 Ἰλίου
1524 1185 1591 1226 καὶ

80 1260 126 1297 15
135 1257 209 1309 τῆς
229 1253 396 1310 Τροίης,
435 1250 491 1303 ὥς
507 1250 803 1308 συμμαχούσας
817 1250 997 1310 Πριάμῳ
1011 1265 1021 1275 ·
1057 1253 1124 1295 καὶ
1142 1249 1381 1306 ποιήσαντες
1401 1267 1591 1307 συνωμο-

133 1323 248 1375 σίας,
285 1319 347 1364 ὅτι
375 1318 510 1364 πάντα
539 1321 592 1364 τὰ
621 1320 714 1378 παρ’
749 1320 884 1363 αὐτῶν
911 1317 1317 1377 παραλαμβανόμενα
1347 1319 1514 1376 ἄγουσιν
1534 1322 1591 1369 εἷς

130 1390 257 1445 μέσον
277 1394 360 1433 τῶν
379 1389 580 1443 βασιλέων
597 1391 664 1432 καὶ
682 1387 904 1444 προμάχων
922 1390 1077 1432 καὶτοῦ
1098 1389 1402 1446 στρατοπέδου,
1439 1388 1588 1446 ἀφορί-
1613 1403 1640 1436 Β

133 1460 245 1522 ζουσι
275 1457 348 1502 τὸν
371 1457 555 1513 Ἀχιλλέα
588 1460 655 1501 καὶ
685 1458 756 1501 τὸν
790 1461 1038 1511 Τελαμῶνος
1070 1458 1237 1501 Αἴαντα
1263 1459 1328 1499 καὶ
1359 1455 1588 1512 Διομήδην,

65 1574 74 1583 ⁸
131 1529 198 1571 καὶ
225 1526 378 1577 ebalum
406 1525 638 1584 ἐξώρμησεν
669 1524 926 1581 ὅΔιομήὸης
945 1527 1011 1568 καὶ
1033 1524 1342 1583 παραλαμβάνει
1365 1525 1438 1580 τὴν
1466 1523 1583 1567 πόλιν
1606 1538 1638 1571 0
1667 1538 1731 1573 125

74 1600 206 1640 20τοῦ
225 1595 352 1639 αὖτοῦ
373 1594 536 1639 Κύκνου
557 1593 788 1653 προμάχου,
826 1594 900 1650 τὴν
916 1595 1028 1637 Νέαν
1041 1594 1231 1650 Ἄνδρου,
1272 1594 1338 1636 καὶ
1358 1593 1432 1647 τὴν
1446 1591 1590 1649 χώραν

131 1663 258 1719 αὗτῆς
275 1661 500 1720 πραιδεύει·
536 1663 789 1721 παραλαβὼν
813 1663 857 1705 δὲ
878 1665 943 1705 καὶ
961 1663 1059 1712 τούς
1074 1661 1147 1705 δύο
1172 1662 1300 1704 αὐτοῦ
1318 1659 1455 1712 υἱούς,
1487 1659 1587 1703 Κώ-

129 1737 211 1788 βην
228 1733 295 1774 καὶ
315 1729 555 1788 Κόκαρκον,
591 1734 657 1774 καὶ
685 1731 758 1785 τὴν
779 1731 989 1786 θυγατέρα
1019 1731 1146 1773 αὐτοῦ
1183 1728 1351 1784 ὀνόματι
1377 1726 1582 1783 Γλαύκην,

131 1797 260 1845 οὖσαν
288 1800 482 1843 ἐνιαυτῶν
510 1798 578 1852 ια’,
615 1799 787 1856 εὐπρεπῆ
797 1831 811 1851 ,
850 1801 917 1840 καὶ
947 1795 1081 1841 πάντα
1111 1798 1162 1841 τὰ
1190 1797 1318 1840 αὐτοῦ
1344 1799 1410 1839 καὶ
1434 1796 1486 1839 τοὶ
1512 1801 1585 1851 τῆς

218 1919 252 1957 4.
274 1919 337 1958 καὶ
359 1931 624 1967 supervacuum:
648 1919 696 1954 sic
724 1921 761 1954 et
783 1931 817 1965 p.
839 1930 910 1964 seq.
934 1930 968 1953 v·
993 1920 1026 1954 1.
1127 1918 1182 1953 10.
1204 1917 1262 1954 20.
1286 1914 1391 1953 Νέαν
1404 1912 1582 1963 Ἄνδρου]

220 1965 420 2011 Νεάνδρου
445 1966 630 2001 Cedrenus.
723 1965 778 2001 15.
802 1965 1023 2010 συνομοσίας
1046 1963 1113 1998 Ox.

219 2069 377 2106 Graecos
398 2080 482 2105 vero
506 2068 550 2103 ad
573 2068 714 2102 Troiam
737 2066 1066 2114 appropinquantes,
1097 2065 1243 2100 Troiani
1264 2071 1479 2110 erumpentes
1498 2076 1580 2110 pro-

150 2115 326 2159 ulsabant,
349 2119 388 2151 ut
411 2115 456 2150 ad
477 2114 557 2150 litus
581 2125 696 2148 eorum
719 2125 761 2148 ne
783 2113 1006 2160 appellerent.
1051 2111 1155 2146 Multi
1176 2111 1286 2156 igitur
1307 2112 1467 2155 utrinque
1490 2111 1579 2144 ceci-

153 2165 274 2205 erunt3
296 2161 386 2197 inter
408 2172 492 2207 quos
514 2160 580 2195 fuit
602 2159 829 2201 Protesilaus,
855 2170 897 2194 ex
920 2160 1130 2194 Graecorum
1153 2156 1348 2192 auxiliariis.
1396 2157 1579 2191 Caeterum

128 2207 258 2243 Graeci
279 2208 363 2242 nihil
393 2208 572 2248 cedentes,
608 2205 668 2241 sed
692 2217 785 2240 oram
808 2205 938 2240 Troiae
971 2203 1171 2239 maritimam
1193 2203 1328 2238 tandem
1360 2206 1577 2246 occupantes,

127 2265 231 2290 naves
253 2264 330 2289 suas
351 2254 486 2288 funibus
513 2252 717 2297 alligarunt:
754 2254 852 2286 nocte
873 2262 956 2286 vero
977 2250 1177 2295 ingruente,
1213 2248 1357 2283 Troiani
1380 2248 1498 2282 urbem
1521 2258 1578 2281 re-

152 2300 344 2342 etiverunt‚
375 2303 491 2346 portas
514 2309 589 2333 suas
612 2298 839 2332 obfirmantes.
892 2297 1007 2332 Nocte
1030 2307 1111 2331 vero
1133 2294 1244 2330 media
1267 2294 1405 2339 Cygnus
1428 2293 1575 2337 quidam,

156 2344 254 2381 riami
275 2349 451 2390 cognatus,
472 2355 537 2379 nec
558 2344 659 2388 longe
682 2344 725 2377 ab
749 2344 833 2377 urbe
854 2343 1022 2385 habitans,
1049 2341 1165 2376 audito
1183 2341 1393 2375 Graecorum
1416 2338 1459 2373 ad
1482 2338 1575 2372 Tro-

125 2391 194 2427 iam
216 2390 384 2433 adventu3
420 2401 571 2436 egressus
593 2390 667 2436 ipse
689 2400 732 2423 ex
761 2389 844 2423 urbe
866 2388 1029 2424 Neandro
1053 2398 1127 2422 cum
1150 2386 1256 2432 copiis
1279 2384 1425 2429 magnis,
1462 2384 1576 2417 Grae-

126 2448 183 2472 eos
215 2436 388 2472 adoritur:
425 2436 663 2480 commissoque
695 2446 758 2481 per
789 2438 920 2470 noctem
954 2434 1104 2480 praelio,
1139 2433 1182 2467 ab
1205 2431 1336 2466 Achille
1359 2429 1488 2464 occisus
1510 2434 1574 2470 est,

125 2481 393 2536 profligatusque
415 2486 467 2517 est
488 2481 656 2516 exercitus
678 2482 771 2525 ejus,
795 2485 975 2526 antequam
997 2479 1068 2514 dies
1090 2478 1257 2512 illuxerat.
1303 2475 1485 2510 Consilium
1506 2474 1575 2508 ita-

127 2538 195 2573 que
226 2529 355 2563 Graeci
381 2527 549 2570 inierunt,
591 2527 654 2561 Ilio
688 2527 887 2572 Troiaeque
918 2526 954 2560 in
985 2524 1137 2571 proximo
1170 2522 1443 2558 circumiacentes
1472 2521 1574 2554 urbes

126 2573 420 2628 praeoccupandi3
444 2579 483 2608 ut
504 2584 593 2619 quae
614 2571 741 2607 Priami
765 2577 881 2618 partes
902 2571 1131 2617 suscepissent.
1176 2566 1377 2604 Juramentis
1399 2566 1515 2611 itaque
1535 2577 1572 2599 se

126 2619 271 2654 invicem
302 2619 568 2665 obstringentes,
601 2618 710 2663 spolia
745 2629 964 2663 quaecunque
985 2616 1021 2650 in
1043 2615 1185 2651 medium
1209 2624 1319 2649 coram
1343 2611 1491 2656 Regibus
1512 2622 1572 2645 ex-

126 2663 302 2709 ercituque
322 2665 480 2700 universo
512 2677 549 2700 se
571 2663 813 2710 producturos3
853 2663 1115 2698 secernebantur
1137 2661 1172 2694 in
1194 2660 1256 2694 hoc
1279 2657 1445 2699 Achilles,
1481 2658 1570 2701 Ajax

127 2709 363 2752 Telamonius,
396 2714 431 2745 et
461 2710 651 2747 Diomedes.
697 2710 892 2756 Derepente
923 2708 1030 2753 igitur
1058 2705 1237 2741 Diomedes
1267 2702 1432 2739 Neandro
1456 2701 1567 2747 Cygni

126 2756 372 2800 Trojanorum.
410 2768 448 2790 ro
474 2756 648 2801 ugnatoris
679 2756 763 2790 urbe
793 2758 986 2801 occupata,
1022 2752 1192 2797 regionem
1223 2751 1295 2795 ejus
1317 2749 1567 2794 depraedatum

125 2801 272 2847 filiisque
293 2801 364 2845 ejus
410 2813 452 2836 uo
477 2812 535 2843 uS,
568 2801 664 2836 Cobe
686 2805 722 2836 et
744 2801 945 2841 Cocarcho,
977 2798 1114 2844 filiaque
1138 2797 1287 2837 Glauca,
1319 2795 1383 2839 (Ἠ
1405 2805 1566 2829 annorum

125 2847 279 2893 virgine,
314 2846 475 2892 egregiae
503 2847 680 2891 formae,)
714 2846 858 2892 captivis
889 2843 1065 2886 abductis,
1110 2843 1216 2887 Regis
1246 2839 1460 2887 regionisque
1491 2840 1566 2884 ejus
