1838 3230
324 183 355 230 7
359 183 428 229 30<
913 181 1183 227 BENTLEII
1209 218 1211 221 Α
1270 225 1274 234 f

322 294 406 332 Imo
427 306 553 346 neque
570 294 689 347 magis
707 295 1011 348 contumeliose,
1041 297 1163 349 siquis
1177 296 1438 354 ἐπαριστέρως
1454 306 1494 340 et
1506 295 1703 354 perverse
1713 302 1773 342 in-

320 352 530 403 terpretmi
550 352 646 390 velit
664 352 713 391 de
734 353 981 392 sermonibus
1003 353 1054 391 ad
1079 354 1256 394 fraudem
1287 363 1327 396 et
1348 357 1545 397 fallaciam
1574 360 1769 418 composi-

322 406 394 459 tis,
437 408 651 447 secundum
681 409 783 448 illud
804 408 990 462 Aeschyli
1015 410 1055 448 in
1082 411 1329 452 Prometheo.

537 485 593 494 —-
619 486 677 493 -
707 465 830 518 Μηδέ
858 463 903 520 μ’
930 465 1105 515 οἰκτίσας

539 518 755 565 Ξύνθαλπε
773 519 922 594 μύθοις
936 521 1122 574 ψευδέσι,
1150 519 1303 591 νόσημα
1319 521 1394 579 γαρ

537 577 749 629 Αἴσχιστον
771 575 874 620 εἷναί
891 594 996 630 φημι
1014 577 1232 628 συνθέτους
1248 576 1404 632 λόγους
1772 614 1774 616 -

199 639 233 672 Ο
256 637 302 675 67
324 631 446 670 Error
476 638 607 671 autem
639 640 748 672 ortus
781 641 839 674 est
867 649 916 673 ex
940 647 1146 687 perperam
1184 636 1380 675 intellecto
1408 636 1501 674 loco
1531 634 1768 676 Scholiastae

322 687 528 740 Aristoph.
567 689 619 727 ad
649 690 803 729 Pacem.
870 691 1010 730 Poetae
1046 691 1196 731 scilicet
1227 691 1514 743 Dithyrambici
1551 693 1769 732 verborum

322 751 452 783 amant
471 745 695 784 tralationes
715 746 758 787 ἐκ
776 762 857 787 των
887 761 1113 800 μετεωρων,
1137 761 1187 786 ex
1215 750 1352 797 astris,
1381 747 1574 798 nubibus,
1602 748 1768 800 aliisque

322 814 421 853 quae
443 801 482 839 in
511 802 667 840 sublimi
694 803 717 840 f
721 809 810 852 unt
856 803 1027 841 libenter
1055 804 1169 842 etiam
1194 804 1397 842 vocabulis
1430 804 1766 856 sesquipedalibus

320 864 361 896 et
381 859 656 908 coagmentatis
685 866 862 898 utuntur.
919 859 1136 898 Demetrius
1164 859 1255 913 περὶ
1285 860 1525 913 Ερμηνείας.
1580 859 1767 913 Ληπτέον

320 912 448 954 δὲκαὶ
475 911 647 955 σύνθετα
677 911 849 968 ὀνόματα
879 911 929 955 ου’
962 913 1010 956 τοὶ
1049 917 1350 982 διθυραμβικῶς
1386 916 1639 986 συγκείμενα,
1679 912 1767 956 οἷον

321 967 593 1036 Θεοπεροὶτους
625 964 800 1021 πλάνας,
853 967 947 1012 οὐδὲ
983 975 1150 1022 Αστρων
1186 968 1413 1026 δορύπυρον
1449 969 1634 1025 στρατον,
1676 967 1765 1012 αλλ’

318 1022 477 1066 ἐοικότα
502 1032 583 1074 τοῖς
612 1024 693 1068 ύπὸ
723 1031 795 1079 τῆς
820 1024 1011 1078 ἀληθείας
1040 1027 1318 1081 συγκειμένοις.
1389 1028 1439 1066 Et
1462 1028 1617 1067 Horatii
1642 1027 1764 1066 illud:

318 1085 398 1120 Seu
418 1096 489 1134 per
509 1083 676 1122 audaces
701 1099 801 1123 nova
820 1083 1092 1135 dithyrambos
1117 1085 1243 1122 Verba
1274 1083 1462 1123 devolvit.
1515 1084 1606 1135 Ipse
1624 1083 1765 1122 Suidas

319 1138 434 1176 alibi:
465 1136 937 1192 Διθυραμβοδιὸάσκαλοι
956 1139 1046 1191 περὶ
1069 1156 1150 1180 των
1170 1136 1374 1193 μετεώρων
1395 1139 1463 1180 καὶ
1479 1154 1561 1180 των
1586 1142 1766 1190 νεφελῶν

317 1194 475 1246 λέγουσι
491 1193 639 1244 πολλα,
664 1195 731 1236 καὶ
754 1196 972 1243 συνθέτους
994 1194 1037 1236 δὲ
1037 1195 1174 1266 λέξεις
1194 1196 1357 1237 ἐποίουν
1377 1195 1444 1236 καὶ
1464 1195 1547 1250 ἔγλε
1549 1210 1596 1236 ον
1612 1195 1771 1237 ἐνδιαε-

316 1250 677 1315 ριανερινηχέτους
720 1248 804 1300 οἷος
835 1247 889 1304 ἦν
920 1254 998 1292 Ιων
1028 1251 1049 1293 6
1083 1255 1185 1300 Χῖος
1214 1248 1394 1304 ποιητής.
1462 1251 1631 1290 Omnino
1670 1251 1764 1291 vide

315 1306 652 1357 Aristophanem
641 1321 682 1344 m
702 1308 824 1356 Pace,
853 1307 1015 1358 ejusque
1047 1314 1323 1346 enarratorem.
1379 1309 1515 1359 ltaque
1535 1307 1618 1360 jam
1640 1307 1764 1345 mani-

313 1363 414 1401 sesto
432 1369 676 1415 compertum
697 1369 735 1401 et
753 1363 1039 1414 deprehensum
1056 1370 1116 1401 est
1135 1364 1278 1402 suidae
1295 1363 1555 1405 mendacium.
1618 1366 1764 1403 TPIA-

315 1421 490 1458 ΓΜΟΝ.
546 1420 673 1457 Locus
694 1425 754 1456 est
773 1418 936 1457 illustris
959 1419 1065 1470 apud
1082 1419 1454 1470 Harpocrationem3
1483 1431 1600 1470 quem
1619 1431 1668 1456 ex
1683 1432 1762 1458 usu

315 1474 436 1512 suerit
456 1474 650 1526 integrum
670 1475 900 1514 describere.
959 1472 1315 1528 Ιων.1σοκρᾶτης
1343 1474 1386 1515 ἐν
1406 1491 1460 1514 τω
1480 1474 1569 1540 περὶ
1594 1476 1665 1525 τῆς
1679 1479 1760 1514 Αν-

312 1527 511 1578 τιδόσεως.
572 1534 695 1578 Ιωνος
714 1534 787 1571 τοῦ
807 1533 876 1582 τῆς
902 1531 1128 1585 Τραγῳδίας
1152 1534 1322 1582 ποιητοῦ
1346 1516 1592 1582 μνημονεύω
1613 1526 1663 1569 α“ν
1681 1532 1759 1570 νῦν

314 1586 339 1628 0‘
360 1583 489 1639 ῥήτωρ
527 1587 663 1638 (atqui
686 1601 756 1625 nec
777 1587 818 1624 in
840 1601 883 1625 ea
904 1587 1080 1625 oratione
1102 1600 1175 1625 nec
1197 1587 1239 1625 in
1257 1587 1420 1655 ιεὶἰῖυἰε
1443 1599 1542 1637 quae
1565 1598 1668 1624 nunc
1689 1599 1760 1624 ex-

314 1649 423 1690 tant,
451 1648 509 1680 est
534 1643 610 1680 ulla
632 1643 777 1681 mentio
805 1642 930 1692 Ionis,
961 1642 1070 1694 quod
1091 1640 1278 1708 sciam)
1266 1641 1310 1690 ο“ς
1333 1644 1387 1694 ἠν
1407 1644 1507 1689 Χῖος
1534 1639 1607 1692 μὲν
1633 1640 1759 1694 γένος,

313 1696 403 1746 υἷος
425 1697 467 1738 δὲ
492 1698 770 1752 Ορθομένους,
797 1698 1001 1750 ἐπίκλησιν
1025 1697 1068 1739 δὲ
1090 1694 1267 1742 Ξούθου.
1325 1697 1472 1751 ἔγραψε
1505 1696 1548 1738 δὲ
1572 1696 1640 1737 καὶ
1663 1696 1760 1766 μέλη

313 1752 439 1795 πολλοὶ
460 1754 528 1795 καὶ
543 1755 782 1822 τραγῳδιας,
815 1755 882 1795 καὶ
905 1751 1132 1805 φιλόσοφόν
1162 1770 1199 1794 τι
1217 1749 1449 1806 σύγγραμμα
1471 1769 1542 1794 τον
1565 1751 1761 1822 Τριαγμᾶν

315 1807 658 1865 ἐπιγραφόμενον,
695 1808 791 1864 όπερ
822 1812 1069 1863 Καλλίμαχος
1097 1809 1371 1863 ἀντιλέγεσθαι
1390 1822 1541 1876 φησιν,
1581 1824 1635 1856 ως
1658 1812 1760 1849 Επι-

316 1866 467 1920 γένους.
533 1871 596 1907 Εν
634 1867 754 1914 ἐνίοις
789 1866 831 1907 δὲ
859 1883 926 1907 και
955 1868 1232 1919 πληθυντικως
1262 1861 1524 1932 ἐπιγραφεται
1558 1863 1758 1933 Τριαγμοὶ,

315 1921 428 1963 καθοέ
442 1919 668 1992 Δημήτριος
689 1921 711 1964 6
730 1920 915 1975 Σκήψιος
937 1922 1004 1963 καὶ
1023 1923 1305 1972 Λπολλωνίδης
1325 1920 1349 1962 6
1378 1917 1557 1968 Νικαεύς.
1586 1917 1759 1974 αναγροῖ-

318 1991 443 2029 φουσι
464 1976 546 2018 δὲ’
529 1995 571 2019 εν
604 1975 713 2034 αυτῷ
741 1976 846 2019 τάδε.
901 1977 1013 2032 Αρχη
1035 1978 1076 2019 δέ
1097 1994 1164 2031 μοι
1179 1980 1251 2018 τοῦ
1267 1974 1383 2047 λόγου
1404 1973 1532 2017 πάντα
1553 1977 1664 2044 τρία,
1691 1975 1757 2015 καὶ

315 2033 436 2074 πλέον
465 2036 603 2083 τουδε,
644 2021 764 2075 πλέον
793 2031 965 2075 ἕλασσων
989 2031 1139 2075 τούτων
1164 2036 1284 2085 τριῶν
1310 2031 1415 2082 ἑνὸς,
1444 2032 1611 2073 εκαστου
1639 2028 1757 2083 αρετή

316 2105 446 2142 τριας,
474 2087 630 2138 σύνεσις
650 2106 715 2130 και
739 2106 881 2143 κρατος
897 2090 964 2131 καὶ
980 2087 1091 2143 τύχη.
1130 2091 1230 2128 Male
1252 2090 1326 2127 ista
1344 2089 1521 2154 percepit
1537 2088 1756 2138 Interpres;

317 2147 387 2197 qui
402 2147 456 2183 ita
476 2147 613 2184 vertit:
641 2144 744 2184 velut
766 2162 819 2185 ex
838 2161 879 2185 eo
905 2146 1012 2186 Dem.
1038 2145 1105 2187 Sc.
1125 2156 1159 2184 et
1175 2145 1256 2198 Ap.
1276 2144 1328 2186 N.
1349 2143 1425 2183 ista
1446 2152 1757 2183 commemorant.

316 2202 399 2252 Ego
428 2215 522 2240 vero
548 2202 605 2240 sic
632 2202 986 2253 interpungendum
1014 2216 1095 2240 esse
1126 2215 1285 2240 censeo:
1312 2197 1485 2241 καθᾶΔ.
1506 2198 1526 2240 6
1545 2202 1591 2238 Σ.
1615 2197 1682 2237 καὶ
1708 2202 1756 2238 A.

316 2257 342 2298 6
364 2257 548 2305 Νικαεύς.
605 2254 892 2310 Λναγράφουσι
921 2256 983 2309 δὲ,
1013 2257 1196 2297 nimirum
1225 2263 1294 2295 aut
1319 2254 1628 2295 Eratosthenes
1616 2267 1658 2291 ιιι
1678 2253 1758 2291 De-

314 2313 588 2366 scriptionibus
606 2323 833 2366 temporum,
865 2321 932 2352 aut
950 2315 1081 2365 potius
1100 2312 1388 2351 Callimachus·
1377 2326 1418 2349 m
1443 2308 1603 2349 Tabulis
1631 2309 1757 2347 omnis

311 2371 460 2421 generis
488 2368 686 2408 librorum.
752 2370 849 2407 Nam
884 2366 1129 2423 οἶναγράφειν
1154 2375 1209 2407 εει
1238 2369 1280 2406 in
1309 2368 1460 2406 tabulas
1488 2378 1690 2404 recensere
1717 2370 1757 2403 et

313 2425 493 2475 mittere,
522 2426 564 2463 in
590 2426 808 2475 catalogum
832 2426 992 2464 ret'erre.
1059 2426 1149 2477 Ipse
1179 2423 1465 2491 Harpocration
1494 2421 1607 2459 alibi:
1638 2418 1756 2472 Εὔη-

314 2496 397 2527 νος
457 2478 544 2521 Δύο
566 2477 864 2547 ἀναγράφουσιν
888 2478 1076 2533 Εύήνους
1105 2481 1280 2551 ἐλεγείων
1308 2475 1490 2530 ποιητάς,
1520 2474 1756 2529 ὁμωνύμους

316 2532 518 2588 αλλήλοις·
547 2533 731 2603 καθαπερ
747 2536 1027 2605 Ερατοσθένης
1041 2536 1082 2576 ἕν
1101 2540 1154 2589 τῷ
1170 2535 1259 2588 περὶ
1275 2537 1602 2587 Χρονογραφιῶν.
1631 2531 1756 2570 Athe-

314 2605 436 2630 naeus
455 2606 524 2632 xv.
582 2593 662 2633 Καὶ
687 2591 752 2632 τὸν
767 2590 884 2646 λόγον
903 2595 1045 2633 τοῦτον
1063 2577 1261 2644 ἀνέγραψε
1281 2592 1528 2641 Καλλίμαχος
1547 2589 1589 2629 ἐν
1609 2591 1659 2642 τῇ
1674 2590 1754 2627 τῶν

317 2651 545 2700 Ρητορικῶν
566 2644 797 2712 αναγραφῇ,
827 2650 868 2687 in
891 2646 1078 2699 Catalogo
1098 2645 1283 2686 librorum
1302 2645 1535 2684 Rhetorice»
1527 2660 1610 2683 um
1639 2644 1754 2682 Hunc

315 2710 444 2741 autem
462 2719 607 2743 mmem
635 2705 676 2742 in
699 2705 856 2742 Tabulis
883 2705 967 2743 istis
994 2703 1148 2741 tenebat
1178 2701 1459 2750 Callimachus,
1489 2707 1534 2738 ut
1562 2700 1753 2751 cujusque

190 2764 267 2800 06
246 2765 289 2800 68
313 2759 404 2798 libri
423 2761 548 2811 prima
565 2760 686 2798 velba
708 2761 905 2798 describei
907 2767 966 2810 et
995 2760 1099 2797 sicut
1115 2758 1181 2796 hic
1204 2758 1246 2796 fit
1267 2758 1373 2810 apud
1395 2756 1754 2808 Harpocrationem.

314 2816 443 2855 Unum
463 2817 733 2859 tantummodo
751 2817 972 2869 exemplum
990 2815 1145 2855 afferam
1158 2844 1169 2865 ,
1199 2814 1291 2866 quia
1310 2813 1463 2868 pridem
1482 2811 1578 2854 haec
1596 2811 1644 2851 ab
1664 2824 1752 2851 eru-
