1838 3230
0 0 95 172 r·

152 303 252 340 των,
283 287 352 329 καὶ
373 281 508 341 πάσης
529 285 574 328 δὲ
595 287 670 340 τῆς
687 279 858 334 πόλεως,
896 280 1087 337 στρώσας
1106 280 1181 327 τὴν
1202 280 1269 326 διὰ
1289 281 1463 337 μυλίτου
1485 282 1624 336 λίθου,

154 355 199 398 ἔκ
221 359 306 398 τῶν
329 356 444 398 ἲδίων
463 354 635 410 ἀγαθῶν
656 354 803 402 λίθους
821 351 900 394 ἀπὸ
926 353 1140 407 Θηβαΐδος
1157 353 1223 394 καὶ
1245 350 1298 394 τὰ
1320 352 1364 394 δὲ
1381 351 1503 394 λοιπὰ
1525 351 1628 394 ἀνα-

153 420 329 479 mpura
361 424 404 466 ἐκ
434 427 518 466 τῶν
550 423 663 466 ἰδίων
691 418 1088 479 φιλοτιμησάμενος,
1135 427 1279 471 καθώς
1317 424 1384 463 καὶ
1420 421 1462 463 ἓν
1487 423 1628 478 λιθίνῃ

153 493 278 536 πλακὶ
306 490 475 549 γράψας
497 489 652 546 ταύτην
672 490 747 546 τὴν
767 491 1000 547 φιλοτιμίαν
1027 489 1194 544 ἔστησεν
1225 489 1353 545 αὐτὴν
1379 491 1421 532 ἓν
1443 494 1494 547 τῇ
1519 488 1627 547 πύλῃ

118 565 207 619 ὅτῇ
234 561 427 618 λεγομένῃ
459 564 543 603 τῶν
571 560 812 618 Χερουβίμ·
850 559 1004 602 ἐκεῖθεν
1033 558 1112 616 γὰρ
1141 558 1308 615 ἤρξατο.
1379 557 1468 613 ἥτις
1495 557 1626 615 στήλη

152 631 263 674 ἐστὶν
284 629 358 680 ἕως
378 630 451 685 τῆς
470 633 544 672 νῦν
565 630 665 683 ἐκεῖ,
701 626 756 679 ὥς
771 626 949 684 μεγάλης
967 626 1095 682 οὔσης
1115 632 1189 683 τῆς
1207 628 1454 685 φιλοτιμίας.

246 697 405 741 ’Ἐκτισε
437 699 482 741 δὲ
511 699 579 740 καὶ
601 699 643 741 ἓν
664 698 895 757 Καισαρείᾳ
917 701 991 752 τῆς
1011 698 1294 752 Παλαιστίνης
1323 694 1522 754 λουτρόν,
1558 698 1624 740 καὶ
1647 702 1682 737 Ε

152 759 209 811 ἓν
230 768 482 826 Νικομηδείᾳ
510 771 585 822 τῆς
619 768 822 816 Βιθυνίας
856 767 922 809 καὶ
955 767 997 809 ἐν
1021 766 1178 824 Ἐφέσῳ
1207 770 1284 822 τῆς
1314 765 1475 817 Ἀσίας·
1522 764 1626 825 ἅπερ
1653 772 1686 807 O
1710 772 1779 809 368

152 833 331 893 δημόσια
349 835 503 892 λουτρὰ
522 838 579 887 εἷς
597 836 643 879 τὸ
664 836 768 878 ἴδιον
785 833 1021 878 ἐπεκάλεσεν
1040 834 1184 889 ὄνομα.

439 221 441 232 1
477 161 1096 208 CHRONOGRAPHIA.
1151 160 1200 205 L.
1228 159 1302 232 XI.
1526 166 1625 214 281

95 909 142 944 10
252 906 340 948 Καὶ
361 904 549 948 ἀνελθὼν
580 906 643 947 ἐπὶ
659 902 819 960 Ῥώμην
838 904 989 947 ἔκτισεν
1013 905 1054 946 ε”ν
1073 908 1124 962 τῇ
1140 900 1275 961 Ῥώμῃ
1297 902 1453 960 ἀγωγὸν
1473 903 1624 959 με’γαν·

150 974 218 1018 καὶ
237 972 381 1017 ἔκαυσε
407 974 503 1023 τοὺς
519 972 680 1030 χάρτας
697 977 771 1017 τοῦ
792 974 992 1027 ταμιείου,
1019 973 1081 1030 ἐφ’
1109 971 1168 1023 οἷς
1187 970 1213 1027 ἦ
1236 970 1461 1028 σύγκλητος
1483 970 1630 1029 ἐγγρά-

149 1059 241 1100 φως
273 1040 530 1099 ὡμολόγησεν
566 1044 629 1085 ἐπὶ
660 1047 735 1086 τοῦ
758 1044 974 1099 Καίσαρος
992 1041 1163 1085 Ἰουλιόυ
1189 1044 1232 1084 Γ
1228 1044 1343 1094 α’ΐου,
1378 1041 1474 1097 παρ’
1497 1041 1626 1084 αὐτοῦ

150 1111 458 1164 κελευσθέντες,
486 1111 546 1167 μὴ
577 1113 719 1162 ἐξεῖναι
756 1110 1021 1167 συγκλητικὸν
1055 1107 1260 1166 διαθήκην
1294 1117 1422 1153 ποιεῖν
1448 1111 1504 1160 εἷς
1525 1110 1624 1161 τούς
1647 1120 1680 1154 V
1705 1121 1772 1157 120

151 1181 303 1233 ἲδίους,
334 1182 369 1224 εἰ
386 1179 445 1236 μὴ
465 1180 512 1223 τὸ
531 1179 657 1236 ἣμισυ
676 1180 800 1238 μέρος
818 1184 891 1235 τῆς
913 1179 1043 1223 αὐτοῦ
1064 1180 1297 1236 περιουσίας
1318 1180 1548 1222 διατίθεται
1571 1181 1628 1230 εἷς

95 1253 140 1289 15
153 1249 224 1292 τὸν
246 1249 352 1292 κατὰ
375 1249 516 1305 καιρὸν
538 1249 734 1303 βασιλέα,
773 1248 942 1306 εἰρηκὼς
964 1246 985 1291 ὅ
1011 1249 1135 1299 αὐτὸς
1157 1248 1447 1300 εὐσεβέστατος
1476 1249 1628 1291 Ἀντω-

150 1325 260 1368 νΐνος
288 1317 358 1361 διὰ
382 1319 501 1361 θείου
534 1318 664 1361 αὐτοῦ
695 1316 827 1361 τύπου
862 1318 1031 1361 ἕκαστον
1063 1315 1283 1361 ἀπολαύειν
1312 1322 1394 1360 τῶν
1423 1319 1538 1361 ἰδίων
1560 1319 1628 1361 καὶ

149 1384 424 1442 βουλεύεσθαι
443 1385 500 1437 ὥς
515 1387 642 1431 θέλει.

248 1453 297 1499 ‘O
317 1456 362 1498 δὲ
379 1455 503 1506 αὐτὸς
516 1455 765 1508 Ἀντωνῖνος,
799 1453 855 1506 ὥς
876 1455 985 1499 ἐστὶν
1006 1455 1048 1498 ἒν
1065 1455 1242 1515 Λωρίῳ,
1274 1453 1455 1506 νοσίσας
1471 1453 1627 1513 ἡμέρας

149 1522 286 1582 ὀλίγας
306 1524 535 1578 ἀπέθανεν,
570 1524 626 1568 ὢν
647 1526 842 1568 ἐνιαυτῶν
861 1522 930 1577 οζ.

91 1600 140 1636 20
256 1593 378 1637 Μετὰ
408 1594 452 1636 δὲ
483 1594 558 1650 τὴν
590 1595 801 1648 βασιλείαν
826 1593 1063 1636 Ἀντωνίνου
1085 1593 1320 1647 ἐβασίλευσε
1338 1590 1518 1648 Μάρκος
1538 1591 1629 1634 Ἀν-

149 1669 316 1712 τωνῖνος
351 1660 372 1705 ὅ
406 1660 649 1720 φιλόσοφος,
682 1661 703 1705 ὃ
731 1662 820 1711 υἱὸς
850 1661 996 1714 αὐτοῦ,
1028 1660 1096 1716 ἔτη
1126 1659 1179 1716 ιη’
1203 1663 1269 1703 καὶ
1290 1665 1425 1716 μῆνας
1445 1659 1503 1704 θ’.
1576 1656 1628 1716 ’ἦν
1653 1670 1686 1705 O
1710 1671 1779 1707 369

151 1732 196 1773 δὲ
234 1729 491 1786 κονδοειδῆς,
539 1729 708 1783 λεπτός,
747 1728 913 1782 λευκός,
950 1728 1211 1784 μιξοπόλιος,
1250 1728 1496 1787 κονδόθριξ,
1535 1728 1628 1772 εὐό-

152 1803 372 1858 φθαλμος,
411 1797 605 1856 εὖπώγων
615 1832 628 1853 ,
666 1797 1070 1856 λεπτοχαράκτηρος,
1107 1797 1369 1857 μακρόρινος.
1440 1796 1461 1842 ὅ
1485 1800 1529 1842 δὲ
1548 1798 1625 1842 αὗ-
1648 1811 1679 1847 Β

243 1922 276 1957 1.
299 1920 392 1967 τήν]
418 1918 537 1968 αὐτὴν
561 1921 626 1957 Ch.
720 1922 775 1957 18.
803 1919 936 1966 Δωρίῳ
962 1920 1051 1962 ΟΧ.,
1075 1919 1205 1967 Δωρίῳ
1229 1919 1295 1954 Ch.

147 2023 251 2060 baide
274 2028 478 2072 exportato,
502 2024 687 2072 sumptibus
711 2023 860 2070 propriis
882 2022 1150 2059 stratuminavit=
1184 2022 1237 2058 uti
1262 2025 1396 2058 constat
1419 2034 1462 2058 ex
1487 2023 1623 2059 Tabula

147 2071 307 2116 lapidea,
340 2083 459 2118 quam,
483 2072 584 2107 titulo
608 2071 885 2116 magnificentiae
908 2071 1005 2115 hujus
1028 2070 1247 2116 inscriptam,
1284 2070 1328 2104 ad
1352 2070 1622 2105 cherubinorum

147 2123 305 2164 portam,
325 2119 416 2153 unde
438 2118 591 2164 incoepit
613 2130 716 2164 opus,
741 2118 867 2151 erexit:
892 2116 983 2161 quod
1006 2115 1141 2162 quidem
1163 2120 1411 2151 mouumentum
1434 2116 1535 2152 etiam
1559 2116 1623 2150 ad-

148 2166 215 2198 huc
237 2164 287 2198 ibi
309 2163 453 2207 visitur,
491 2165 528 2199 in
550 2165 639 2198 tanti
662 2163 775 2209 operis
800 2163 1000 2197 memoriam.

239 2209 332 2245 Idem
370 2211 473 2245 etiam
505 2211 701 2246 Caesareae
732 2209 947 2244 Palaestinae
970 2208 1131 2242 Balneum
1154 2207 1324 2253 publicum
1349 2207 1521 2242 extruxit:
1554 2207 1622 2241 Ni-

148 2256 322 2291 comediae
345 2256 450 2292 etiam
476 2257 683 2302 Bithyniae,
705 2254 821 2297 aliud;
858 2254 960 2289 etiam
985 2254 1078 2289 aliud
1100 2253 1232 2300 Ephesi
1252 2253 1289 2287 in
1313 2254 1414 2295 Asia3
1451 2252 1563 2289 omnia
1585 2254 1621 2287 in

148 2311 268 2336 nomen
290 2314 385 2337 suum
407 2303 572 2338 vocitata.

239 2347 382 2384 Romam
405 2354 518 2384 autem
540 2359 715 2390 reversus,
748 2358 903 2392 magnum
925 2345 974 2381 ibi
997 2345 1255 2391 Aquaeductum
1282 2344 1448 2379 condidit.
1495 2344 1621 2389 Legem

149 2394 260 2428 nutem
283 2406 305 2429 a
327 2394 421 2430 Julio
446 2394 595 2430 Caesare
618 2394 696 2429 olim
720 2394 842 2435 latam,
876 2405 943 2439 qua
967 2399 1102 2427 cautum
1128 2396 1225 2433 erat,
1260 2402 1305 2424 ne
1328 2391 1423 2435 cujus
1447 2390 1622 2425 Senatorii

150 2437 278 2474 ordinis
299 2440 367 2475 viri
389 2445 501 2476 ratum
525 2445 613 2476 esset
636 2440 679 2474 de
700 2440 799 2474 bonis
821 2438 888 2474 suis
913 2439 1188 2480 Testamentum,
1226 2436 1290 2471 uisi
1313 2435 1342 2470 si
1365 2436 1535 2470 dimidiam
1560 2448 1621 2471 eo-

150 2494 226 2518 rnm
249 2491 378 2531 partem
401 2487 607 2532 Imperatori
630 2498 693 2532 pro
717 2491 874 2530 tempore
898 2485 1068 2530 legasset,
1093 2482 1318 2530 pientissimus
1344 2482 1534 2516 Antoninus
1558 2483 1622 2517 ab-

151 2530 310 2574 rogum
346 2533 569 2578 syngraphas
593 2533 695 2567 etiam
727 2530 896 2574 Fiscales‚
940 2530 1061 2575 quibus
1085 2530 1129 2564 ad
1152 2530 1216 2563 hoc
1241 2529 1403 2562 Senatum
1429 2528 1622 2562 obstrinxe-

151 2579 228 2616 rat,
257 2578 500 2613 comburendas
524 2579 641 2620 dedit;
680 2577 793 2612 divino
817 2589 877 2611 suo
902 2576 1050 2620 Edicto,
1082 2575 1236 2611 omnibus
1259 2573 1463 2608 facultatum
1485 2585 1621 2609 suarum

151 2619 294 2655 liberum
315 2633 409 2658 usum
432 2628 469 2658 et
491 2623 776 2670 dispensationem
800 2622 1000 2657 concedens.

243 2667 428 2703 Antoninus
452 2675 576 2713 autem,
601 2670 680 2705 dum
704 2669 816 2705 Loriis
839 2670 1123 2710 commorabatur,
1147 2666 1264 2701 morbo
1289 2668 1480 2711 correptus,
1503 2665 1622 2712 paucis

151 2716 228 2758 post
250 2711 370 2748 diebus
391 2713 538 2758 interiit,
570 2728 692 2751 annum
715 2727 820 2760 agens
844 2725 979 2749 Lxxvn.

177 2802 186 2811 ·
242 2758 394 2804 Excepit
416 2761 505 2795 hunc
526 2762 664 2797 Marcus
687 2761 886 2802 Autumnus,
910 2760 1148 2806 Philosophus,
1171 2758 1243 2802 ejus
1266 2756 1376 2799 filius3
1409 2757 1470 2803 qui
1493 2769 1621 2803 regna-

153 2808 205 2837 vit
229 2814 333 2838 annos
354 2815 442 2839 xvm
471 2810 507 2841 et
528 2819 654 2842 menses
677 2819 726 2842 1x.
774 2808 864 2841 Erat
887 2812 999 2845 autem
1032 2809 1165 2839 statura
1188 2807 1307 2845 curta,
1344 2815 1490 2850 corpore
1514 2804 1620 2846 tenui,

152 2849 266 2885 colore
291 2849 447 2893 candido,
471 2853 650 2896 subcanus,
688 2851 855 2899 capillitio
880 2852 992 2894 brevi,
1015 2850 1123 2885 oculis
1145 2849 1308 2896 pulchris,
1330 2850 1507 2893 barbatus,
1530 2849 1620 2885 facie
