1838 3230
317 184 414 234 658
803 180 1288 232 ANNOTATIONES,

431 300 522 349 Pag.
554 298 647 339 486.
678 300 718 338 2.
760 298 833 348 τῆς
860 294 985 350 οὔσης
1010 296 1135 352 πέραν
1164 298 1207 339 ἒν
1232 299 1541 352 Ιουστινιαναῖς]
1571 300 1767 341 Suburbia

315 353 411 392 haec
441 354 559 393 litore
587 352 928 404 Constantinopoli
955 354 1122 394 adverso
1142 355 1232 404 sita,
1262 355 1391 396 Συκαὶ
1409 357 1501 395 olim
1531 357 1655 396 diotu-
1665 365 1769 396 sunt.

315 409 500 461 Stephon.
526 410 575 448 de
595 410 683 450 ur.b
707 408 856 458 Συκαὶ,
886 406 1001 457 πόλις
1028 427 1191 464 αντικρυ
1221 414 1293 463 τῆς
1313 411 1405 476 νέας
1426 409 1592 465 Ραῖμης,
1614 412 1651 467 ἦ
1667 410 1768 455 καθ’

315 464 422 518 ’ἡμᾶς
444 465 709 506 Ιουστινιαναι
731 471 1107 520 προσαγορευθεῖσα.
1166 469 1216 506 Ρ1
1220 470 1361 519 ocopio
1386 475 1514 507 tamen
1534 467 1765 512 Ιουκονδιοῖ-

315 538 405 569 ναι,
434 528 656 571 vocantur,
698 521 747 558 de
777 521 906 560 Aedif.
937 523 1077 562 Justin.
1106 524 1174 562 lib.
1199 528 1234 565 1.
1261 525 1336 562 nisi
1367 538 1479 564 error
1507 525 1676 566 Librarii
1704 527 1767 568 sit.

313 552 454 628 Hodie,
488 576 649 628 Galum,
677 584 843 615 vocatur
867 577 944 617 hoc
964 580 1175 632 oppidum.
1205 579 1253 618 de
1271 594 1350 631 quo
1372 581 1466 620 vide
1482 581 1566 621 Pet.
1591 582 1767 634 Gyllium

315 634 364 673 de
382 636 551 685 Topogr.
574 634 772 673 Constant.
790 634 858 673 lib.
878 634 917 676 4.
938 648 1024 686 cap.
1047 639 1109 679 10.

426 704 520 753 Pag.
550 700 646 742 487.
678 700 716 743 4.
747 700 815 740 καὶ
833 698 1033 755 κατεπάρη
1055 702 1096 742 ἐν
1116 705 1169 757 τῇ
1185 702 1257 757 γῇ]
1290 699 1491 756 κατεπᾶρη
1513 718 1597 747 nor.
1615 708 1656 747 2.
1678 705 1768 745 Pas-

312 757 418 796 sivae
436 757 550 795 vocis
570 763 630 795 est
647 772 669 794 a
686 757 811 795 verbo
828 757 973 807 πείρω.·
1003 758 1170 809 ideoque
1192 758 1286 796 huic
1305 759 1394 797 loco
1410 761 1522 800 nullo
1535 761 1652 809 modo
1674 775 1769 800 con-

312 814 449 852 venire
477 819 622 864 potest.
688 814 807 851 Forte
834 814 967 863 itaque
999 814 1231 866 legendum,
1273 814 1493 870 κατέπειρε,
1533 819 1767 869 ρεηειναυίἰὲ

311 869 391 908 hoc
410 870 514 909 enim
531 869 680 907 Auctor
700 869 830 907 dicere
851 870 992 908 voluit.

422 939 523 989 Pag.
552 936 650 979 487.
683 941 720 979 6.
773 937 1041 989 Νικομηδείας
1071 935 1187 989 μέρος
1213 938 1471 991 καταπεσεῖν]
1502 937 1669 992 συνέβη,
1698 946 1768 993 aut

313 994 411 1044 quid
431 994 533 1044 tale,
564 993 699 1031 deesse
719 993 892 1033 videtur.

423 1059 525 1112 Pag.
557 1060 654 1102 487.
683 1059 749 1102 24.
786 1059 880 1107 τούς
901 1058 972 1111 μὲν
991 1055 1230 1112 ἔφούρκισε]
1263 1060 1425 1100 Cedren.
1446 1060 1578 1110 habet,
1609 1059 1767 1113 ἕφύλκιε

314 1127 369 1155 σε.
427 1116 530 1154 Vide
556 1130 654 1165 quae
674 1116 722 1154 de
741 1115 820 1154 hoc
844 1116 1038 1154 vocabulo
1061 1129 1181 1167 supra
1201 1117 1444 1167 notavimus,
1473 1117 1523 1156 ad
1542 1120 1738 1169 pag-427.

425 1186 520 1235 Pag.
549 1186 643 1225 488.
674 1187 711 1225 8.
760 1184 803 1224 ἐν
830 1184 1051 1237 Γενεθλίῳ]
1105 1184 1157 1222 De
1195 1184 1305 1222 urbis
1336 1185 1530 1223 Natalitiis
1566 1185 1765 1237 loquitur,

314 1251 412 1289 quae
443 1239 653 1289 quotannis
684 1238 776 1276 Maii
804 1254 867 1286 xx,
896 1240 972 1290 jam
1005 1240 1096 1276 olim
1127 1254 1147 1276 a
1178 1240 1424 1279 Constantini
1438 1241 1490 1280 M.
1511 1241 1765 1294 temporibus,

312 1295 502 1333 celebrari
520 1295 634 1333 solita
655 1301 756 1332 sunt.
815 1295 913 1333 Vide
937 1309 1054 1346 supra
1076 1296 1141 1335 lib.
1169 1300 1231 1338 13.

423 1360 521 1414 Pag.
550 1362 645 1404 489.
675 1366 716 1404 2.
764 1359 811 1401 τοὶ
839 1361 1017 1402 ἐπέκεινα
1041 1365 1114 1402 τοῦ
1142 1359 1352 1413 Εβδόμου]
1395 1362 1586 1414 Εβδομον
1616 1363 1767 1402 Subur-

312 1418 422 1455 bium
454 1424 537 1456 erat
571 1418 1068 1469 Constantinopolitamun,
1115 1419 1279 1469 septimo
1307 1418 1354 1455 ab
1386 1419 1484 1456 urbe
1500 1419 1632 1471 lapide
1652 1420 1765 1458 dissi-

313 1480 420 1512 tum:
464 1473 525 1511 uti
543 1473 700 1526 jamjam
719 1481 953 1512 monuerunt
973 1475 1052 1512 viri
1070 1474 1196 1524 docti,
1231 1487 1279 1511 ex
1296 1474 1503 1525 Procopio,
1532 1475 1708 1526 aliisque.

428 1531 522 1581 Pag.
550 1529 647 1572 489
677 1532 716 1572 3.
758 1533 830 1570 τοῦ
861 1529 904 1571 δὲ
935 1531 1067 1583 Ριγίου
1097 1527 1203 1570 πάνυ
1223 1528 1371 1577 πολλοὶ]
1402 1532 1485 1571 Scr.
1516 1532 1676 1583 Ρηγίου,
1707 1532 1767 1569 uti

313 1585 433 1623 habet
453 1585 666 1624 Cedrenus.
725 1586 892 1637 Procop.
918 1586 966 1623 de
986 1586 1150 1626 Aedific.
1177 1586 1313 1625 Justin.
1334 1587 1360 1624 1.
1381 1586 1419 1626 4
1455 1602 1524 1626 του
1555 1585 1598 1626 δὲ
1621 1588 1765 1655 Ρηγίου

315 1640 495 1681 ἐπέκεινα
527 1639 641 1689 πόλις
669 1641 750 1682 ἐστί
772 1657 850 1682 που
860 1669 871 1688 ‚
914 1638 1087 1695 Λθύρας
1108 1640 1249 1695 ὄνομα.
1307 1641 1493 1694 Stephan.
1511 1641 1559 1680 de
1575 1643 1666 1682 Urb.
1689 1640 1766 1696 Ρή-

314 1713 414 1751 γιον,
454 1695 568 1744 πόλις
589 1698 773 1749 Ελληνίς.

429 1756 743 1806 Pag.489.12.
784 1768 865 1794 των
892 1752 1109 1806 λεγομένων
1129 1748 1328 1806 Αβαρων]
1360 1754 1415 1792 De
1435 1753 1627 1793 Abaribus
1642 1753 1764 1804 hisce,

317 1822 532 1859 eorumque
552 1810 712 1859 origine,
741 1810 834 1848 vide
851 1809 1059 1861 Nicephoi.
1076 1809 1174 1849 Ilist.
1197 1811 1342 1849 Eccles.
1363 1810 1429 1849 lib.
1457 1811 1518 1852 18.
1535 1824 1621 1862 cap.
1641 1814 1714 1852 30.-

433 1868 528 1917 Pag.
559 1869 652 1908 489.
685 1866 749 1908 15.
781 1869 927 1917 θνῆσις
947 1866 988 1906 ἐν
1011 1863 1423 1906 Κωνσταντινουπὸλει
1442 1863 1521 1906 α’πὸ
1541 1863 1763 1919 βουβόνων]

315 1921 373 1960 De
395 1922 534 1959 morbo
556 1921 634 1959 hoc
655 1922 885 1974 pestilente,
915 1923 983 1972 qui
1007 1935 1079 1972 per
1102 1936 1162 1959 1211
1193 1936 1385 1960 annorum
1417 1923 1586 1974 spatium
1609 1930 1678 1974 p'er
1701 1937 1763 1960 or-

314 1976 404 2014 bem
425 1977 651 2015 universum
671 1984 867 2028 grassatus
892 1984 967 2026 est,
997 1977 1089 2015 vide
1110 1979 1338 2028 Evagrium‚
1370 1979 1437 2015 lib.
1462 1981 1500 2019 4.
1523 1992 1607 2030 cap.
1629 1981 1696 2022 28.
1723 1984 1763 2016 et

317 2032 485 2083 Procop.
502 2032 551 2070 de
569 2034 668 2072 Bell.
689 2034 831 2072 Persic.
850 2034 915 2071 lib.
936 2038 974 2076 2.
996 2047 1163 2084 quorum
1185 2040 1350 2086 uterque
1370 2034 1655 2073 exactissimam
1676 2032 1760 2086 ejus

318 2087 624 2138 descriptionem
656 2089 729 2126 tibi
751 2089 920 2128 exhibet.

431 2144 635 2195 Pag·489.
669 2148 731 2186 16.
759 2143 807 2184 τοὶ
826 2141 994 2197 μεθόδια
1008 2141 1138 2185 πάντα
1148 2142 1395 2199 κραββατους
1416 2141 1614 2198 ἄργυρους
1629 2143 1762 2196 ἐποίη-

320 2203 413 2247 σαν]
442 2201 554 2238 locus
583 2199 656 2237 iste
683 2204 848 2251 pessime
872 2208 1081 2252 corruptus
1111 2209 1188 2240 est.
1219 2215 1361 2253 neque,
1389 2207 1435 2238 ut
1452 2214 1557 2238 nunc
1575 2199 1760 2249 sehabet,

320 2269 455 2294 sensus
485 2255 626 2294 exinde
645 2257 873 2294 commodus
900 2258 1003 2295 ullus
1024 2258 1110 2295 elici
1127 2265 1270 2309 potest.
1327 2258 1403 2294 Pro
1429 2252 1599 2308 μεθόδια
1614 2256 1759 2306 itaque,

319 2310 507 2364 μεθόρια,
538 2318 574 2349 et
591 2325 663 2362 pro
684 2328 888 2365 αργυρους,
904 2309 1059 2364 ἅργους,
1075 2314 1280 2363 legendum
1301 2313 1457 2351 omnino
1477 2312 1623 2364 judico.
1668 2312 1761 2350 Cer-

318 2374 357 2405 te
385 2368 548 2405 durante
568 2367 643 2405 hac
659 2368 724 2406 lue
744 2367 840 2406 adeo
859 2382 1065 2407 numerosa
1088 2376 1171 2408 erat
1188 2368 1434 2408 morientium
1454 2367 1683 2414 multitudo,
1714 2374 1761 2405 ut

320 2423 370 2460 ad
397 2424 589 2462 cadavera
631 2423 821 2462 efferenda
858 2424 1068 2475 sandapilis
1094 2439 1171 2463 non
1199 2424 1497 2470 sufficientibus,
1540 2424 1764 2475 Imperator

319 2479 423 2517 mille
442 2480 535 2517 alias
554 2480 637 2518 fieri
665 2480 878 2518 curaverit:
913 2481 1048 2530 Neque
1076 2479 1149 2518 hae
1177 2487 1306 2518 tamen
1332 2479 1496 2517 mortuis
1525 2479 1758 2532 sepeliendis

320 2535 412 2572 satis
433 2535 518 2573 suet
521 2543 604 2585 unt
634 2537 694 2575 uti
714 2542 878 2575 testatur
895 2535 992 2573 Εοᾶι
995 2549 1090 2573 enus
1111 2537 1152 2573 in
1168 2536 1397 2574 Justiniano.
1426 2551 1479 2574 τω
1501 2533 1544 2575 δὲ
1561 2537 1757 2589 φεβρουα-

320 2591 392 2645 ρίῳ
421 2606 517 2643 μηνι
542 2591 677 2644 γέγονε
704 2595 852 2644 θνῆσις
881 2587 1129 2660 ανθρώπων,
1158 2591 1224 2631 καὶ
1252 2587 1416 2643 μάλιστα
1446 2606 1526 2631 των
1561 2590 1682 2640 νέων,
1703 2590 1756 2643 ,ἐν

320 2645 755 2697 Κωνσταντινουπόλει,
805 2645 902 2688 ω’στε
932 2648 1062 2699 μένειν
1087 2643 1268 2697 οἷταφους
1293 2662 1387 2693 τους
1425 2643 1754 2700 αποθνήσκοντας

318 2701 428 2742 ἐπὶ
400 2701 550 2755 ημέρας
569 2708 690 2773 τρεῖς,
722 2702 788 2744 δια
811 2720 854 2744 το
875 2720 927 2756 μη
949 2703 1140 2772 ἐξαρκεῖν
1147 2718 1238 2749 τους
1257 2699 1503 2755 κραββατους
1521 2718 1601 2743 των
1619 2702 1755 2754 ἐκκλη-

319 2760 436 2807 σιων,
463 2758 529 2798 καὶ
547 2774 627 2799 των
646 2756 797 2812 ευαγῶν
815 2761 956 2808 οἴκων,
985 2756 1080 2811 πρὸς
1097 2774 1138 2798 το
1160 2757 1339 2825 ἐκφέρειν
1361 2775 1455 2807 τους
1462 2761 1749 2829 τελευτῶντας·

318 2810 416 2854 όθεν
440 2810 610 2867 ποιήσας
632 2815 656 2857 ὁ
683 2814 863 2869 βασιλεὺς
891 2815 1000 2870 ἕτερα
1022 2810 1241 2869 κραββατια
1261 2815 1380 2867 χίλια,
1409 2814 1476 2857 καὶ
1503 2810 1608 2868 μηδ’
1625 2828 1768 2861 ουτως
