1838 3230
299 171 397 218 482
692 167 978 212 IOANNIS
1008 169 1348 214 MALALAE

399 286 484 328 Καὶ
503 288 560 343 τῷ
578 285 688 344 αὐτῷ
711 283 843 343 χρόνῳ
864 288 1068 342 Λογγῖνος
1096 287 1270 344 ἔπαρχος
1296 286 1452 340 πόλεως
1479 287 1742 348 προεβλήθη·

299 352 409 403 ὅστις
427 353 601 408 ἕστρωσε
619 355 665 396 τὸ
689 355 907 408 μεσίαυλον
923 359 996 410 τῆς
1025 361 1238 412 βασιλικῆς
1266 358 1484 414 κιστέρνης.
1554 357 1680 402 ἔκτισε
1700 360 1746 403 δὲ

298 423 364 464 καὶ
384 421 480 470 τοὺς
505 420 703 475 ἐμβόλους
721 426 795 477 τῆς
817 422 943 477 αὐτῆς
959 428 1171 479 βασιλικῆς
1192 425 1409 481 εὐπρεπῶς.

392 488 508 531 Ἰδών
526 490 570 531 δὲ
590 488 726 545 κύριος
743 488 763 532 ὅ
784 490 884 539 θεὸς
901 490 962 532 ὅτι
983 491 1306 547 ἓπληθύνθησαν
1327 494 1369 535 αἶ
1389 494 1552 548 ἀνομίαι
1569 498 1652 538 τῶν
1669 493 1742 545 ἇν-

245 563 275 597 C
299 554 494 612 θρῶπων,
517 555 688 613 ἐπήγαγε
709 562 861 600 πτῶσιν
880 558 1110 615 ἀνθρώπων
1132 562 1194 602 ἐπὶ
1216 566 1287 615 τῆς
1310 566 1384 617 γῆς
1412 564 1466 612 εἷς
1483 560 1685 616 ἓξᾶλειψιν
1701 563 1775 608 ἒνὸ
1825 599 1827 602 .

296 622 446 673 πάσαις
462 630 552 674 ταῖς
569 624 708 668 πόλεσι
735 628 802 668 καὶ
824 627 864 668 ἐν
885 633 975 676 ταΐς
991 626 1154 685 χώραις.
1191 627 1433 685 ἐπεκράτησε
1455 630 1532 687 γὰρ
1550 628 1575 684 ἦ
1595 634 1745 686 θνῆσις

295 693 359 734 ἐπὶ
366 690 531 748 χρόνον,
556 692 659 736 ὥστε
677 694 735 748 μὴ
755 694 967 751 αὐταρκεῖν
983 696 1081 745 τούς
1100 694 1349 747 θάπτοντας.
1393 699 1497 748 τινὲς
1514 698 1591 753 γὰρ
1611 699 1678 740 καὶ
1700 699 1743 740 ἐκ

294 764 378 802 τῶν
399 761 512 802 ἰδίων
531 761 651 804 οἷ’κων
667 762 708 803 ἐν
730 763 900 812 ξυλίνοις
923 762 1141 819 κραβάτοις
1163 765 1366 821 ἐξέφερον,
1403 768 1468 808 καὶ
1493 766 1587 808 οὗὸὲ
1614 763 1744 815 οὕτως

294 825 498 884 ἐξήρκουν.
535 828 674 884 ἔμενον
692 830 769 886 γὰρ
790 832 860 872 καί
878 848 966 874 τινα
986 836 1067 874 τῶν
1088 831 1362 887 σκηνωμάτων
1384 834 1447 876 ἐπὶ
1467 832 1620 890 ἡμέρας
1641 832 1743 875 ἄτα·-

150 909 183 943 0
204 908 273 944 225
295 909 379 953 φα·
414 896 518 946 τινὲς
538 897 616 954 γὰρ
636 899 701 939 καὶ
720 902 801 940 τῶν
825 899 936 941 ἰδίων
954 904 1183 956 προσγενῶν
1201 900 1275 952 τὴν
1295 901 1430 957 ταφὴν
1454 901 1528 944 οὐκ
1559 901 1739 955 ἔβλεπον.
1754 910 1799 944 10

295 962 539 1021 ἐπεκράτησε
556 967 601 1008 δὲ
616 964 642 1020 ἦ
660 965 929 1021 εὐσπλαγχνία
941 973 1013 1010 τοῦ
1027 972 1129 1011 θεοῦ
1146 970 1186 1010 ἐν
1197 970 1406 1026 Βυζαντίῳ
1427 970 1489 1010 ἐπὶ
1507 973 1640 1023 μῆνας
1653 967 1740 1012 δύο.

395 1035 515 1086 Μηνὶ
543 1035 796 1091 σεπτεμβρίῳ
840 1036 1086 1085 ῗνὸικτιῶνος
1122 1034 1154 1087 ζ’
1187 1036 1337 1092 ἐγένετο
1368 1036 1529 1091 σεισμὸς
1556 1037 1598 1080 ἓν
1615 1037 1743 1089 Κυζί-

294 1116 352 1159 κῳ
361 1133 374 1153 ,
414 1101 544 1143 καὶτὸ
564 1100 687 1155 ἥμισυ
710 1106 782 1156 τῆς
799 1102 925 1156 αὐτῆς
944 1102 1098 1153 πόλεως
1119 1103 1243 1147 ἔπεσε.
1632 1114 1634 1116 ’

394 1170 480 1209 Καὶ
500 1173 559 1227 τῷ
579 1169 690 1226 αὐτῷ
708 1167 841 1228 χρόνῳ
863 1171 1067 1226 ἀνηνέχθη
1099 1171 1270 1228 ἔφιππος
1297 1168 1424 1226 στήλη
1454 1175 1527 1214 τοῦ
1545 1170 1744 1225 βασιλέως

240 1244 271 1279 D
291 1234 576 1278 Ἰουστινιανοῦ
624 1239 795 1291 πλησίον
831 1242 905 1279 τοῦ
932 1240 1131 1281 παλατιόυ
1177 1240 1218 1281 ἓν
1246 1243 1304 1296 τῷ
1343 1239 1541 1297 λεγομένῳ
1573 1239 1741 1295 Αὖγου-
1753 1239 1795 1275 15

292 1300 442 1345 στεῶν·
474 1302 564 1358 ἣτις
594 1302 723 1358 στήλη
751 1299 801 1358 ἦν
824 1304 1038 1361 Ἀρκαδιόυ
1066 1307 1288 1360 βασιλέως,
1325 1305 1465 1366 πρῴην
1490 1303 1594 1350 οὖσα
1612 1308 1655 1350 ἐν
1682 1311 1740 1366 τῷ

295 1367 450 1428 Ταύρῳ
474 1372 516 1413 ἐν
537 1373 745 1428 βωμίσκῳ.
1780 1380 1781 1383 ’

385 1438 454 1480 Ἕν
474 1438 585 1496 αὐτῷ
608 1440 653 1480 δὲ
672 1443 730 1496 τῷ
744 1437 879 1498 χρόνῳ
904 1443 971 1482 καὶ
993 1439 1137 1490 σπάνις
1155 1440 1265 1483 οἷ’νου
1285 1440 1449 1496 ἐγένετο.

395 1509 468 1563 Τῷ
488 1507 532 1548 δὲ
548 1508 747 1565 νοεμβρίῳ
767 1509 863 1562 μηνὶ
888 1509 1113 1566 διαστροφὴ
1134 1509 1282 1564 ἐγένετο
1309 1511 1399 1566 περὶ
1431 1512 1505 1563 τῆς
1531 1507 1740 1565 ἀποκρεω-

292 1572 436 1625 σι’μου·
474 1572 495 1615 ὅ
527 1575 571 1616 δὲ
603 1574 726 1624 αὐτὸς
755 1576 946 1627 βασιλεὺς
976 1577 1218 1634 προσέταξεν
1245 1575 1384 1632 ἑτέραν
1404 1574 1616 1631 ἑβδομάδα
1633 1580 1796 1632 τερα-20

290 1644 420 1695 θῆναι
439 1641 557 1698 κρέα·
593 1643 660 1684 καὶ
678 1639 823 1692 πάντες
843 1644 917 1697 μὲν
939 1645 977 1687 οἱ
995 1648 1230 1702 κρεωπῶλαι
1255 1643 1437 1701 ἔσφαξαν
1464 1646 1531 1687 καὶ
1557 1644 1742 1701 προέθη-

381 1760 417 1839 Z).
452 1757 668 1806 αὐταρκεῖν]
703 1762 804 1798 Immo
829 1759 1032 1808 ἅντοιρκεῖν.
1125 1765 1158 1799 8.
1190 1763 1386 1810 κραβάτοις
1409 1764 1497 1806 Ch„
1524 1761 1740 1809 κραβάττοις

417 1817 451 1840 x.

381 1907 513 1943 Eodem
534 1911 687 1956 tempore
704 1909 889 1955 Longinus,
911 1910 1015 1945 Urbis
1035 1913 1230 1957 praefectus
1252 1911 1653 1954 constitutus‚-Basfficae
1675 1912 1737 1947 Oi-

288 1955 424 1987 sternae
446 1954 644 1989 Mesiaulum
675 1956 865 2001 pavimento
889 1957 1030 1991 stravit:
1065 1958 1252 2003 porticibus
1275 1958 1375 1992 etiam
1401 1957 1546 2002 ejusdem
1568 1958 1737 1993 Basilicae

290 1997 466 2042 magnifice
487 1999 692 2035 instauratis.

381 2042 506 2078 Videns
538 2050 647 2080 autem
669 2046 830 2080 Dominus
860 2046 950 2081 Deus
982 2046 1222 2092 multiplicatas
1252 2060 1323 2082 esse
1356 2047 1520 2082 hominum
1542 2047 1737 2093 iniquitates

290 2091 418 2134 pestem
439 2089 584 2133 immisit,
608 2103 695 2135 quae
716 2104 777 2136 per
797 2092 943 2136 singulas
968 2093 1070 2126 Orbis
1092 2095 1246 2138 regiones
1278 2094 1457 2137 urbesque,
1482 2093 1526 2126 ad
1549 2099 1733 2127 extremam

290 2145 378 2178 pene
414 2135 550 2169 humani
594 2137 726 2180 generis
769 2137 971 2172 deletionem
1011 2138 1176 2180 invaluit3
1220 2150 1324 2183 usque
1364 2139 1448 2172 adeo
1487 2138 1735 2182 ingravescens,

290 2181 328 2212 ut
349 2190 412 2212 nec
434 2181 624 2225 sepulturae
646 2186 853 2216 mortuorum
875 2183 955 2217 satis
988 2189 1098 2218 essent
1118 2183 1345 2228 sandapilarii.
1392 2184 1485 2224 Quin
1507 2183 1610 2228 aliqui
1634 2183 1734 2217 etiam

290 2228 448 2268 aegrotos
470 2237 544 2260 suos
566 2226 739 2270 grabbatis
761 2228 881 2271 ligneis
904 2240 947 2261 ex
970 2229 1107 2264 aedibus
1123 2229 1189 2263 suis
1212 2229 1412 2269 efferebant,
1434 2228 1659 2263 tabernaculis
1681 2229 1735 2262 in-

290 2269 484 2304 cludendos.
530 2271 599 2305 Sed
622 2282 730 2316 neque
752 2272 798 2305 sic
821 2284 920 2317 pares
945 2275 1081 2308 mortuis
1102 2274 1301 2320 sepeliendis
1325 2274 1488 2314 extitere;
1517 2284 1658 2318 quorum
1680 2286 1735 2308 sa-

290 2315 335 2348 tis
358 2316 465 2357 multi,
488 2327 551 2361 per
574 2316 645 2350 dies
666 2316 805 2360 aliquot,
828 2318 986 2361 insepulti
1004 2321 1201 2363 jacueruntz
1227 2319 1375 2365 plurimis
1398 2318 1496 2352 etiam
1519 2330 1582 2352 nec
1599 2319 1736 2364 Cogna-

290 2359 333 2392 tis
359 2360 426 2394 suis
448 2372 601 2405 suprema
621 2362 834 2396 solventibus.
890 2364 1051 2407 Byzantii
1080 2370 1192 2399 autem
1223 2376 1286 2410 per
1317 2375 1442 2398 menses
1473 2364 1555 2398 duos
1586 2365 1735 2399 obtinuit

291 2404 529 2440 Misericordia
553 2407 689 2441 Divina.

381 2451 498 2485 Mense
521 2452 726 2497 Septembri,
748 2451 871 2486 Indict.
895 2464 954 2487 vn.
978 2454 1071 2490 urbis
1089 2454 1207 2500 Cyzici
1227 2453 1363 2488 dimidia
1385 2464 1477 2498 pars,
1500 2457 1615 2489 terrae
1634 2454 1735 2491 moti-

290 2496 351 2530 bus
376 2496 518 2539 agstata,
542 2498 679 2533 corruit.

380 2542 509 2576 Eodem
531 2542 631 2577 etiam
652 2548 806 2588 tempore
827 2543 1002 2588 Equestris
1024 2547 1136 2580 statua
1156 2544 1333 2580 Justiniani
1354 2544 1590 2589 Imperatoris,
1617 2545 1734 2590 (quae

289 2586 426 2620 Arcadii
448 2587 667 2631 Imperatoris
689 2589 765 2624 olim
786 2589 934 2633 fuerat)
959 2601 980 2624 a
1003 2590 1112 2624 Tauri
1133 2591 1283 2625 Bomisco
1306 2590 1454 2633 tralata,
1482 2590 1519 2624 in
1540 2593 1732 2635 Augustaeo

291 2641 400 2677 prope
423 2632 584 2677 palatium
607 2634 758 2669 excitata
781 2638 843 2668 est.

381 2676 510 2711 Eodem
531 2682 684 2723 tempore
707 2679 775 2713 vini
799 2680 899 2714 etiam
922 2681 997 2714 erat
1018 2681 1170 2724 penuria.

380 2722 498 2756 Mense
530 2728 641 2758 autem
664 2725 869 2767 Novembri,
901 2725 1087 2770 Imperator
1110 2725 1348 2771 Carnis-privii
1379 2731 1508 2773 tempus
1527 2726 1731 2767 iuven-surus,

291 2777 354 2811 per
377 2767 515 2801 alteram
539 2769 650 2803 adhuc
670 2771 889 2816 septimanam
908 2782 1022 2806 carnes
1044 2783 1164 2807 venum
1187 2772 1309 2817 exponi
1327 2773 1433 2816 jussit.
1479 2771 1642 2806 Laniones
1663 2770 1731 2804 ita-

292 2821 358 2855 que
381 2823 491 2847 omnes
509 2817 701 2850 mactavere
723 2820 758 2851 et
779 2828 899 2852 venum
922 2828 1036 2852 carnes
1059 2828 1279 2863 proposuere:
1302 2829 1397 2855 nemo
1421 2828 1503 2853 vero
1521 2818 1727 2853 vescebatur.
