1838 3230
306 178 406 226 494
695 173 988 218 IOANNIS
1017 176 1356 220 MALALAE

306 293 449 351 σποίνῃ
471 291 587 348 ἡμῶν
607 296 658 350 τῇ
677 290 859 351 θεοτόκῳ
881 293 921 337 ἕν
939 294 1200 349 Βλαχίρναις.
1280 296 1347 337 καὶ
1375 295 1588 351 ἐκβληθεὶς
1607 295 1750 341 ἑπτῶν

306 361 426 418 ὅρων,
453 360 506 411 ὥς
536 359 602 404 οἷα
626 360 730 403 κατὰ
751 361 949 414 βασιλέως
971 360 1244 417 σκεψάμενος,
1283 364 1348 405 καὶ
1369 365 1612 418 ἐξετασθείς,
1630 364 1751 407 Υκατοί-

303 435 404 472 θετο
433 428 494 471 ὅτι
522 431 588 471 καὶ
610 426 782 478 Ἰσάκιος
814 427 835 472 ὃ
867 429 1175 486 ἅργυροπράτης
1201 429 1221 472 ὅ
1250 431 1355 473 κατὰ
1384 429 1650 486 Βελισσάριον
1676 431 1750 474 τὸν

303 498 514 553 πατρίκιον
536 497 602 539 καὶ
626 495 749 545 αὐτὸς
777 494 934 540 σύνοιδε
958 502 1008 555 τῇ
1041 499 1142 555 αὐτῇ
1170 500 1387 556 ἐπιβουλῇ,
1425 501 1491 541 καὶ
1511 502 1636 548 Βΐτος
1663 499 1710 542 δὲ
1727 496 1750 542 ὅ

306 562 617 621 ἄργυροπράτης
652 565 718 606 καὶ
754 567 924 615 Παῦλος
957 563 979 608 ὃ
1000 563 1206 608 ὗποπτίων
1228 569 1510 623 Βελισσαρίου.
1561 568 1647 609 ’καὶ
1669 566 1783 621 ὄψι-5
1835 586 1838 588 ·

305 632 488 689 φοτὲρων
522 632 799 686 συσχεθέντων
832 635 898 674 καὶ
929 634 1177 676 ἕκὸοθέντων
1207 637 1455 692 Προκοπίῳ,
1492 631 1654 692 ἐπάρχῳ
1669 631 1749 677 πό·-

247 707 280 742 Ε
306 705 418 751 λεως,
459 700 779 755 συγκαθημένων
809 701 919 758 αὐτῷ
961 703 1027 743 καὶ
1068 701 1404 754 συνεξεταζόντων
1438 702 1750 745 Κωνσταντίνου

306 770 569 824 κοιαίστωρος
586 770 652 810 καὶ
670 768 891 811 Ἰουλιανοῢ
922 768 1196 826 ἀντιγραφέως
1224 772 1289 812 καὶ
1307 768 1555 825 Ζηνοδώρου
1579 769 1751 826 ἂσεκρῆ-

305 854 380 888 τις,
408 834 732 890 ἐκλαμβάνοντος
751 836 823 886 τὰς
843 836 986 879 ,αὐτῶν
1007 837 1246 892 ἀποκρίσεις,
1278 845 1463 881 κατεῖπον
1481 838 1750 893 Βελισσαριόυ

305 909 379 947 τοῦ
401 906 634 961 πατρικίου·
670 905 736 946 καὶ
764 905 806 946 ἐκ
837 902 984 947 τούτου
1005 903 1083 948 ‘Emi
1113 904 1383 960 ἀγανάκτησιν
1399 907 1565 962 γέγονεν.
1635 905 1806 949 &Mello

307 973 355 1014 δέ
372 989 474 1022 τινες
495 977 574 1015 τῶν
602 973 969 1026 ἐξονομοισθέντωνὰ
987 977 1095 1029 φυγῇ
1122 971 1356 1027 ἐχρήσαντο.
1424 975 1491 1015 καὶ
1516 977 1568 1030 τῇ
1588 973 1750 1029 πέμπτῃ

304 1045 378 1083 τοῦ
407 1041 643 1095 ὃεκεμβρίου
667 1040 794 1094 μηνὸς
829 1039 849 1083 ὃ
870 1040 993 1090 αὐτὸς
1019 1040 1210 1094 βασιλεὺς
1235 1039 1406 1095 ποιήσας
1433 1040 1626 1084 σιλέντιον
1647 1038 1751 1094 κόμ-

184 1111 216 1143 V
240 1108 284 1146 84
306 1114 447 1161 βεντον
479 1107 623 1150 κελεύει
641 1106 797 1158 πάντας
832 1109 927 1158 τούς
950 1108 1149 1163 ἄρχοντας
1177 1110 1369 1151 εἰσελθεῖν
1412 1110 1479 1151 καὶ
1507 1109 1579 1151 τὸν
1605 1125 1751 1164 πατρι-

154 1184 186 1217 O
209 1184 279 1221 242
303 1176 431 1233 άρχην
460 1173 655 1229 Εὐτύχιον
675 1176 745 1217 καί
761 1193 872 1225 τινας
892 1177 934 1218 ἐκ
956 1181 1036 1218 τῶν
1057 1180 1213 1230 σχολῶν
1229 1190 1237 1199 ·
1275 1178 1340 1218 καὶ
1364 1174 1578 1230 δεξάμενος
1602 1173 1751 1225 αὖτοὺς

302 1246 344 1287 ἐν
370 1248 427 1302 τῷ
465 1245 665 1300 τρικλίνῳ,
703 1242 847 1286 κελεύει
878 1244 952 1293 τὰς
978 1242 1134 1286 τούτων
1168 1244 1409 1294 καταθέσεις
1435 1244 1748 1300 ἀναγνωσθῆναι
1763 1251 1806 1286 15

302 1314 368 1356 καὶ
399 1315 686 1368 φανερωθῆναι
707 1315 806 1353 πᾶσι
833 1311 885 1353 τὰ
913 1316 985 1366 τῆς
1017 1313 1245 1366 ἐπιβουλῆς,
1274 1312 1373 1367 λε’γω
1403 1312 1451 1366 δὴ
1478 1313 1645 1368 Σεργίου
1676 1315 1750 1354 τοῦ

302 1381 472 1434 ἀνεψιοῦ
495 1380 698 1433 Αἷθερίου
731 1380 796 1420 καὶ
823 1378 1022 1433 Εὖσεβίου
1048 1383 1121 1421 τοῦ
1152 1377 1463 1435 ἄργυροπράτου
1488 1381 1555 1422 καὶ
1576 1377 1750 1422 Παύλου

300 1452 375 1491 τοῦ
403 1445 655 1496 ὗποπτίωνος
681 1448 748 1488 καὶ
783 1448 924 1489 Βίτου.
995 1448 1060 1488 καὶ
1092 1445 1409 1502 ἀνεγνώσθησαν
1438 1447 1481 1488 αἳ
1511 1446 1751 1495 καταθέσεις

302 1516 451 1568 αὐτῶν,
483 1516 550 1556 καὶ
573 1515 615 1564 ἐξ
647 1513 781 1556 αὐτῶν
806 1518 888 1556 τῶν
921 1514 1180 1556 καταθέσεων
1200 1513 1464 1569 ἧγανακτήθη
1493 1512 1515 1556 ὃ
1542 1516 1752 1570 πατρίκιος

300 1580 590 1638 Βελισσάριος·
627 1584 693 1623 καὶ
712 1581 879 1635 πέμψας
901 1580 922 1624 ὃ
964 1581 1087 1630 αὐτὸς
1115 1583 1306 1634 βασιλεὺς
1332 1583 1452 1638 ἐπῆρε
1474 1580 1629 1631 πάντας
1652 1581 1806 1631 τοῦςω

302 1649 549 1705 ἀνθρώπους
572 1651 862 1704 Βελισσαριόυ,
899 1651 965 1691 καὶ
994 1651 1035 1691 ἐν
1065 1649 1196 1691 οὐδενὶ
1224 1650 1393 1703 ἀντέστη
1423 1648 1444 1692 ὃ
1475 1649 1597 1698 αὐτὸς
1631 1647 1748 1705 ἀνήρ.

303 1722 368 1762 καὶ
388 1718 630 1772 ὑπονοηθεὶς
657 1720 965 1767 Κωνσταντΐνος
997 1716 1018 1760 ὅ
1049 1718 1264 1774 κοιαίστωρ
1299 1719 1365 1759 καὶ
1389 1717 1604 1767 Ἰουλιανὸς
1632 1714 1654 1759 ὅ
1676 1716 1751 1759 ἄν·

394 1869 660 1952 Ξζδέξεᾶασθείς
681 1871 758 1914 Ch.‚
780 1870 1007 1916 ἔξαιτασθείς
1030 1871 1097 1906 Ox.
1121 1870 1181 1906 Sic
1204 1874 1240 1906 et
1261 1872 1307 1914 7.,
1318 1882 1352 1918 p.
1375 1882 1447 1917 seq.
1469 1882 1503 1906 v.
1514 1870 1549 1906 3.
1605 1868 1641 1906 4.
1663 1879 1749 1905 συν-

397 1931 432 1953 ΟΙ,
460 1931 474 1953 Β
533 1929 566 1951 X.

304 2063 397 2094 vero,
422 2051 574 2086 Aetherii
595 2064 720 2098 nepoS,
753 2053 836 2098 fuga
867 2052 930 2087 sibi
959 2052 1150 2094 consulens,
1180 2052 1216 2086 in
1250 2052 1287 2085 S.
1309 2051 1480 2096 Deiparae
1501 2048 1653 2084 dominae
1671 2048 1748 2082 No-

303 2104 394 2132 strae
417 2098 525 2131 Aedes
548 2098 582 2130 in
605 2099 802 2133 Blachernis
824 2111 860 2132 se
884 2099 1027 2143 recepit.
1074 2099 1199 2132 Verum
1221 2097 1315 2142 Asyli
1337 2098 1433 2141 hujus
1462 2095 1582 2129 finibus
1605 2095 1746 2138 ejectus,

304 2144 370 2186 (ut
393 2142 453 2187 qui
475 2142 586 2177 laesae
610 2144 799 2187 Majestatis
822 2156 900 2178 reus
924 2145 1056 2188 esset‚)
1091 2143 1304 2186 examinique
1334 2143 1519 2186 subjectus,
1550 2139 1746 2181 affirmavit,

303 2188 445 2222 isacium
478 2188 581 2222 etiam
607 2189 864 2232 Argentarium,
895 2190 1052 2224 Belisarii
1075 2189 1218 2223 Patricii
1247 2187 1464 2227 familiarem,
1498 2184 1746 2229 Conjurationis

305 2235 401 2277 hujus
428 2233 592 2268 conscium
615 2245 706 2267 esse:
732 2234 783 2267 uti
815 2235 916 2269 etiam
939 2239 974 2268 et
999 2235 1110 2268 Vitum
1134 2233 1379 2278 Argentarium,
1409 2234 1445 2265 et
1466 2230 1630 2271 Paulum,
1652 2230 1747 2263 Beli-

302 2279 383 2313 sarii
406 2278 661 2323 Suboptionem.
707 2279 753 2312 Hi
776 2291 859 2313 vero
885 2281 980 2314 ambo
1005 2279 1242 2325 comprehensi,
1266 2276 1444 2321 Procopio,
1476 2275 1551 2309 urbi
1583 2275 1746 2309 Praefec—

302 2329 354 2365 to,
377 2323 498 2357 traditi
520 2328 618 2358 sunt:
641 2336 663 2358 a
685 2335 751 2369 quo
776 2328 811 2357 et
833 2324 1053 2359 Constantino
1079 2326 1280 2365 Quaestore,
1304 2327 1338 2356 et
1359 2321 1490 2356 Juliano
1513 2319 1745 2365 Antigrapha-

302 2370 369 2409 rio,
394 2369 609 2403 assessoribus
632 2370 714 2413 ejus,
738 2373 773 2402 et
787 2369 962 2403 Zenodoro
977 2373 1148 2411 Asecreta,
1170 2379 1330 2414 responsa
1352 2377 1466 2401 eorum
1486 2370 1639 2406 notante,
1661 2376 1744 2398 exa-

302 2413 441 2455 minati,
473 2414 671 2449 Belisarium
701 2414 885 2448 Patricium
917 2419 1133 2449 accusarunt:
1172 2415 1230 2458 qui
1260 2412 1383 2446 exinde
1410 2411 1654 2456 Imperatorem
1679 2409 1745 2444 sibi

302 2459 466 2493 infensum
490 2458 619 2493 habuit.
663 2459 731 2494 Alii
753 2471 834 2493 vero
859 2460 1019 2501 nonnulli,
1043 2462 1085 2494 ab
1106 2460 1155 2493 his
1177 2458 1319 2493 indicati
1341 2458 1423 2500 fuga
1446 2468 1481 2490 se
1503 2456 1743 2490 subduxerunt.

303 2503 497 2538 Decembris
522 2509 631 2538 autem
653 2505 710 2539 die
730 2516 765 2546 v,
789 2504 931 2538 Silentio
956 2506 998 2538 ab
1019 2505 1230 2550 Imperatore
1250 2503 1396 2542 indicto,
1420 2501 1587 2536 Primores
1617 2511 1744 2540 omnes,

303 2550 581 2594 Eutychiumque
612 2550 863 2591 patriarcham,
903 2550 1076 2583 nonnullos
1115 2550 1217 2584 etiam
1249 2560 1290 2582 ex
1317 2547 1440 2582 scholis
1471 2547 1586 2581 adesse
1622 2545 1743 2590 jussit:

304 2595 425 2639 quibus
448 2594 483 2627 in
506 2594 704 2629 Triclinium
727 2595 938 2636 convocatis,
971 2595 1175 2637 designatam
1208 2595 1243 2628 in
1273 2605 1309 2627 se
1342 2593 1602 2636 conjurationem
1633 2591 1744 2636 palam

305 2639 394 2680 fieri,
419 2639 611 2693 Sergiique„
633 2641 786 2675 Aetherii
806 2640 947 2686 nepotis,
970 2644 1005 2673 et
1028 2640 1167 2673 Eusebii
1188 2637 1401 2683 Argentarii‚
1432 2637 1531 2672 Pauli
1551 2636 1633 2670 item
1653 2635 1743 2669 Sub-

306 2684 462 2728 opffionis,
487 2685 626 2729 Vithue
649 2686 880 2720 Confessiones
901 2697 1013 2720 coram
1027 2684 1176 2718 omnibus
1199 2684 1266 2728 legi
1284 2682 1465 2718 mandavit.
1512 2681 1641 2722 Quibus
1662 2691 1743 2725 por-

307 2729 424 2770 lectis,
446 2730 662 2775 Imperatoris
685 2732 810 2765 animus
838 2731 874 2765 in
895 2730 1090 2764 Belisarium
1113 2729 1295 2763 Patricium
1317 2732 1495 2763 commotus
1518 2731 1584 2760 est:
1615 2724 1743 2760 statim-

308 2786 374 2818 que
397 2775 482 2809 missi
505 2779 591 2816 sunt,
616 2776 674 2821 qui
697 2778 739 2811 ab
762 2788 802 2811 eo
824 2776 982 2811 satellites
1000 2779 1193 2810 moverent
1210 2786 1336 2808 omnes:
1362 2786 1425 2808 nec
1441 2772 1572 2808 omnino
1591 2771 1636 2805 ad
1657 2770 1743 2804 haec

307 2819 441 2855 renixus
473 2824 525 2855 est
554 2821 745 2856 Belisarius.
802 2822 982 2858 Caeterum
1012 2832 1087 2856 cum
1109 2820 1344 2855 Constantinus
1368 2820 1558 2861 Quaestor,
1578 2820 1614 2851 et
1633 2813 1743 2850 Julia-
