1838 3230
285 183 384 229 630
780 178 1252 226 ANNOTATIONES.

282 306 378 344 pra,
406 294 512 331 inter
541 293 719 345 captivos
743 293 974 332 numerandi
992 308 1072 334 non
1097 302 1207 344 sunt3
1247 295 1440 348 proximis
1467 297 1729 339 wiluva-bie

282 348 436 401 praelio
451 362 516 387 eos
537 348 718 387 cecidisse
734 349 870 388 scribit
883 350 1034 389 Auctor
1050 358 1205 391 noster:
1233 351 1275 390 in
1294 353 1473 392 versione
1501 355 1632 408 itaque
1654 369 1730 394 no«

284 410 367 441 stra
385 405 506 443 verba
524 403 634 453 haec,
668 405 758 455 [aut
781 404 1016 456 occiderunt,
1044 406 1135 458 aut]
1166 408 1323 446 omnino
1344 410 1727 464 supplenda-judica·

284 460 431 508 vimus,
461 472 540 511 quo
557 460 741 498 Auctoris
763 468 928 499 mentem
953 462 1156 501 clariorem
1177 464 1444 504 redderemus.

398 519 492 568 Pag.
522 517 617 557 393.
648 515 719 557 24.
760 512 822 557 ’ὅτε
840 514 1096 570 ὑπήντησαν]
1124 519 1242 559 Forte
1271 517 1638 574 scribendum,-5'n
1653 518 1730 576 γάρ

283 567 534 624 ὑπήντησαν.
570 584 705 609 sensus
725 572 828 609 enim
848 573 960 611 aliter
991 574 1212 613 claudicare
1231 576 1402 616 videtur.

397 629 489 678 Peg.
519 629 614 668 394.
645 629 683 668 8.
728 626 887 678 ἐποίησε
913 629 1183 681 χρυσοτέλειαν
1212 635 1289 671 τῶν
1312 628 1496 685 ιὀύγων.]
1537 631 1730 684 Χρυσοτέ-

283 685 370 722 λεια
389 685 470 721 τῶν
488 679 635 734 ἰούγων
655 683 739 720 auri
761 685 956 733 quantitas
985 686 1193 736 quaedam,
1222 701 1295 738 pro
1313 688 1460 739 jugeris
1478 686 1640 738 singulis
1657 702 1733 740 per

283 738 493 788 imperium
521 752 541 775 a
565 738 828 787 vectigalibus
853 753 975 790 pensa
1006 740 1124 779 fuisse
1150 743 1319 780 videtur.
1381 744 1433 781 De
1454 743 1618 781 Tributo
1637 743 1729 793 hoc,

283 793 376 832 vide
396 795 536 843 Evagr.
567 793 714 831 Histor.
741 794 890 836 Eccles.
918 796 988 834 lib.
1010 800 1047 838 3.
1076 810 1161 848 cap.
1183 798 1250 840 42.
1280 804 1318 836 et
1334 798 1548 850 Nicephor.
1570 799 1640 838 lib.
1664 803 1729 842 16.

286 862 371 900 cap.
394 848 460 889 44.
494 849 701 886 Jusniniani
730 851 969 902 temporibus
989 852 1224 904 quandoque
1254 854 1294 891 iu
1311 854 1464 906 specie,
1494 855 1730 906 quandoque

285 918 397 952 auro,
427 918 502 955 pro
522 905 599 942 loci
620 905 810 957 cujusque
826 908 1118 957 consuetudine,
1139 909 1403 960 pendebatur3
1433 916 1479 948 ut
1496 918 1661 962 apparet
1678 925 1729 950 ex

286 960 458 1011 ejusdem
477 960 628 1000 Novell.
651 961 776 999 XVII.
814 959 1062 1015 Αναγκάσεις
1086 962 1128 1004 δὲ
1148 962 1240 1012 τούς
1259 966 1472 1017 δημοσίους
1492 963 1728 1020 πράκτορας,

285 1014 488 1067 ἰ’,ῗτοιτους
507 1012 734 1067 οἷπαιτητᾶς,
767 1017 809 1057 ἒν
827 1022 911 1065 ταῖς
928 1018 1079 1058 ἑαυτῶν
1100 1016 1262 1071 οἷποχαῖς
1286 1018 1438 1073 φανεροὶ
1457 1025 1587 1062 ποιεῖν
1603 1019 1732 1062 ἅπαν-

284 1086 333 1111 τα
353 1067 422 1121 ἐφ’
451 1068 513 1119 οἷς
539 1069 661 1119 αὐτὰς
684 1068 861 1120 διδόασι,
890 1074 1063 1114 τουτέστι
1085 1073 1168 1116 τότε
1186 1074 1313 1117 ποσὸν
1343 1080 1423 1116 τῶν
1443 1074 1730 1129 ζυγοκεφάλων,

284 1123 314 1177 ἢ
335 1123 502 1180 ἰούγων,
531 1124 559 1179 ἢ
582 1128 813 1180 ιὀυγαλίων,
842 1125 871 1180 ἢ
898 1127 1157 1182 ὁπωσδήποτε
1187 1128 1238 1171 ἂν
1271 1128 1370 1172 αὐτοὶ
1392 1131 1489 1172 nato}
1513 1129 1644 1187 χώραν
1662 1150 1733 1173 κα-

285 1185 411 1228 λοῖεν,
441 1183 509 1223 καὶ
525 1181 626 1236 ’ὑπὲρ
645 1184 764 1223 τίνων
795 1181 896 1224 αὐτοὶ
921 1186 988 1226 καὶ
1013 1188 1140 1227 ποίων
1166 1188 1319 1242 χωρίων
1344 1184 1576 1239 οἷπαιτοῦσι,
1605 1187 1734 1230 καὶτὸ

285 1240 364 1277 τῶν
385 1237 607 1290 δεδομένων
625 1237 768 1287 ποσὸν,
801 1240 876 1280 εἴτε
901 1240 943 1280 ἐν
967 1242 1136 1292 εἶ’δεσεν,
1164 1243 1239 1283 εἴτε
1259 1243 1302 1284 ἐν
1329 1245 1486 1299 χρυσίῳ.

400 1295 503 1345 Pag.
533 1297 626 1335 394.
662 1298 726 1335 10.
758 1294 824 1334 καὶ
845 1296 1125 1349 διατρέφεσθαι
1139 1297 1219 1339 ὖπὸ
1237 1302 1316 1339 τῶν
1336 1300 1620 1354 στρατιωτῶν]
1649 1302 1733 1340 No-

286 1362 380 1388 vum
401 1362 561 1400 prorsus
589 1350 799 1387 locutionis
825 1364 965 1401 genus3
1005 1366 1101 1403 pro,
1142 1354 1210 1394 καὶ
1235 1351 1518 1395 ἀναλίσκεσθαι
1548 1355 1627 1397 ὕπὸ
1647 1360 1730 1397 ταῖν

262 1411 264 1414 ⁴
288 1408 555 1456 στρατιωτῶν,
585 1405 688 1456 sive,
717 1404 784 1445 καὶ
804 1402 876 1446 ἄπ’
903 1404 1036 1448 αὐτῶν
1063 1409 1347 1463 διατρέφεσθαι
1362 1408 1456 1458 τούς
1483 1409 1728 1464 στρατιώτας,

288 1466 355 1498 aut
374 1473 452 1511 quo
477 1460 607 1499 simili.

401 1518 494 1568 Pag.
525 1519 618 1557 394.
649 1516 712 1559 15.
756 1515 954 1559 ἐκέλευσεν
970 1516 1076 1572 ἅρμα
1093 1516 1181 1559 κατ’
1198 1516 1331 1560 αὐτῶν
1350 1520 1558 1573 ἕξελθεῖν.]
1594 1519 1639 1562 τό
1661 1520 1728 1575 ὄῖρ-

288 1587 343 1624 μα
374 1577 414 1610 et
430 1569 477 1611 τὰ
498 1568 651 1624 ἅρματα
674 1572 819 1622 plurali
837 1587 1000 1612 numero
1030 1575 1138 1627 apud
1155 1576 1391 1615 recentiores
1418 1577 1728 1628 frequentissime

289 1633 520 1665 occurrunt:
548 1626 627 1665 hoc
654 1633 783 1665 tamen
813 1629 902 1667 loco
930 1628 1035 1684 ἅρμα
1062 1645 1138 1683 pro
1167 1631 1377 1683 Exercitu,
1409 1646 1498 1682 seu,
1527 1631 1730 1672 Militibus

288 1684 408 1721 armis
436 1683 653 1733 instructis,
685 1685 863 1735 ponitur.

399 1737 494 1790 Pag.
514 1738 608 1779 394.
630 1742 696 1791 19·
728 1737 802 1791 τήν
818 1743 891 1780 τοῦ
911 1737 1055 1793 ἀνδρός
1071 1739 1244 1794 τόλμαν]
1276 1743 1400 1780 Unum
1422 1742 1583 1793 reliquis
1603 1743 1729 1781 omni-

287 1793 363 1831 bus
385 1793 634 1832 audaciorem
653 1793 717 1832 hic
739 1795 899 1834 innuere
920 1797 1075 1835 videtur
1094 1801 1264 1837 Auctor:
1294 1805 1331 1836 et
1352 1798 1519 1850 quidem,
1536 1799 1726 1846 Maurum,

287 1848 393 1887 hunc
413 1849 559 1887 dictum
581 1850 634 1888 ait
654 1850 743 1889 Chr.
767 1852 1022 1890 Alexandrini
1046 1854 1216 1902 Auctor,
1255 1853 1316 1892 his
1342 1855 1492 1892 verbis:
1530 1854 1573 1894 έν
1596 1851 1655 1902 οἷς
1674 1851 1731 1900 εἷς

290 1907 465 1957 Μαῦρος
495 1905 656 1957 ἔρῤιψεν
676 1904 807 1946 ἐπάνω
831 1911 904 1948 τοῦ
925 1908 1133 1960 βασιλέως·
1177 1909 1245 1950 καὶ
1263 1910 1370 1961 ἐξεφ.
1393 1917 1466 1948 etc.
1486 1923 1587 1961 quae
1607 1911 1728 1948 verba

289 1960 397 2011 apud
412 1967 585 1998 nostrum
611 1961 820 2000 desiderari
841 1964 1039 2005 videntur.

404 2019 496 2067 Pag.
523 2017 616 2058 395.
646 2021 684 2059 4.
725 2018 990 2071 προαχθέντος
1019 2016 1190 2073 ἐπάρχου
1216 2016 1398 2072 rutilans-‚J
1440 2019 1532 2059 Chr.
1554 2018 1726 2057 Alexan-

289 2070 394 2108 drini
416 2072 612 2122 interpres
646 2072 745 2117 haec
773 2075 911 2124 vertit,
955 2074 1152 2114 Producto
1179 2075 1265 2114 urbi
1284 2074 1488 2131 Praefecto
1509 2081 1580 2113 ete.
1609 2075 1724 2114 male.

290 2128 495 2165 Caeterum
514 2132 645 2165 textus
666 2128 788 2179 ipsius
810 2130 947 2168 lacuna
974 2144 1024 2168 ex
1043 2130 1119 2168 hoc
1136 2132 1260 2169 nostri
1279 2133 1365 2169 loco
1383 2130 1563 2181 suppleri
1581 2137 1729 2181 potest..

401 2185 494 2233 Pag.
523 2183 618 2224 395.
649 2186 688 2224 8.
731 2184 930 2236 χειμευτής
949 2182 1172 2237 ὕπαρχων.]
1205 2187 1258 2225 [ta
1277 2187 1388 2224 etiam
1410 2186 1626 2223 cedrenus-2
1653 2182 1726 2225 τό-

289 2252 329 2277 τε
346 2237 413 2277 καὶ
435 2234 538 2290 α’νήρ
556 2253 614 2284 τις
633 2238 850 2291 χειμευτής,
881 2242 922 2281 ἐκ
940 2246 1020 2281 τών
1040 2245 1109 2292 τῆς
1129 2243 1263 2293 χείμης
1284 2245 1446 2293 τεχνῶν,
1477 2247 1548 2279 ete.
1571 2241 1723 2279 utrobi-

291 2306 367 2343 que
384 2307 454 2346 per
472 2309 504 2333 ει
525 2292 822 2344 diphthongum.
852 2297 1060 2335 Salmasius
1080 2304 1207 2335 tamen
1227 2298 1389 2336 Plinian.
1409 2297 1579 2336 Exercit.
1593 2297 1633 2334 in
1653 2299 1725 2335 So-

289 2349 358 2389 lin.
377 2363 449 2400 per
471 2365 496 2400 η
513 2349 757 2388 scribendum
776 2352 987 2390 contendit.

399 2407 500 2457 Pag·
531 2405 624 2446 395.
657 2409 720 2447 10.
762 2405 829 2445 καὶ
858 2404 954 2446 ἄλλα
987 2406 1124 2458 ζῶδα.]
1157 2410 1236 2445 Ser.
1258 2404 1394 2457 ζώδια,
1427 2406 1482 2444 uti
1502 2407 1589 2458 ipse
1610 2407 1726 2446 etiam

288 2460 392 2498 infra
422 2460 550 2498 habet.
593 2460 784 2499 Cedrenus
806 2462 916 2512 legit,
944 2462 1011 2501 καὶ
1039 2462 1149 2514 ἕτερα
1173 2463 1256 2514 εἴδη
1286 2465 1422 2515 χρυσᾶ.
1481 2459 1599 2511 ζώδια
1628 2476 1724 2502 vero

289 2514 366 2554 hoc
383 2516 470 2553 loca
489 2516 610 2565 Idola,
638 2516 700 2554 vel
718 2517 983 2568 Imagunculas
1005 2518 1206 2567 significat.

402 2570 503 2611 Ibid.
560 2570 767 2624 θησαυρόν
792 2572 956 2625 γέμοντα
982 2576 1144 2612 τοιαῦτα
1174 2569 1293 2621 ζῶδια
1310 2569 1496 2625 ὅβρυζα.]
1526 2574 1583 2611 Ita
1608 2573 1724 2612 etiam

289 2626 390 2663 infra
407 2626 614 2675 habemus,
642 2627 710 2667 καὶ
733 2626 927 2681 ε’γόμωσεν
955 2624 1053 2667 αὐτοὶ
1073 2626 1273 2679 Οὖννικήν
1300 2628 1366 2668 καὶ
1387 2627 1586 2680 Γοτθικήν
1602 2632 1722 2680 χεῖρα.

290 2681 433 2719 Verum
455 2682 526 2720 ista
547 2677 771 2724 ἀσύντακτα
791 2691 900 2723 sunt:
929 2683 1154 2733 dicendum,
1186 2683 1351 2736 γέμοντα
1370 2680 1557 2724 τοιούτων
1576 2685 1725 2732 ζωδίων.
1783 2726 1785 2731 f

289 2732 384 2790 ὄβρύ
389 2740 473 2785 ζων.
1478 2768 1481 2771 -
1723 2756 1727 2760 ’

400 2796 493 2845 Ραξς·
525 2797 623 2838 395.·
651 2798 713 2838 12.
756 2794 823 2836 καὶ
849 2791 1049 2848 ἐκόμβωσε
1077 2792 1200 2835 nol-lc)
1231 2791 1441 2848 χρήματα]
1480 2793 1722 2833 [nsi-ahaba-
