<?xml version="1.0" encoding="UTF-8"?>
<!DOCTYPE html PUBLIC "-//W3C//DTD XHTML 1.0 Transitional//EN"
    "http://www.w3.org/TR/xhtml1/DTD/xhtml1-transitional.dtd">
<html xmlns="http://www.w3.org/1999/xhtml" xml:lang="en" lang="en">
 <head>
  <title>
</title>
<meta http-equiv="Content-Type" content="text/html;charset=utf-8" />
  <meta name='ocr-system' content='tesseract 3.04.00' />
  <meta name='ocr-capabilities' content='ocr_page ocr_carea ocr_par ocr_line ocrx_word'/>
</head>
<body>
  <div class='ocr_page' id='page_1' title='image "./corpusscriptorum28niebuoft_0167.png"; bbox 0 0 1838 3230; ppageno 0'>
   <div class='ocr_carea' id='block_1_1' title="bbox 0 0 1752 1783">
    <p class='ocr_par' dir='ltr' id='par_1_1' title="bbox 0 0 1610 217">
     <span class='ocr_line' id='line_1_1' title="bbox 0 0 1610 217; baseline 0.004 -21"><span class='ocrx_word' id='word_1_1' title='bbox 0 0 28 215; x_wconf 61' lang='lat'>!</span> <span class='ocrx_word' id='word_1_2' title='bbox 165 166 167 169; x_wconf 83' lang='grc'><strong><em>·</em></strong></span> <span class='ocrx_word' id='word_1_3' title='bbox 460 154 1076 203; x_wconf 86' lang='lat' dir='ltr'><strong>CHRONOGRAPHIA.</strong></span> <span class='ocrx_word' id='word_1_4' title='bbox 1134 158 1181 203; x_wconf 90' lang='lat' dir='ltr'><strong>L.</strong></span> <span class='ocrx_word' id='word_1_5' title='bbox 1210 160 1283 206; x_wconf 93' lang='lat' dir='ltr'><strong>lV.</strong></span> <span class='ocrx_word' id='word_1_6' title='bbox 1544 168 1610 217; x_wconf 82' lang='grc'><strong>85</strong></span> 
     </span>
    </p>

    <p class='ocr_par' dir='ltr' id='par_1_2' title="bbox 0 258 1610 337">
     <span class='ocr_line' id='line_1_2' title="bbox 0 258 1610 337; baseline 0.007 -21"><span class='ocrx_word' id='word_1_7' title='bbox 0 258 14 335; x_wconf 55' lang='lat'>3</span> <span class='ocrx_word' id='word_1_8' title='bbox 137 289 265 329; x_wconf 84' lang='grc' dir='ltr'><strong><em>νησον</em></strong></span> <span class='ocrx_word' id='word_1_9' title='bbox 289 270 498 319; x_wconf 71' lang='grc' dir='ltr'><strong><em>ἐκάλεσεν·</em></strong></span> <span class='ocrx_word' id='word_1_10' title='bbox 543 272 679 319; x_wconf 57' lang='grc' dir='ltr'><strong><em>ἔκτοτε</em></strong></span> <span class='ocrx_word' id='word_1_11' title='bbox 697 277 765 319; x_wconf 78' lang='grc' dir='ltr'><strong>καὶ</strong></span> <span class='ocrx_word' id='word_1_12' title='bbox 786 275 1122 335; x_wconf 77' lang='grc' dir='ltr'><strong><em>Πελοποννήσιον</em></strong></span> <span class='ocrx_word' id='word_1_13' title='bbox 1153 277 1311 337; x_wconf 74' lang='grc' dir='ltr'><strong><em>ἐκλήθη</em></strong></span> <span class='ocrx_word' id='word_1_14' title='bbox 1334 281 1381 326; x_wconf 80' lang='grc' dir='ltr'><strong><em>τὸ</em></strong></span> <span class='ocrx_word' id='word_1_15' title='bbox 1400 282 1610 336; x_wconf 83' lang='grc' dir='ltr'><strong><em>βασίλειον</em></strong></span> 
     </span>
    </p>

    <p class='ocr_par' dir='ltr' id='par_1_3' title="bbox 0 337 341 396">
     <span class='ocr_line' id='line_1_3' title="bbox 0 337 341 396; baseline 0.006 -10"><span class='ocrx_word' id='word_1_16' title='bbox 0 337 4 343; x_wconf 72' lang='grc'><strong><em>’</em></strong></span> <span class='ocrx_word' id='word_1_17' title='bbox 132 340 341 396; x_wconf 75' lang='grc' dir='ltr'><strong><em>Ἑλλάδος.</em></strong></span> 
     </span>
    </p>

    <p class='ocr_par' dir='ltr' id='par_1_4' title="bbox 234 410 1659 477">
     <span class='ocr_line' id='line_1_4' title="bbox 234 410 1659 477; baseline 0.007 -22"><span class='ocrx_word' id='word_1_18' title='bbox 234 411 303 455; x_wconf 86' lang='grc' dir='ltr'><strong>Ἐν</strong></span> <span class='ocrx_word' id='word_1_19' title='bbox 323 411 463 462; x_wconf 69' lang='grc' dir='ltr'><strong><em>αὐτοῖς</em></strong></span> <span class='ocrx_word' id='word_1_20' title='bbox 485 411 530 454; x_wconf 72' lang='grc' dir='ltr'><strong>δέ</strong></span> <span class='ocrx_word' id='word_1_21' title='bbox 547 417 635 463; x_wconf 79' lang='grc' dir='ltr'><strong><em>τοῖς</em></strong></span> <span class='ocrx_word' id='word_1_22' title='bbox 644 410 811 471; x_wconf 78' lang='grc' dir='ltr'><strong><em>χρόνοις</em></strong></span> <span class='ocrx_word' id='word_1_23' title='bbox 829 410 880 470; x_wconf 74' lang='grc' dir='ltr'><strong>ἦν</strong></span> <span class='ocrx_word' id='word_1_24' title='bbox 900 413 922 458; x_wconf 84' lang='grc' dir='ltr'><em>ὃ</em></span> <span class='ocrx_word' id='word_1_25' title='bbox 944 413 1230 475; x_wconf 87' lang='grc' dir='ltr'><strong><em>Δημόκριτος,</em></strong></span> <span class='ocrx_word' id='word_1_26' title='bbox 1266 417 1603 477; x_wconf 78' lang='grc' dir='ltr'><strong><em>φιλοσοφούμενα</em></strong></span> <span class='ocrx_word' id='word_1_27' title='bbox 1626 433 1659 468; x_wconf 83' lang='grc' dir='ltr'><strong>Ε</strong></span> 
     </span>
    </p>

    <p class='ocr_par' dir='ltr' id='par_1_5' title="bbox 100 478 1752 891">
     <span class='ocr_line' id='line_1_5' title="bbox 135 478 1607 546; baseline 0.006 -22"><span class='ocrx_word' id='word_1_28' title='bbox 135 478 366 525; x_wconf 74' lang='grc' dir='ltr'><strong><em>διδάσκων·</em></strong></span> <span class='ocrx_word' id='word_1_29' title='bbox 403 478 517 530; x_wconf 83' lang='grc' dir='ltr'><strong><em>ὅστις</em></strong></span> <span class='ocrx_word' id='word_1_30' title='bbox 545 483 614 523; x_wconf 82' lang='grc' dir='ltr'><strong>καὶ</strong></span> <span class='ocrx_word' id='word_1_31' title='bbox 638 482 681 525; x_wconf 78' lang='grc' dir='ltr'><strong>ἓν</strong></span> <span class='ocrx_word' id='word_1_32' title='bbox 713 487 766 541; x_wconf 84' lang='grc' dir='ltr'><strong><em>τῇ</em></strong></span> <span class='ocrx_word' id='word_1_33' title='bbox 793 482 1011 545; x_wconf 78' lang='grc' dir='ltr'><strong><em>φιλοσόφῳ</em></strong></span> <span class='ocrx_word' id='word_1_34' title='bbox 1034 485 1164 529; x_wconf 78' lang='grc' dir='ltr'><strong><em>αὐτοῦ</em></strong></span> <span class='ocrx_word' id='word_1_35' title='bbox 1193 492 1412 546; x_wconf 78' lang='grc' dir='ltr'><em>συγγραφῇ</em></span> <span class='ocrx_word' id='word_1_36' title='bbox 1443 489 1607 540; x_wconf 71' lang='grc' dir='ltr'><strong><em>ἐξέθετο</em></strong></span> 
     </span>
     <span class='ocr_line' id='line_1_6' title="bbox 100 548 1604 615; baseline 0.005 -21"><span class='ocrx_word' id='word_1_37' title='bbox 100 553 272 595; x_wconf 73' lang='grc' dir='ltr'><strong><em>δ’ταῦτα</em></strong></span> <span class='ocrx_word' id='word_1_38' title='bbox 293 548 355 594; x_wconf 84' lang='grc' dir='ltr'><strong>ὅτι</strong></span> <span class='ocrx_word' id='word_1_39' title='bbox 377 551 444 593; x_wconf 77' lang='grc' dir='ltr'><strong>δεῖ</strong></span> <span class='ocrx_word' id='word_1_40' title='bbox 455 549 527 592; x_wconf 83' lang='grc' dir='ltr'><strong>τὸν</strong></span> <span class='ocrx_word' id='word_1_41' title='bbox 544 549 724 594; x_wconf 78' lang='grc' dir='ltr'><strong><em>θέλοντα</em></strong></span> <span class='ocrx_word' id='word_1_42' title='bbox 744 550 974 611; x_wconf 86' lang='grc' dir='ltr'><strong><em>φιλόσοφον</em></strong></span> <span class='ocrx_word' id='word_1_43' title='bbox 991 555 1184 610; x_wconf 78' lang='grc' dir='ltr'><strong><em>γενέσθαι</em></strong></span> <span class='ocrx_word' id='word_1_44' title='bbox 1205 555 1341 599; x_wconf 74' lang='grc' dir='ltr'><strong><em>ἀσκεῖν</em></strong></span> <span class='ocrx_word' id='word_1_45' title='bbox 1361 565 1604 615; x_wconf 76' lang='grc' dir='ltr'><strong><em>σωφρονεῖν,</em></strong></span> 
     </span>
     <span class='ocr_line' id='line_1_7' title="bbox 134 616 1602 683; baseline 0.005 -21"><span class='ocrx_word' id='word_1_46' title='bbox 134 616 302 662; x_wconf 81' lang='grc' dir='ltr'><strong><em>πάντων</em></strong></span> <span class='ocrx_word' id='word_1_47' title='bbox 333 618 561 674; x_wconf 71' lang='grc' dir='ltr'><strong><em>ἀπέχεσθαι</em></strong></span> <span class='ocrx_word' id='word_1_48' title='bbox 583 624 741 675; x_wconf 83' lang='grc' dir='ltr'><strong><em>κακῶν,</em></strong></span> <span class='ocrx_word' id='word_1_49' title='bbox 777 619 914 666; x_wconf 80' lang='grc' dir='ltr'><strong><em>πάντα</em></strong></span> <span class='ocrx_word' id='word_1_50' title='bbox 938 624 983 666; x_wconf 79' lang='grc' dir='ltr'><strong>δὲ</strong></span> <span class='ocrx_word' id='word_1_51' title='bbox 1013 623 1156 681; x_wconf 79' lang='grc' dir='ltr'><strong><em>ὀρθῶς</em></strong></span> <span class='ocrx_word' id='word_1_52' title='bbox 1172 631 1278 668; x_wconf 87' lang='grc' dir='ltr'><strong><em>νοεῖν</em></strong></span> <span class='ocrx_word' id='word_1_53' title='bbox 1306 627 1374 668; x_wconf 82' lang='grc' dir='ltr'><strong>καὶ</strong></span> <span class='ocrx_word' id='word_1_54' title='bbox 1395 625 1602 683; x_wconf 82' lang='grc' dir='ltr'><strong><em>πράττειν,</em></strong></span> 
     </span>
     <span class='ocr_line' id='line_1_8' title="bbox 133 682 1604 752; baseline 0.006 -22"><span class='ocrx_word' id='word_1_55' title='bbox 133 689 203 730; x_wconf 76' lang='grc' dir='ltr'><strong>καὶ</strong></span> <span class='ocrx_word' id='word_1_56' title='bbox 230 685 298 731; x_wconf 79' lang='grc' dir='ltr'><strong>ὅτε</strong></span> <span class='ocrx_word' id='word_1_57' title='bbox 328 682 461 737; x_wconf 65' lang='grc' dir='ltr'><strong><em>οὕτως</em></strong></span> <span class='ocrx_word' id='word_1_58' title='bbox 494 687 791 746; x_wconf 82' lang='grc' dir='ltr'><strong><em>φιλοσοφήσει,</em></strong></span> <span class='ocrx_word' id='word_1_59' title='bbox 844 689 937 734; x_wconf 88' lang='grc' dir='ltr'><strong><em>τότε</em></strong></span> <span class='ocrx_word' id='word_1_60' title='bbox 967 691 1206 747; x_wconf 71' lang='grc' dir='ltr'><strong><em>μαθήσεται</em></strong></span> <span class='ocrx_word' id='word_1_61' title='bbox 1237 693 1284 737; x_wconf 81' lang='grc' dir='ltr'><strong><em>τὸ</em></strong></span> <span class='ocrx_word' id='word_1_62' title='bbox 1319 693 1604 752; x_wconf 75' lang='grc' dir='ltr'><strong><em>ἔννάγραμμον</em></strong></span> 
     </span>
     <span class='ocr_line' id='line_1_9' title="bbox 134 751 1607 820; baseline 0.005 -20"><span class='ocrx_word' id='word_1_63' title='bbox 134 755 266 811; x_wconf 75' lang='grc' dir='ltr'><strong><em>ὄνομα</em></strong></span> <span class='ocrx_word' id='word_1_64' title='bbox 279 751 352 800; x_wconf 49' lang='grc' dir='ltr'><strong>&lt;καὶ</strong></span> <span class='ocrx_word' id='word_1_65' title='bbox 373 755 521 812; x_wconf 66' lang='grc' dir='ltr'><strong><em>ὄψεται</em></strong></span> <span class='ocrx_word' id='word_1_66' title='bbox 539 757 611 801; x_wconf 84' lang='grc' dir='ltr'><strong>τὸν</strong></span> <span class='ocrx_word' id='word_1_67' title='bbox 630 759 721 802; x_wconf 81' lang='grc' dir='ltr'><strong><em>υἱὸν</em></strong></span> <span class='ocrx_word' id='word_1_68' title='bbox 743 759 815 802; x_wconf 81' lang='grc' dir='ltr'><strong>τὸν</strong></span> <span class='ocrx_word' id='word_1_69' title='bbox 840 765 945 804; x_wconf 82' lang='grc' dir='ltr'><strong><em>θεοῦ</em></strong></span> <span class='ocrx_word' id='word_1_70' title='bbox 968 759 1087 817; x_wconf 81' lang='grc' dir='ltr'><strong><em>λόγον</em></strong></span> <span class='ocrx_word' id='word_1_71' title='bbox 1107 762 1179 805; x_wconf 77' lang='grc' dir='ltr'><strong>τὸν</strong></span> <span class='ocrx_word' id='word_1_72' title='bbox 1198 762 1374 818; x_wconf 79' lang='grc' dir='ltr'><strong><em>ἀπαθῆ,</em></strong></span> <span class='ocrx_word' id='word_1_73' title='bbox 1412 764 1607 820; x_wconf 87' lang='grc' dir='ltr'><strong><em>παθητὸν</em></strong></span> 
     </span>
     <span class='ocr_line' id='line_1_10' title="bbox 131 824 1752 891; baseline 0.006 -23"><span class='ocrx_word' id='word_1_74' title='bbox 131 828 384 883; x_wconf 85' lang='grc' dir='ltr'><strong><em>μελλοφανῆ.</em></strong></span> <span class='ocrx_word' id='word_1_75' title='bbox 411 862 414 866; x_wconf 72' lang='grc'><strong><em>,</em></strong></span> <span class='ocrx_word' id='word_1_76' title='bbox 455 824 622 883; x_wconf 76' lang='grc' dir='ltr'><strong><em>φέρεται</em></strong></span> <span class='ocrx_word' id='word_1_77' title='bbox 652 829 850 872; x_wconf 77' lang='grc' dir='ltr'><strong><em>δὲταῦτα</em></strong></span> <span class='ocrx_word' id='word_1_78' title='bbox 875 831 931 880; x_wconf 79' lang='grc' dir='ltr'><strong>εἷς</strong></span> <span class='ocrx_word' id='word_1_79' title='bbox 959 830 1007 873; x_wconf 83' lang='grc' dir='ltr'><strong><em>τὸ</em></strong></span> <span class='ocrx_word' id='word_1_80' title='bbox 1032 828 1281 889; x_wconf 74' lang='grc' dir='ltr'><strong><em>σύγγραμμα</em></strong></span> <span class='ocrx_word' id='word_1_81' title='bbox 1301 833 1508 891; x_wconf 86' lang='grc' dir='ltr'><strong><em>Θεοφίλου</em></strong></span> <span class='ocrx_word' id='word_1_82' title='bbox 1528 838 1604 877; x_wconf 80' lang='grc' dir='ltr'><strong>τοῦ</strong></span> <span class='ocrx_word' id='word_1_83' title='bbox 1627 847 1661 882; x_wconf 91' lang='lat'>0</span> <span class='ocrx_word' id='word_1_84' title='bbox 1687 850 1752 884; x_wconf 89' lang='lat'><strong>105</strong></span> 
     </span>
    </p>

    <p class='ocr_par' dir='ltr' id='par_1_6' title="bbox 78 893 704 953">
     <span class='ocr_line' id='line_1_11' title="bbox 78 893 704 953; baseline 0.002 -14"><span class='ocrx_word' id='word_1_85' title='bbox 78 903 124 939; x_wconf 88' lang='grc'><strong>10</strong></span> <span class='ocrx_word' id='word_1_86' title='bbox 133 893 381 953; x_wconf 80' lang='grc' dir='ltr'><strong><em>σοφωτάτου</em></strong></span> <span class='ocrx_word' id='word_1_87' title='bbox 398 895 704 953; x_wconf 81' lang='grc' dir='ltr'><strong><em>χρονογράφου.</em></strong></span> 
     </span>
    </p>

    <p class='ocr_par' dir='ltr' id='par_1_7' title="bbox 130 963 1724 1091">
     <span class='ocr_line' id='line_1_12' title="bbox 229 963 1724 1028; baseline 0.005 -22"><span class='ocrx_word' id='word_1_88' title='bbox 229 963 298 1007; x_wconf 84' lang='grc' dir='ltr'><strong>Ἐν</strong></span> <span class='ocrx_word' id='word_1_89' title='bbox 321 965 366 1007; x_wconf 77' lang='grc' dir='ltr'><strong>δὲ</strong></span> <span class='ocrx_word' id='word_1_90' title='bbox 386 971 473 1013; x_wconf 81' lang='grc' dir='ltr'><strong><em>τοῖς</em></strong></span> <span class='ocrx_word' id='word_1_91' title='bbox 492 964 632 1014; x_wconf 81' lang='grc' dir='ltr'><strong><em>αὐτοῖς</em></strong></span> <span class='ocrx_word' id='word_1_92' title='bbox 650 963 813 1022; x_wconf 75' lang='grc' dir='ltr'><strong><em>χρόνοις</em></strong></span> <span class='ocrx_word' id='word_1_93' title='bbox 833 964 1068 1025; x_wconf 78' lang='grc' dir='ltr'><strong><em>ἐφιλοσόφει</em></strong></span> <span class='ocrx_word' id='word_1_94' title='bbox 1083 965 1376 1025; x_wconf 79' lang='grc' dir='ltr'><strong><em>Ἱπποκράτης,</em></strong></span> <span class='ocrx_word' id='word_1_95' title='bbox 1415 971 1601 1028; x_wconf 73' lang='grc' dir='ltr'><strong><em>ἰατρικὴν</em></strong></span> <span class='ocrx_word' id='word_1_96' title='bbox 1627 986 1654 1019; x_wconf 91' lang='lat' dir='ltr'>v</span> <span class='ocrx_word' id='word_1_97' title='bbox 1679 986 1724 1022; x_wconf 87' lang='lat'><strong>35</strong></span> 
     </span>
     <span class='ocr_line' id='line_1_13' title="bbox 130 1033 684 1091; baseline 0.004 -16"><span class='ocrx_word' id='word_1_98' title='bbox 130 1034 381 1091; x_wconf 72' lang='grc' dir='ltr'><strong><em>φιλοσοφίαν</em></strong></span> <span class='ocrx_word' id='word_1_99' title='bbox 414 1033 684 1089; x_wconf 62' lang='grc' dir='ltr'><strong><em>ἐκτιθέμενος.</em></strong></span> 
     </span>
    </p>

    <p class='ocr_par' dir='ltr' id='par_1_8' title="bbox 130 1101 1601 1232">
     <span class='ocr_line' id='line_1_14' title="bbox 232 1101 1601 1163; baseline 0.004 -19"><span class='ocrx_word' id='word_1_100' title='bbox 232 1101 359 1145; x_wconf 80' lang='grc' dir='ltr'><strong><em>Μετὰ</em></strong></span> <span class='ocrx_word' id='word_1_101' title='bbox 378 1101 423 1144; x_wconf 74' lang='grc' dir='ltr'><strong>δὲ</strong></span> <span class='ocrx_word' id='word_1_102' title='bbox 449 1101 525 1157; x_wconf 86' lang='grc' dir='ltr'><strong>τὴν</strong></span> <span class='ocrx_word' id='word_1_103' title='bbox 556 1103 768 1157; x_wconf 84' lang='grc' dir='ltr'><strong><em>βασιλείαν</em></strong></span> <span class='ocrx_word' id='word_1_104' title='bbox 786 1102 979 1154; x_wconf 77' lang='grc' dir='ltr'><strong><em>Πέλοπος</em></strong></span> <span class='ocrx_word' id='word_1_105' title='bbox 1009 1104 1270 1157; x_wconf 72' lang='grc' dir='ltr'><strong><em>ἐβασίλευσεν</em></strong></span> <span class='ocrx_word' id='word_1_106' title='bbox 1300 1103 1322 1148; x_wconf 79' lang='grc' dir='ltr'>ὅ</span> <span class='ocrx_word' id='word_1_107' title='bbox 1347 1105 1509 1163; x_wconf 76' lang='grc' dir='ltr'><strong><em>Ἀτρεὺς</em></strong></span> <span class='ocrx_word' id='word_1_108' title='bbox 1530 1106 1601 1163; x_wconf 61' lang='grc' dir='ltr'><strong>ἔτη</strong></span> 
     </span>
     <span class='ocr_line' id='line_1_15' title="bbox 130 1166 1601 1232; baseline 0.005 -20"><span class='ocrx_word' id='word_1_109' title='bbox 130 1166 183 1223; x_wconf 87' lang='grc' dir='ltr'><strong>κ’,</strong></span> <span class='ocrx_word' id='word_1_110' title='bbox 218 1171 287 1213; x_wconf 86' lang='grc' dir='ltr'><strong>καὶ</strong></span> <span class='ocrx_word' id='word_1_111' title='bbox 315 1170 402 1226; x_wconf 81' lang='grc' dir='ltr'><strong><em>μετ’</em></strong></span> <span class='ocrx_word' id='word_1_112' title='bbox 423 1169 550 1215; x_wconf 79' lang='grc' dir='ltr'><strong><em>αὐτὸν</em></strong></span> <span class='ocrx_word' id='word_1_113' title='bbox 581 1170 602 1216; x_wconf 81' lang='grc' dir='ltr'>ὅ</span> <span class='ocrx_word' id='word_1_114' title='bbox 630 1172 816 1227; x_wconf 78' lang='grc' dir='ltr'><strong><em>Θυέστης</em></strong></span> <span class='ocrx_word' id='word_1_115' title='bbox 846 1172 914 1228; x_wconf 73' lang='grc' dir='ltr'><strong>ἔτη</strong></span> <span class='ocrx_word' id='word_1_116' title='bbox 940 1170 1006 1225; x_wconf 90' lang='grc' dir='ltr'><strong><em>ις’,</em></strong></span> <span class='ocrx_word' id='word_1_117' title='bbox 1039 1174 1106 1215; x_wconf 84' lang='grc' dir='ltr'><strong>καὶ</strong></span> <span class='ocrx_word' id='word_1_118' title='bbox 1131 1173 1218 1228; x_wconf 75' lang='grc' dir='ltr'><strong><em>μετ’</em></strong></span> <span class='ocrx_word' id='word_1_119' title='bbox 1240 1174 1366 1218; x_wconf 78' lang='grc' dir='ltr'><strong><em>αὐτὸν</em></strong></span> <span class='ocrx_word' id='word_1_120' title='bbox 1385 1173 1406 1218; x_wconf 82' lang='grc' dir='ltr'><em>ὃ</em></span> <span class='ocrx_word' id='word_1_121' title='bbox 1427 1175 1601 1232; x_wconf 78' lang='grc' dir='ltr'><strong><em>Ἀγαμέ-</em></strong></span> 
     </span>
    </p>

    <p class='ocr_par' dir='ltr' id='par_1_9' title="bbox 76 1236 1599 1435">
     <span class='ocr_line' id='line_1_16' title="bbox 76 1236 1599 1300; baseline 0.004 -18"><span class='ocrx_word' id='word_1_122' title='bbox 76 1245 120 1282; x_wconf 87' lang='grc'><strong>15</strong></span> <span class='ocrx_word' id='word_1_123' title='bbox 128 1256 244 1294; x_wconf 86' lang='grc' dir='ltr'><strong><em>μνων</em></strong></span> <span class='ocrx_word' id='word_1_124' title='bbox 263 1237 335 1296; x_wconf 72' lang='grc' dir='ltr'><strong>ἕτη</strong></span> <span class='ocrx_word' id='word_1_125' title='bbox 352 1236 422 1295; x_wconf 85' lang='grc' dir='ltr'><strong><em>ιη’,</em></strong></span> <span class='ocrx_word' id='word_1_126' title='bbox 458 1242 524 1282; x_wconf 83' lang='grc' dir='ltr'><strong>καὶ</strong></span> <span class='ocrx_word' id='word_1_127' title='bbox 543 1241 628 1296; x_wconf 74' lang='grc' dir='ltr'><strong><em>μετ’</em></strong></span> <span class='ocrx_word' id='word_1_128' title='bbox 653 1241 778 1284; x_wconf 78' lang='grc' dir='ltr'><strong><em>αὐτὸν</em></strong></span> <span class='ocrx_word' id='word_1_129' title='bbox 796 1242 1054 1294; x_wconf 73' lang='grc' dir='ltr'><strong><em>ἐβασίλευσεν</em></strong></span> <span class='ocrx_word' id='word_1_130' title='bbox 1077 1239 1098 1284; x_wconf 81' lang='grc' dir='ltr'>ὅ</span> <span class='ocrx_word' id='word_1_131' title='bbox 1118 1242 1328 1299; x_wconf 72' lang='grc' dir='ltr'><strong><em>Αἴγισθος</em></strong></span> <span class='ocrx_word' id='word_1_132' title='bbox 1345 1243 1414 1300; x_wconf 68' lang='grc' dir='ltr'><strong>ἔτη</strong></span> <span class='ocrx_word' id='word_1_133' title='bbox 1433 1243 1484 1296; x_wconf 85' lang='grc' dir='ltr'><strong>ζ’.</strong></span> <span class='ocrx_word' id='word_1_134' title='bbox 1523 1263 1599 1288; x_wconf 79' lang='grc' dir='ltr'><strong><em>κα·-</em></strong></span> 
     </span>
     <span class='ocr_line' id='line_1_17' title="bbox 129 1303 1597 1370; baseline 0.003 -18"><span class='ocrx_word' id='word_1_135' title='bbox 129 1307 268 1364; x_wconf 74' lang='grc' dir='ltr'><strong><em>τέσχεν</em></strong></span> <span class='ocrx_word' id='word_1_136' title='bbox 288 1303 362 1352; x_wconf 73' lang='grc' dir='ltr'><strong>οὖν</strong></span> <span class='ocrx_word' id='word_1_137' title='bbox 390 1306 418 1364; x_wconf 80' lang='grc' dir='ltr'>ἡ</span> <span class='ocrx_word' id='word_1_138' title='bbox 435 1311 625 1363; x_wconf 79' lang='grc' dir='ltr'><strong><em>βασιλεία</em></strong></span> <span class='ocrx_word' id='word_1_139' title='bbox 643 1314 724 1353; x_wconf 86' lang='grc' dir='ltr'><strong>τῶν</strong></span> <span class='ocrx_word' id='word_1_140' title='bbox 755 1308 982 1366; x_wconf 84' lang='grc' dir='ltr'><strong><em>Ἑλλήνων,</em></strong></span> <span class='ocrx_word' id='word_1_141' title='bbox 1012 1309 1103 1366; x_wconf 74' lang='grc' dir='ltr'><strong><em>ἤτοι</em></strong></span> <span class='ocrx_word' id='word_1_142' title='bbox 1122 1314 1488 1370; x_wconf 85' lang='grc' dir='ltr'><strong><em>Πελοποννησίων,</em></strong></span> <span class='ocrx_word' id='word_1_143' title='bbox 1527 1314 1597 1370; x_wconf 68' lang='grc' dir='ltr'><strong>ἔτη</strong></span> 
     </span>
     <span class='ocr_line' id='line_1_18' title="bbox 129 1375 232 1435; baseline 0.01 -14"><span class='ocrx_word' id='word_1_144' title='bbox 129 1375 232 1435; x_wconf 81' lang='grc' dir='ltr'><strong><em>ρξδ’.</em></strong></span> 
     </span>
    </p>

    <p class='ocr_par' dir='ltr' id='par_1_10' title="bbox 128 1444 1597 1573">
     <span class='ocr_line' id='line_1_19' title="bbox 226 1444 1596 1507; baseline 0.004 -18"><span class='ocrx_word' id='word_1_145' title='bbox 226 1445 296 1489; x_wconf 83' lang='grc' dir='ltr'><strong>Ἐν</strong></span> <span class='ocrx_word' id='word_1_146' title='bbox 314 1446 361 1489; x_wconf 74' lang='grc' dir='ltr'><strong>δὲ</strong></span> <span class='ocrx_word' id='word_1_147' title='bbox 379 1453 465 1496; x_wconf 83' lang='grc' dir='ltr'><strong><em>τοῖς</em></strong></span> <span class='ocrx_word' id='word_1_148' title='bbox 492 1447 798 1506; x_wconf 72' lang='grc' dir='ltr'><strong><em>προειρημένοις</em></strong></span> <span class='ocrx_word' id='word_1_149' title='bbox 817 1446 1008 1504; x_wconf 77' lang='grc' dir='ltr'><strong><em>ἀνωτέρω</em></strong></span> <span class='ocrx_word' id='word_1_150' title='bbox 1025 1444 1191 1504; x_wconf 83' lang='grc' dir='ltr'><strong><em>χρόνοις</em></strong></span> <span class='ocrx_word' id='word_1_151' title='bbox 1214 1453 1290 1505; x_wconf 79' lang='grc' dir='ltr'><strong>τῆς</strong></span> <span class='ocrx_word' id='word_1_152' title='bbox 1311 1448 1479 1507; x_wconf 82' lang='grc' dir='ltr'><strong><em>Κρήτης</em></strong></span> <span class='ocrx_word' id='word_1_153' title='bbox 1497 1452 1596 1505; x_wconf 75' lang='grc' dir='ltr'><strong><em>ἔβα-</em></strong></span> 
     </span>
     <span class='ocr_line' id='line_1_20' title="bbox 128 1513 1597 1573; baseline 0.003 -15"><span class='ocrx_word' id='word_1_154' title='bbox 128 1515 287 1559; x_wconf 84' lang='grc' dir='ltr'><strong><em>σίλευσε</em></strong></span> <span class='ocrx_word' id='word_1_155' title='bbox 305 1519 469 1572; x_wconf 84' lang='grc' dir='ltr'><strong><em>πρῶτος</em></strong></span> <span class='ocrx_word' id='word_1_156' title='bbox 490 1513 512 1559; x_wconf 83' lang='grc' dir='ltr'><em>ὃ</em></span> <span class='ocrx_word' id='word_1_157' title='bbox 532 1518 726 1569; x_wconf 88' lang='grc' dir='ltr'><strong><em>Μίνωος,</em></strong></span> <span class='ocrx_word' id='word_1_158' title='bbox 765 1514 786 1559; x_wconf 84' lang='grc' dir='ltr'><em>ὃ</em></span> <span class='ocrx_word' id='word_1_159' title='bbox 806 1517 896 1566; x_wconf 79' lang='grc' dir='ltr'><strong><em>υἱὸς</em></strong></span> <span class='ocrx_word' id='word_1_160' title='bbox 913 1521 988 1571; x_wconf 82' lang='grc' dir='ltr'><strong>τῆς</strong></span> <span class='ocrx_word' id='word_1_161' title='bbox 1006 1515 1233 1573; x_wconf 80' lang='grc' dir='ltr'><strong><em>Εὐρώπης·</em></strong></span> <span class='ocrx_word' id='word_1_162' title='bbox 1271 1517 1383 1570; x_wconf 80' lang='grc' dir='ltr'><strong><em>ὅστις</em></strong></span> <span class='ocrx_word' id='word_1_163' title='bbox 1401 1522 1467 1562; x_wconf 82' lang='grc' dir='ltr'><strong>καὶ</strong></span> <span class='ocrx_word' id='word_1_164' title='bbox 1492 1521 1597 1562; x_wconf 77' lang='grc' dir='ltr'><strong><em>ἐθα-</em></strong></span> 
     </span>
    </p>

    <p class='ocr_par' dir='ltr' id='par_1_11' title="bbox 71 1582 1647 1783">
     <span class='ocr_line' id='line_1_21' title="bbox 71 1582 1592 1643; baseline 0.001 -15"><span class='ocrx_word' id='word_1_165' title='bbox 71 1590 120 1628; x_wconf 78' lang='lat'><strong>20</strong></span> <span class='ocrx_word' id='word_1_166' title='bbox 131 1582 403 1641; x_wconf 83' lang='grc' dir='ltr'><strong><em>λασσοκράτει</em></strong></span> <span class='ocrx_word' id='word_1_167' title='bbox 431 1584 666 1640; x_wconf 81' lang='grc' dir='ltr'><strong><em>πολεμήσας</em></strong></span> <span class='ocrx_word' id='word_1_168' title='bbox 691 1586 929 1641; x_wconf 87' lang='grc' dir='ltr'><strong><em>Ἀθηναίοις</em></strong></span> <span class='ocrx_word' id='word_1_169' title='bbox 958 1587 1024 1628; x_wconf 80' lang='grc' dir='ltr'><strong>καὶ</strong></span> <span class='ocrx_word' id='word_1_170' title='bbox 1051 1584 1204 1640; x_wconf 84' lang='grc' dir='ltr'><strong><em>νόμους</em></strong></span> <span class='ocrx_word' id='word_1_171' title='bbox 1232 1587 1375 1643; x_wconf 76' lang='grc' dir='ltr'><strong><em>ε’τίθη·</em></strong></span> <span class='ocrx_word' id='word_1_172' title='bbox 1412 1590 1502 1642; x_wconf 86' lang='grc' dir='ltr'><strong><em>περὶ</em></strong></span> <span class='ocrx_word' id='word_1_173' title='bbox 1530 1583 1592 1641; x_wconf 70' lang='grc' dir='ltr'><strong><em>οῗ),</em></strong></span> 
     </span>
     <span class='ocr_line' id='line_1_22' title="bbox 129 1650 1596 1711; baseline 0.003 -16"><span class='ocrx_word' id='word_1_174' title='bbox 129 1654 256 1710; x_wconf 88' lang='grc' dir='ltr'><strong><em>φησί,</em></strong></span> <span class='ocrx_word' id='word_1_175' title='bbox 287 1650 472 1697; x_wconf 79' lang='grc' dir='ltr'><strong><em>Πλάτων</em></strong></span> <span class='ocrx_word' id='word_1_176' title='bbox 496 1652 517 1697; x_wconf 82' lang='grc' dir='ltr'><em>ὃ</em></span> <span class='ocrx_word' id='word_1_177' title='bbox 550 1653 795 1711; x_wconf 82' lang='grc' dir='ltr'><strong><em>σοφώτατος</em></strong></span> <span class='ocrx_word' id='word_1_178' title='bbox 825 1655 867 1696; x_wconf 77' lang='grc' dir='ltr'><strong>ἓν</strong></span> <span class='ocrx_word' id='word_1_179' title='bbox 895 1661 982 1703; x_wconf 82' lang='grc' dir='ltr'><strong><em>τοῖς</em></strong></span> <span class='ocrx_word' id='word_1_180' title='bbox 1015 1656 1104 1709; x_wconf 83' lang='grc' dir='ltr'><strong><em>περὶ</em></strong></span> <span class='ocrx_word' id='word_1_181' title='bbox 1140 1652 1278 1708; x_wconf 87' lang='grc' dir='ltr'><strong><em>νόμων</em></strong></span> <span class='ocrx_word' id='word_1_182' title='bbox 1305 1654 1596 1710; x_wconf 75' lang='grc' dir='ltr'><strong><em>ὑπομνήμασιν</em></strong></span> 
     </span>
     <span class='ocr_line' id='line_1_23' title="bbox 130 1718 1647 1783; baseline 0.003 -19"><span class='ocrx_word' id='word_1_183' title='bbox 130 1718 438 1778; x_wconf 73' lang='grc' dir='ltr'><strong><em>ἐμνημόνευσεν.</em></strong></span> <span class='ocrx_word' id='word_1_184' title='bbox 509 1722 551 1766; x_wconf 78' lang='grc' dir='ltr'><strong>ἔν</strong></span> <span class='ocrx_word' id='word_1_185' title='bbox 584 1721 645 1774; x_wconf 79' lang='grc' dir='ltr'><strong>οἷς</strong></span> <span class='ocrx_word' id='word_1_186' title='bbox 671 1720 837 1781; x_wconf 86' lang='grc' dir='ltr'><strong><em>χρόνοις</em></strong></span> <span class='ocrx_word' id='word_1_187' title='bbox 860 1718 967 1778; x_wconf 78' lang='grc' dir='ltr'><strong><em>ἦσαν</em></strong></span> <span class='ocrx_word' id='word_1_188' title='bbox 997 1721 1018 1765; x_wconf 82' lang='grc' dir='ltr'><em>ὃ</em></span> <span class='ocrx_word' id='word_1_189' title='bbox 1046 1723 1259 1774; x_wconf 76' lang='grc' dir='ltr'><strong><em>Δαίδαλος</em></strong></span> <span class='ocrx_word' id='word_1_190' title='bbox 1278 1726 1345 1767; x_wconf 85' lang='grc' dir='ltr'><strong>καὶ</strong></span> <span class='ocrx_word' id='word_1_191' title='bbox 1371 1723 1392 1768; x_wconf 87' lang='grc' dir='ltr'>ὁ</span> <span class='ocrx_word' id='word_1_192' title='bbox 1417 1725 1592 1783; x_wconf 85' lang='grc' dir='ltr'><strong><em>Ἴκαρος,</em></strong></span> <span class='ocrx_word' id='word_1_193' title='bbox 1619 1740 1647 1774; x_wconf 82' lang='grc' dir='ltr'>Β</span> 
     </span>
    </p>
   </div>
   <div class='ocr_carea' id='block_1_2' title="bbox 222 1852 1285 1902">
    <p class='ocr_par' dir='ltr' id='par_1_12' title="bbox 222 1852 1285 1902">
     <span class='ocr_line' id='line_1_24' title="bbox 222 1852 1285 1902; baseline -0.001 -11"><span class='ocrx_word' id='word_1_194' title='bbox 222 1853 277 1892; x_wconf 83' lang='grc'><strong>14.</strong></span> <span class='ocrx_word' id='word_1_195' title='bbox 302 1854 467 1902; x_wconf 80' lang='grc' dir='ltr'><strong><em>Θυεστὴς</em></strong></span> <span class='ocrx_word' id='word_1_196' title='bbox 490 1855 559 1891; x_wconf 86' lang='lat' dir='ltr'><strong>Ox.</strong></span> <span class='ocrx_word' id='word_1_197' title='bbox 654 1857 710 1892; x_wconf 87' lang='lat'><strong>19.</strong></span> <span class='ocrx_word' id='word_1_198' title='bbox 734 1853 889 1892; x_wconf 76' lang='grc' dir='ltr'><strong><em>ἐθαλασ.</em></strong></span> <span class='ocrx_word' id='word_1_199' title='bbox 912 1854 999 1897; x_wconf 91' lang='lat' dir='ltr'><strong>Ch.‚</strong></span> <span class='ocrx_word' id='word_1_200' title='bbox 1020 1852 1193 1892; x_wconf 77' lang='grc' dir='ltr'><strong><em>ἐθαλλασ.</em></strong></span> <span class='ocrx_word' id='word_1_201' title='bbox 1216 1856 1285 1891; x_wconf 85' lang='lat' dir='ltr'><strong>Ox.</strong></span> 
     </span>
    </p>
   </div>
   <div class='ocr_carea' id='block_1_3' title="bbox 122 1967 1593 2890">
    <p class='ocr_par' dir='ltr' id='par_1_13' title="bbox 126 1967 1593 2063">
     <span class='ocr_line' id='line_1_25' title="bbox 127 1967 1593 2017; baseline 0.002 -13"><span class='ocrx_word' id='word_1_202' title='bbox 127 1972 164 2005; x_wconf 86' lang='lat' dir='ltr'><strong>et</strong></span> <span class='ocrx_word' id='word_1_203' title='bbox 179 1970 296 2004; x_wconf 87' lang='lat' dir='ltr'><strong>urbem</strong></span> <span class='ocrx_word' id='word_1_204' title='bbox 315 1981 452 2016; x_wconf 87' lang='lat' dir='ltr'><strong>quoque</strong></span> <span class='ocrx_word' id='word_1_205' title='bbox 469 1969 643 2012; x_wconf 83' lang='lat' dir='ltr'><strong>condidit,</strong></span> <span class='ocrx_word' id='word_1_206' title='bbox 667 1981 769 2016; x_wconf 81' lang='lat' dir='ltr'><strong>quam</strong></span> <span class='ocrx_word' id='word_1_207' title='bbox 786 1971 1031 2017; x_wconf 82' lang='lat' dir='ltr'><strong>Peloponesum</strong></span> <span class='ocrx_word' id='word_1_208' title='bbox 1047 1970 1206 2006; x_wconf 81' lang='lat' dir='ltr'><strong>vocavit=</strong></span> <span class='ocrx_word' id='word_1_209' title='bbox 1232 1967 1321 2006; x_wconf 86' lang='lat' dir='ltr'><strong>unde</strong></span> <span class='ocrx_word' id='word_1_210' title='bbox 1339 1974 1461 2017; x_wconf 85' lang='lat' dir='ltr'><strong>postea</strong></span> <span class='ocrx_word' id='word_1_211' title='bbox 1477 1972 1593 2008; x_wconf 83' lang='lat' dir='ltr'><strong>Grae-</strong></span> 
     </span>
     <span class='ocr_line' id='line_1_26' title="bbox 126 2017 952 2063; baseline -0.001 -12"><span class='ocrx_word' id='word_1_212' title='bbox 126 2027 243 2052; x_wconf 82' lang='lat' dir='ltr'><strong>corum</strong></span> <span class='ocrx_word' id='word_1_213' title='bbox 262 2027 407 2061; x_wconf 83' lang='lat' dir='ltr'><strong>regnum</strong></span> <span class='ocrx_word' id='word_1_214' title='bbox 430 2017 731 2063; x_wconf 82' lang='lat' dir='ltr'><strong>Peloponesiacum</strong></span> <span class='ocrx_word' id='word_1_215' title='bbox 753 2018 952 2052; x_wconf 87' lang='lat' dir='ltr'><strong>vocabatur.</strong></span> 
     </span>
    </p>

    <p class='ocr_par' dir='ltr' id='par_1_14' title="bbox 124 2061 1593 2384">
     <span class='ocr_line' id='line_1_27' title="bbox 217 2061 1593 2109; baseline 0.001 -12"><span class='ocrx_word' id='word_1_216' title='bbox 217 2061 350 2098; x_wconf 77' lang='lat' dir='ltr'><strong>Eodem</strong></span> <span class='ocrx_word' id='word_1_217' title='bbox 372 2067 526 2109; x_wconf 86' lang='lat' dir='ltr'><strong>tempore</strong></span> <span class='ocrx_word' id='word_1_218' title='bbox 547 2063 669 2098; x_wconf 83' lang='lat' dir='ltr'><strong>floruit</strong></span> <span class='ocrx_word' id='word_1_219' title='bbox 690 2063 904 2098; x_wconf 85' lang='lat' dir='ltr'><strong>Democritus</strong></span> <span class='ocrx_word' id='word_1_220' title='bbox 927 2062 1166 2108; x_wconf 80' lang='lat' dir='ltr'><strong>Philosophus:</strong></span> <span class='ocrx_word' id='word_1_221' title='bbox 1192 2063 1252 2108; x_wconf 78' lang='lat' dir='ltr'><strong>qni</strong></span> <span class='ocrx_word' id='word_1_222' title='bbox 1275 2064 1376 2098; x_wconf 84' lang='lat' dir='ltr'><strong>etiam</strong></span> <span class='ocrx_word' id='word_1_223' title='bbox 1400 2063 1436 2098; x_wconf 86' lang='lat' dir='ltr'><strong>in</strong></span> <span class='ocrx_word' id='word_1_224' title='bbox 1456 2063 1593 2108; x_wconf 82' lang='lat' dir='ltr'><strong>scriptis</strong></span> 
     </span>
     <span class='ocr_line' id='line_1_28' title="bbox 125 2107 1592 2155; baseline -0.001 -12"><span class='ocrx_word' id='word_1_225' title='bbox 125 2107 196 2143; x_wconf 77' lang='lat' dir='ltr'><strong>suis</strong></span> <span class='ocrx_word' id='word_1_226' title='bbox 217 2107 465 2154; x_wconf 83' lang='lat' dir='ltr'><strong>Philosophicis</strong></span> <span class='ocrx_word' id='word_1_227' title='bbox 488 2109 605 2144; x_wconf 88' lang='lat' dir='ltr'><strong>docuit</strong></span> <span class='ocrx_word' id='word_1_228' title='bbox 627 2109 755 2143; x_wconf 86' lang='lat' dir='ltr'><strong>debere</strong></span> <span class='ocrx_word' id='word_1_229' title='bbox 778 2109 874 2152; x_wconf 76' lang='lat' dir='ltr'><strong>eum,</strong></span> <span class='ocrx_word' id='word_1_230' title='bbox 898 2109 957 2154; x_wconf 90' lang='lat' dir='ltr'><strong>qui</strong></span> <span class='ocrx_word' id='word_1_231' title='bbox 982 2109 1204 2154; x_wconf 77' lang='lat' dir='ltr'><strong>Philosophus</strong></span> <span class='ocrx_word' id='word_1_232' title='bbox 1227 2109 1376 2144; x_wconf 83' lang='lat' dir='ltr'><strong>evadere</strong></span> <span class='ocrx_word' id='word_1_233' title='bbox 1399 2109 1505 2155; x_wconf 86' lang='lat' dir='ltr'><strong>cupit,</strong></span> <span class='ocrx_word' id='word_1_234' title='bbox 1533 2121 1592 2143; x_wconf 87' lang='lat' dir='ltr'><strong>ex-</strong></span> 
     </span>
     <span class='ocr_line' id='line_1_29' title="bbox 125 2155 1593 2201; baseline 0.001 -13"><span class='ocrx_word' id='word_1_235' title='bbox 125 2165 269 2196; x_wconf 82' lang='lat' dir='ltr'><strong>ercere,</strong></span> <span class='ocrx_word' id='word_1_236' title='bbox 290 2159 484 2201; x_wconf 79' lang='lat' dir='ltr'><strong>temperare</strong></span> <span class='ocrx_word' id='word_1_237' title='bbox 506 2167 563 2198; x_wconf 89' lang='lat' dir='ltr'><strong>se,</strong></span> <span class='ocrx_word' id='word_1_238' title='bbox 589 2159 624 2190; x_wconf 85' lang='lat' dir='ltr'><strong>et</strong></span> <span class='ocrx_word' id='word_1_239' title='bbox 648 2156 692 2189; x_wconf 85' lang='lat' dir='ltr'><strong>ab</strong></span> <span class='ocrx_word' id='word_1_240' title='bbox 716 2155 867 2190; x_wconf 79' lang='lat' dir='ltr'><strong>omnibus</strong></span> <span class='ocrx_word' id='word_1_241' title='bbox 890 2155 982 2190; x_wconf 86' lang='lat' dir='ltr'><strong>vitiis</strong></span> <span class='ocrx_word' id='word_1_242' title='bbox 1004 2155 1197 2197; x_wconf 79' lang='lat' dir='ltr'><strong>abstinere3</strong></span> <span class='ocrx_word' id='word_1_243' title='bbox 1237 2156 1347 2190; x_wconf 82' lang='lat' dir='ltr'><strong>omnia</strong></span> <span class='ocrx_word' id='word_1_244' title='bbox 1370 2157 1473 2190; x_wconf 84' lang='lat' dir='ltr'><strong>etiam</strong></span> <span class='ocrx_word' id='word_1_245' title='bbox 1496 2158 1593 2189; x_wconf 83' lang='lat' dir='ltr'><strong>recte</strong></span> 
     </span>
     <span class='ocr_line' id='line_1_30' title="bbox 125 2199 1590 2247; baseline -0.001 -12"><span class='ocrx_word' id='word_1_246' title='bbox 125 2199 342 2245; x_wconf 76' lang='lat' dir='ltr'><strong>intelligere,</strong></span> <span class='ocrx_word' id='word_1_247' title='bbox 375 2213 416 2235; x_wconf 88' lang='lat' dir='ltr'><strong>ac</strong></span> <span class='ocrx_word' id='word_1_248' title='bbox 439 2202 576 2236; x_wconf 81' lang='lat' dir='ltr'><strong>facere:</strong></span> <span class='ocrx_word' id='word_1_249' title='bbox 613 2201 671 2236; x_wconf 87' lang='lat' dir='ltr'><strong>ubi</strong></span> <span class='ocrx_word' id='word_1_250' title='bbox 695 2206 807 2235; x_wconf 87' lang='lat' dir='ltr'><strong>autem</strong></span> <span class='ocrx_word' id='word_1_251' title='bbox 831 2202 896 2235; x_wconf 88' lang='lat' dir='ltr'><strong>huc</strong></span> <span class='ocrx_word' id='word_1_252' title='bbox 918 2201 1138 2247; x_wconf 86' lang='lat' dir='ltr'><strong>pervenerit,</strong></span> <span class='ocrx_word' id='word_1_253' title='bbox 1172 2202 1371 2237; x_wconf 82' lang='lat' dir='ltr'><strong>edocebitur</strong></span> <span class='ocrx_word' id='word_1_254' title='bbox 1393 2202 1526 2236; x_wconf 88' lang='lat' dir='ltr'><strong>Nomen</strong></span> <span class='ocrx_word' id='word_1_255' title='bbox 1548 2201 1590 2234; x_wconf 88' lang='lat' dir='ltr'><strong>il-</strong></span> 
     </span>
     <span class='ocr_line' id='line_1_31' title="bbox 126 2245 1591 2292; baseline -0.001 -12"><span class='ocrx_word' id='word_1_256' title='bbox 126 2245 187 2281; x_wconf 84' lang='lat' dir='ltr'><strong>lud</strong></span> <span class='ocrx_word' id='word_1_257' title='bbox 209 2257 330 2281; x_wconf 88' lang='lat' dir='ltr'><strong>novem</strong></span> <span class='ocrx_word' id='word_1_258' title='bbox 353 2246 462 2282; x_wconf 81' lang='lat' dir='ltr'><strong>literis</strong></span> <span class='ocrx_word' id='word_1_259' title='bbox 484 2247 718 2289; x_wconf 67' lang='lat' dir='ltr'><strong>scribendum</strong></span> <span class='ocrx_word' id='word_1_260' title='bbox 743 2252 779 2281; x_wconf 83' lang='lat' dir='ltr'><strong>et</strong></span> <span class='ocrx_word' id='word_1_261' title='bbox 799 2247 931 2282; x_wconf 87' lang='lat' dir='ltr'><strong>videbit</strong></span> <span class='ocrx_word' id='word_1_262' title='bbox 952 2247 1058 2282; x_wconf 87' lang='lat' dir='ltr'><strong>filium</strong></span> <span class='ocrx_word' id='word_1_263' title='bbox 1080 2246 1147 2282; x_wconf 85' lang='lat' dir='ltr'><strong>Dei</strong></span> <span class='ocrx_word' id='word_1_264' title='bbox 1169 2249 1311 2283; x_wconf 87' lang='lat' dir='ltr'><strong>verbum</strong></span> <span class='ocrx_word' id='word_1_265' title='bbox 1334 2247 1416 2281; x_wconf 86' lang='lat' dir='ltr'><strong>illud</strong></span> <span class='ocrx_word' id='word_1_266' title='bbox 1438 2246 1591 2292; x_wconf 84' lang='lat' dir='ltr'><strong>impassi-</strong></span> 
     </span>
     <span class='ocr_line' id='line_1_32' title="bbox 124 2291 1589 2340; baseline -0.001 -13"><span class='ocrx_word' id='word_1_267' title='bbox 124 2291 216 2334; x_wconf 83' lang='lat' dir='ltr'><strong>bile,</strong></span> <span class='ocrx_word' id='word_1_268' title='bbox 258 2292 337 2328; x_wconf 88' lang='lat' dir='ltr'><strong>olim</strong></span> <span class='ocrx_word' id='word_1_269' title='bbox 362 2293 464 2328; x_wconf 79' lang='lat' dir='ltr'><strong>etiam</strong></span> <span class='ocrx_word' id='word_1_270' title='bbox 487 2293 653 2328; x_wconf 84' lang='lat' dir='ltr'><strong>Passibile</strong></span> <span class='ocrx_word' id='word_1_271' title='bbox 676 2293 841 2328; x_wconf 80' lang='lat' dir='ltr'><strong>futurum.</strong></span> <span class='ocrx_word' id='word_1_272' title='bbox 886 2294 1020 2329; x_wconf 79' lang='lat' dir='ltr'><strong>Extant</strong></span> <span class='ocrx_word' id='word_1_273' title='bbox 1042 2298 1155 2329; x_wconf 87' lang='lat' dir='ltr'><strong>autem</strong></span> <span class='ocrx_word' id='word_1_274' title='bbox 1183 2295 1270 2329; x_wconf 85' lang='lat' dir='ltr'><strong>haec</strong></span> <span class='ocrx_word' id='word_1_275' title='bbox 1293 2293 1385 2340; x_wconf 84' lang='lat' dir='ltr'><strong>apud</strong></span> <span class='ocrx_word' id='word_1_276' title='bbox 1409 2292 1589 2338; x_wconf 86' lang='lat' dir='ltr'><strong>Theophi-</strong></span> 
     </span>
     <span class='ocr_line' id='line_1_33' title="bbox 124 2337 860 2384; baseline -0.004 -10"><span class='ocrx_word' id='word_1_277' title='bbox 124 2337 214 2379; x_wconf 83' lang='lat' dir='ltr'><strong>lum,</strong></span> <span class='ocrx_word' id='word_1_278' title='bbox 240 2338 521 2384; x_wconf 82' lang='lat' dir='ltr'><strong>sapientissimum</strong></span> <span class='ocrx_word' id='word_1_279' title='bbox 544 2340 860 2384; x_wconf 78' lang='lat' dir='ltr'><strong>chronographum.</strong></span> 
     </span>
    </p>

    <p class='ocr_par' dir='ltr' id='par_1_15' title="bbox 123 2383 1588 2466">
     <span class='ocr_line' id='line_1_34' title="bbox 123 2383 1588 2465; baseline -0.001 -45"><span class='ocrx_word' id='word_1_280' title='bbox 123 2429 161 2465; x_wconf 62' lang='lat' dir='ltr'><strong>di</strong></span> <span class='ocrx_word' id='word_1_281' title='bbox 181 2429 192 2440; x_wconf 55' lang='lat'><strong>·</strong></span> <span class='ocrx_word' id='word_1_282' title='bbox 215 2385 355 2464; x_wconf 53' lang='lat' dir='ltr'><strong>Eischem</strong></span> <span class='ocrx_word' id='word_1_283' title='bbox 377 2385 586 2432; x_wconf 79' lang='lat' dir='ltr'>temporibus</span> <span class='ocrx_word' id='word_1_284' title='bbox 619 2385 720 2420; x_wconf 86' lang='lat' dir='ltr'><strong>etiam</strong></span> <span class='ocrx_word' id='word_1_285' title='bbox 743 2384 860 2421; x_wconf 87' lang='lat' dir='ltr'><strong>floruit</strong></span> <span class='ocrx_word' id='word_1_286' title='bbox 880 2384 1111 2433; x_wconf 75' lang='lat' dir='ltr'><strong>Hippocrates</strong></span> <span class='ocrx_word' id='word_1_287' title='bbox 1135 2385 1386 2430; x_wconf 84' lang='lat' dir='ltr'><strong>Philosophus,</strong></span> <span class='ocrx_word' id='word_1_288' title='bbox 1426 2383 1487 2430; x_wconf 90' lang='lat' dir='ltr'><strong>qui</strong></span> <span class='ocrx_word' id='word_1_289' title='bbox 1510 2383 1588 2418; x_wconf 91' lang='lat' dir='ltr'><strong>Me-</strong></span> 
     </span>
     <span class='ocr_line' id='line_1_35' title="bbox 162 2430 817 2466; baseline 0 0"><span class='ocrx_word' id='word_1_290' title='bbox 162 2442 271 2466; x_wconf 77' lang='lat' dir='ltr'><strong>cmam</strong></span> <span class='ocrx_word' id='word_1_291' title='bbox 315 2430 420 2466; x_wconf 88' lang='lat' dir='ltr'><strong>ocuit.</strong></span> <span class='ocrx_word' id='word_1_292' title='bbox 814 2437 817 2443; x_wconf 89' lang='grc'><em>“</em></span> 
     </span>
    </p>

    <p class='ocr_par' dir='ltr' id='par_1_16' title="bbox 122 2476 1586 2890">
     <span class='ocr_line' id='line_1_36' title="bbox 217 2476 1584 2523; baseline -0.002 -11"><span class='ocrx_word' id='word_1_293' title='bbox 217 2477 302 2512; x_wconf 87' lang='lat' dir='ltr'><strong>Post</strong></span> <span class='ocrx_word' id='word_1_294' title='bbox 333 2477 515 2523; x_wconf 81' lang='lat' dir='ltr'><strong>Pelopem,</strong></span> <span class='ocrx_word' id='word_1_295' title='bbox 561 2478 597 2512; x_wconf 91' lang='lat' dir='ltr'><strong>in</strong></span> <span class='ocrx_word' id='word_1_296' title='bbox 628 2489 735 2523; x_wconf 85' lang='lat' dir='ltr'><strong>regno</strong></span> <span class='ocrx_word' id='word_1_297' title='bbox 766 2476 927 2512; x_wconf 88' lang='lat' dir='ltr'><strong>successit</strong></span> <span class='ocrx_word' id='word_1_298' title='bbox 958 2477 1102 2520; x_wconf 73' lang='lat' dir='ltr'><strong>Atreus3</strong></span> <span class='ocrx_word' id='word_1_299' title='bbox 1148 2480 1185 2512; x_wconf 91' lang='lat' dir='ltr'><strong>et</strong></span> <span class='ocrx_word' id='word_1_300' title='bbox 1216 2476 1374 2521; x_wconf 85' lang='lat' dir='ltr'><strong>regnavit</strong></span> <span class='ocrx_word' id='word_1_301' title='bbox 1400 2487 1506 2510; x_wconf 86' lang='lat' dir='ltr'><strong>annos</strong></span> <span class='ocrx_word' id='word_1_302' title='bbox 1529 2486 1584 2509; x_wconf 83' lang='lat' dir='ltr'><strong>xx.</strong></span> 
     </span>
     <span class='ocr_line' id='line_1_37' title="bbox 127 2520 1585 2569; baseline -0.001 -13"><span class='ocrx_word' id='word_1_303' title='bbox 127 2520 227 2558; x_wconf 82' lang='lat' dir='ltr'><strong>Hunc</strong></span> <span class='ocrx_word' id='word_1_304' title='bbox 249 2523 385 2569; x_wconf 79' lang='lat' dir='ltr'><strong>excepit</strong></span> <span class='ocrx_word' id='word_1_305' title='bbox 407 2524 596 2569; x_wconf 85' lang='lat' dir='ltr'><strong>Thyestes,</strong></span> <span class='ocrx_word' id='word_1_306' title='bbox 621 2523 679 2568; x_wconf 88' lang='lat' dir='ltr'><strong>qui</strong></span> <span class='ocrx_word' id='word_1_307' title='bbox 701 2524 861 2569; x_wconf 78' lang='lat' dir='ltr'><strong>regnavit</strong></span> <span class='ocrx_word' id='word_1_308' title='bbox 884 2534 988 2559; x_wconf 85' lang='lat' dir='ltr'><strong>annos</strong></span> <span class='ocrx_word' id='word_1_309' title='bbox 1009 2534 1078 2559; x_wconf 85' lang='lat' dir='ltr'>xv1.</span> <span class='ocrx_word' id='word_1_310' title='bbox 1102 2527 1181 2569; x_wconf 86' lang='lat' dir='ltr'><strong>post</strong></span> <span class='ocrx_word' id='word_1_311' title='bbox 1203 2523 1291 2557; x_wconf 89' lang='lat' dir='ltr'><strong>hunc</strong></span> <span class='ocrx_word' id='word_1_312' title='bbox 1308 2522 1469 2566; x_wconf 80' lang='lat' dir='ltr'><strong>regnavit</strong></span> <span class='ocrx_word' id='word_1_313' title='bbox 1492 2523 1585 2565; x_wconf 83' lang='lat' dir='ltr'><strong>Aga-</strong></span> 
     </span>
     <span class='ocr_line' id='line_1_38' title="bbox 126 2567 1586 2615; baseline 0 -14"><span class='ocrx_word' id='word_1_314' title='bbox 126 2578 300 2610; x_wconf 85' lang='lat' dir='ltr'><strong>memnon,</strong></span> <span class='ocrx_word' id='word_1_315' title='bbox 325 2580 430 2604; x_wconf 79' lang='lat' dir='ltr'><strong>annos</strong></span> <span class='ocrx_word' id='word_1_316' title='bbox 452 2580 551 2604; x_wconf 83' lang='lat' dir='ltr'><strong>xvm.</strong></span> <span class='ocrx_word' id='word_1_317' title='bbox 575 2569 655 2604; x_wconf 86' lang='lat' dir='ltr'><strong>huic</strong></span> <span class='ocrx_word' id='word_1_318' title='bbox 676 2569 836 2604; x_wconf 85' lang='lat' dir='ltr'><strong>successit</strong></span> <span class='ocrx_word' id='word_1_319' title='bbox 857 2569 1058 2615; x_wconf 80' lang='lat' dir='ltr'><strong>Aegisthus,</strong></span> <span class='ocrx_word' id='word_1_320' title='bbox 1094 2574 1129 2603; x_wconf 86' lang='lat' dir='ltr'><strong>et</strong></span> <span class='ocrx_word' id='word_1_321' title='bbox 1153 2580 1291 2613; x_wconf 84' lang='lat' dir='ltr'><strong>regnum</strong></span> <span class='ocrx_word' id='word_1_322' title='bbox 1314 2567 1446 2610; x_wconf 86' lang='lat' dir='ltr'><strong>tenuit,</strong></span> <span class='ocrx_word' id='word_1_323' title='bbox 1482 2578 1586 2602; x_wconf 85' lang='lat' dir='ltr'><strong>annos</strong></span> 
     </span>
     <span class='ocr_line' id='line_1_39' title="bbox 126 2613 1583 2662; baseline 0 -16"><span class='ocrx_word' id='word_1_324' title='bbox 126 2623 189 2647; x_wconf 84' lang='lat' dir='ltr'><strong>vn.</strong></span> <span class='ocrx_word' id='word_1_325' title='bbox 233 2613 381 2650; x_wconf 80' lang='lat' dir='ltr'><strong>Duravit</strong></span> <span class='ocrx_word' id='word_1_326' title='bbox 409 2615 530 2662; x_wconf 80' lang='lat' dir='ltr'><strong>itaque</strong></span> <span class='ocrx_word' id='word_1_327' title='bbox 552 2627 693 2661; x_wconf 83' lang='lat' dir='ltr'><strong>regnum</strong></span> <span class='ocrx_word' id='word_1_328' title='bbox 716 2616 926 2651; x_wconf 87' lang='lat' dir='ltr'><strong>Graecorum</strong></span> <span class='ocrx_word' id='word_1_329' title='bbox 960 2627 1081 2661; x_wconf 88' lang='lat' dir='ltr'><strong>nempe</strong></span> <span class='ocrx_word' id='word_1_330' title='bbox 1102 2613 1445 2659; x_wconf 82' lang='lat' dir='ltr'><strong>Peloponnesiacum,</strong></span> <span class='ocrx_word' id='word_1_331' title='bbox 1479 2624 1583 2649; x_wconf 86' lang='lat' dir='ltr'><strong>annos</strong></span> 
     </span>
     <span class='ocr_line' id='line_1_40' title="bbox 126 2669 600 2693; baseline 0 -1"><span class='ocrx_word' id='word_1_332' title='bbox 126 2669 242 2693; x_wconf 70' lang='lat' dir='ltr'><strong>cnxrv.</strong></span> <span class='ocrx_word' id='word_1_333' title='bbox 597 2682 600 2685; x_wconf 55' lang='lat'><strong>&gt;</strong></span> 
     </span>
     <span class='ocr_line' id='line_1_41' title="bbox 216 2704 1584 2754; baseline 0.001 -16"><span class='ocrx_word' id='word_1_334' title='bbox 216 2705 432 2751; x_wconf 76' lang='lat' dir='ltr'><strong>Supradictis</strong></span> <span class='ocrx_word' id='word_1_335' title='bbox 462 2709 572 2742; x_wconf 81' lang='lat' dir='ltr'><strong>autem</strong></span> <span class='ocrx_word' id='word_1_336' title='bbox 606 2706 837 2754; x_wconf 87' lang='lat' dir='ltr'><strong>temporibus,</strong></span> <span class='ocrx_word' id='word_1_337' title='bbox 877 2706 923 2742; x_wconf 83' lang='lat' dir='ltr'><strong>ad</strong></span> <span class='ocrx_word' id='word_1_338' title='bbox 955 2707 1093 2742; x_wconf 86' lang='lat' dir='ltr'><strong>Cretam</strong></span> <span class='ocrx_word' id='word_1_339' title='bbox 1115 2706 1243 2751; x_wconf 87' lang='lat' dir='ltr'><strong>primus</strong></span> <span class='ocrx_word' id='word_1_340' title='bbox 1278 2704 1435 2750; x_wconf 83' lang='lat' dir='ltr'><strong>regnavit</strong></span> <span class='ocrx_word' id='word_1_341' title='bbox 1458 2704 1584 2747; x_wconf 78' lang='lat' dir='ltr'><strong>Minos,</strong></span> 
     </span>
     <span class='ocr_line' id='line_1_42' title="bbox 123 2749 1582 2796; baseline 0.001 -13"><span class='ocrx_word' id='word_1_342' title='bbox 123 2749 289 2796; x_wconf 85' lang='lat' dir='ltr'><strong>Europae</strong></span> <span class='ocrx_word' id='word_1_343' title='bbox 311 2751 419 2785; x_wconf 83' lang='lat' dir='ltr'><strong>filius:</strong></span> <span class='ocrx_word' id='word_1_344' title='bbox 454 2753 531 2796; x_wconf 87' lang='lat' dir='ltr'><strong>qui,</strong></span> <span class='ocrx_word' id='word_1_345' title='bbox 555 2765 629 2788; x_wconf 90' lang='lat' dir='ltr'><strong>cum</strong></span> <span class='ocrx_word' id='word_1_346' title='bbox 651 2753 738 2789; x_wconf 88' lang='lat' dir='ltr'><strong>mari</strong></span> <span class='ocrx_word' id='word_1_347' title='bbox 760 2753 949 2788; x_wconf 81' lang='lat' dir='ltr'><strong>dominatus</strong></span> <span class='ocrx_word' id='word_1_348' title='bbox 971 2757 1080 2791; x_wconf 85' lang='lat' dir='ltr'><strong>esset,</strong></span> <span class='ocrx_word' id='word_1_349' title='bbox 1103 2751 1363 2787; x_wconf 85' lang='lat' dir='ltr'><strong>Atheniensibus</strong></span> <span class='ocrx_word' id='word_1_350' title='bbox 1384 2751 1507 2786; x_wconf 90' lang='lat' dir='ltr'><strong>bellum</strong></span> <span class='ocrx_word' id='word_1_351' title='bbox 1530 2751 1582 2784; x_wconf 90' lang='lat' dir='ltr'><strong>in-</strong></span> 
     </span>
     <span class='ocr_line' id='line_1_43' title="bbox 123 2795 1582 2844; baseline 0.001 -15"><span class='ocrx_word' id='word_1_352' title='bbox 123 2795 225 2838; x_wconf 82' lang='lat' dir='ltr'><strong>tulit,</strong></span> <span class='ocrx_word' id='word_1_353' title='bbox 262 2797 422 2842; x_wconf 86' lang='lat' dir='ltr'><strong>legesque</strong></span> <span class='ocrx_word' id='word_1_354' title='bbox 453 2797 517 2832; x_wconf 85' lang='lat' dir='ltr'><strong>illis</strong></span> <span class='ocrx_word' id='word_1_355' title='bbox 538 2799 706 2844; x_wconf 84' lang='lat' dir='ltr'><strong>imposuit.</strong></span> <span class='ocrx_word' id='word_1_356' title='bbox 762 2800 873 2844; x_wconf 85' lang='lat' dir='ltr'><strong>Hujus</strong></span> <span class='ocrx_word' id='word_1_357' title='bbox 896 2811 979 2833; x_wconf 88' lang='lat' dir='ltr'><strong>vero</strong></span> <span class='ocrx_word' id='word_1_358' title='bbox 1003 2797 1264 2843; x_wconf 80' lang='lat' dir='ltr'><strong>sapientissimus</strong></span> <span class='ocrx_word' id='word_1_359' title='bbox 1296 2798 1396 2833; x_wconf 81' lang='lat' dir='ltr'><strong>Plato</strong></span> <span class='ocrx_word' id='word_1_360' title='bbox 1420 2797 1582 2839; x_wconf 86' lang='lat' dir='ltr'><strong>meminit,</strong></span> 
     </span>
     <span class='ocr_line' id='line_1_44' title="bbox 122 2841 1581 2890; baseline 0.001 -14"><span class='ocrx_word' id='word_1_361' title='bbox 122 2841 159 2876; x_wconf 87' lang='lat' dir='ltr'><strong>in</strong></span> <span class='ocrx_word' id='word_1_362' title='bbox 182 2842 295 2878; x_wconf 86' lang='lat' dir='ltr'><strong>Libris</strong></span> <span class='ocrx_word' id='word_1_363' title='bbox 329 2843 401 2888; x_wconf 82' lang='lat' dir='ltr'><strong>ejus</strong></span> <span class='ocrx_word' id='word_1_364' title='bbox 424 2842 468 2877; x_wconf 87' lang='lat' dir='ltr'><strong>de</strong></span> <span class='ocrx_word' id='word_1_365' title='bbox 490 2844 649 2889; x_wconf 83' lang='lat' dir='ltr'><strong>Legibus.</strong></span> <span class='ocrx_word' id='word_1_366' title='bbox 696 2844 802 2880; x_wconf 87' lang='lat' dir='ltr'><strong>Circa</strong></span> <span class='ocrx_word' id='word_1_367' title='bbox 825 2845 944 2880; x_wconf 83' lang='lat' dir='ltr'><strong>eadem</strong></span> <span class='ocrx_word' id='word_1_368' title='bbox 975 2849 1130 2890; x_wconf 84' lang='lat' dir='ltr'><strong>tempora</strong></span> <span class='ocrx_word' id='word_1_369' title='bbox 1153 2844 1305 2880; x_wconf 86' lang='lat' dir='ltr'><strong>celebres</strong></span> <span class='ocrx_word' id='word_1_370' title='bbox 1327 2844 1465 2880; x_wconf 80' lang='lat' dir='ltr'><strong>fuerunt</strong></span> <span class='ocrx_word' id='word_1_371' title='bbox 1489 2844 1581 2879; x_wconf 71' lang='lat' dir='ltr'><strong>Dae-</strong></span> 
     </span>
    </p>
   </div>
  </div>
 </body>
</html>
