1838 3230
373 153 1017 203 CHRONOGRAPHIA.
1073 153 1124 197 L.
1155 151 1268 198 VIII.
1457 146 1558 203 205

82 280 227 337 ἔλαβεν
240 279 370 337 αῧτὴν
388 286 560 337 γυναῖκα
575 292 585 303 ·
615 276 686 334 ἀφ’
708 271 759 332 ἧς
779 273 880 331 εἶχεν
894 274 1009 324 υἱοὺς
1020 270 1110 327 δύο,
1132 272 1344 325 Σέλευκον,
1368 269 1479 322 ὅστις
1489 291 1559 326 μι-

83 351 182 408 κρὸς
201 347 446 406 ἐτελεύτησε,
469 350 536 391 καὶ
550 347 757 403 Ἀντίοχον
778 345 850 388 τὸν
872 342 1144 398 ἐπικληθέντα
1166 344 1350 397 Θεοειδῆ.
1387 343 1454 384 καὶ
1474 332 1579 384 ἐτε-’

82 417 274 475 λεῦτησεν
298 417 504 472 Ἀντίοχος
527 413 548 460 ὅ
570 413 770 460 Σελεύκου
799 415 866 456 καὶ
892 414 1127 467 ἐβασίλευσε
1147 410 1233 466 μετ’
1256 411 1383 454 αὐτὸν
1401 410 1558 453 Ἀντίο-

80 505 156 544 χος
176 485 198 532 ὃ
225 487 418 543 Θεοειδὴς
441 485 509 542 ἔτη
533 483 590 529 ιε’.
656 486 722 527 καὶ
744 483 830 538 μετ’
854 482 978 525 αὐτὸν
1000 482 1259 535 ἐβασίλευσεν
1279 478 1299 523 ὅ
1321 479 1409 530 υἱὸς
1430 479 1558 523 αὐτοῦ

14 554 20 559 ’
48 555 105 602 5ὖ
127 559 172 600 ἐκ
190 557 388 614 Βερνίκης
417 551 654 604 Σέλευκος-ὁ
678 554 925 601 Καλλίνικος
946 550 1014 605 ἔτη
1035 547 1112 603 κδ’,
1149 551 1215 592 καὶ
1239 548 1504 605 Ἀλέξανδρος
1536 547 1557 592 ὃ

83 624 279 682 Νικάτωρ
303 624 372 680 ε’τη
392 622 467 675 λς’,
504 624 571 666 καὶ
592 623 790 672 Σέλευκος
812 619 832 665 ὃ
859 618 1108 676 Φιλοπάτωρ
1135 618 1204 674 ἔτη
1227 618 1346 672 δέκα,
1383 621 1450 661 καὶ
1464 617 1556 661 Ἀν-
1577 625 1612 660 Ε

82 696 221 750 τίοχος
240 692 262 738 ὅ
283 692 509 751 Ἐπιφανὴς
529 692 598 747 ἔτη
621 689 689 744 ιβ’.

181 763 271 806 Ἐπὶ
302 763 348 805 δὲ
376 766 452 818 τῆς
485 761 614 804 αὐτοῦ’
642 759 854 814 βασιλείας
882 761 1028 813 λοιμοῦ
1057 756 1270 813 γενομένου
1300 757 1366 798 καὶ
1397 760 1559 799 πολλῶν

83 831 401 890 διαφθαρέντων
429 835 504 886 τῆς
527 828 707 882 πόλεως,
745 825 886 883 Λήιός
907 844 968 877 τις
996 825 1186 882 τελεστὴς
1204 825 1381 868 ἐκέλευσε
1409 826 1562 882 πέτραν
1584 831 1618 866 Ο
1641 831 1711 867 262

29 910 76 945 10
85 900 130 945 ἔκ
150 906 224 944 τοῦ
245 900 368 957 ὅρους
392 904 466 943 τοῦ
485 897 674 956 ὑπεράνω
695 902 767 953 τῆς
785 894 942 946 πόλεως
959 900 1162 952 γλυφῆναι
1192 894 1364 949 ἔχουσαν
1393 911 1560 950 προσω-

83 977 195 1014 πεῖον
213 970 317 1026 μέγα
340 967 469 1022 πάνυ,
508 967 774 1022 ἐστεμμένον,
802 965 1055 1021 προσέχοντα
1074 965 1138 1006 ἐπὶ
1163 963 1236 1019 τὴν
1258 961 1376 1006 πόλιν
1398 965 1465 1005 καὶ
1488 963 1559 1006 τὸν

85 1039 276 1083 αὐλῶνα·
311 1040 378 1081 καὶ
405 1035 572 1094 γράψας
603 1037 644 1079 ἒν
677 1035 789 1094 αὐτῷ
809 1051 898 1077 τινα
918 1033 1066 1076 ἔπαυσε
1087 1033 1162 1087 τὴν
1182 1032 1367 1087 λοιμικὴν
1385 1036 1558 1086 θνῆσιν·

85 1106 183 1165 ὅπερ
213 1114 469 1164 προσωπεῖον
500 1110 694 1149 καλοῦσιν
722 1104 797 1154 ἕως
826 1107 899 1146 τοῦ
929 1107 1003 1145 νῦν
1025 1102 1062 1144 οἳ
1085 1101 1301 1156 Ἀντιοχεῖς
1320 1099 1556 1158 Χαρώνιον.
1582 1106 1614 1142 V
1637 1106 1682 1142 87

86 1175 108 1220 ὃ
131 1178 176 1220 δὲ
200 1175 325 1226 αὐτὸς
345 1174 539 1230 βασιλεὺς
550 1174 755 1228 Ἀντίοχος
778 1171 798 1215 ὃ
821 1169 1033 1228 λεγόμενος
1050 1171 1274 1227 Ἐπιφανὴς
1297 1170 1424 1213 ἔκτισε
1444 1174 1560 1226 πρῶ-

31 1252 75 1289 15
86 1263 157 1289 τον
187 1247 231 1288 ἓν
250 1245 472 1304 Ἀντιοχείᾳ
505 1247 557 1301 τῇ
581 1240 739 1299 μεγάλῃ
773 1240 849 1292 ἕξω
878 1245 952 1295 τῆς
981 1238 1136 1298 πόλεως
1154 1239 1201 1282 τὸ
1224 1237 1436 1295 λεγόμενον
1456 1244 1560 1292 βου-

85 1312 296 1371 λευτῆριον
318 1315 373 1364 εἷς
393 1313 441 1357 τὸ
464 1314 587 1355 ἐκεῖσε
609 1309 859 1367 συνάγεσθαι
877 1307 1036 1359 πάντας
1053 1308 1150 1359 τοὺς
1170 1308 1460 1364 συγκλητικοὺς
1482 1308 1560 1350 αὖ-

83 1387 160 1428 ‘tob'
193 1382 297 1439 μετὰ
323 1386 410 1426 ’τῶν
438 1380 761 1436 πολιτευομένων
788 1380 854 1422 καὶ
884 1383 958 1434 τῆς
987 1376 1144 1428 πόλεως
1172 1375 1337 1421 πάντων
1356 1382 1440 1421 τῶν
1460 1395 1560 1433 κτη-

83 1450 218 1511 τόρων
244 1453 311 1495 καὶ
339 1449 616 1506 βουλεύεσθαι
649 1451 692 1492 τί
725 1451 788 1492 δεῖ
809 1449 994 1504 γίνεσθαι
1021 1449 1112 1504 περὶ
1140 1451 1223 1490 τῶν
1244 1444 1561 1490 ἆνακυπτόντων

86 1523 152 1566 καὶ
174 1519 266 1565 τότε
284 1520 500 1577 ἀναφέρειν
522 1521 586 1563 ἐπὶ
607 1518 733 1562 αὐτὸν
753 1517 806 1561 τὰ
832 1516 1108 1574 συμφέροντα.
1182 1515 1310 1558 ἔκτισε
1332 1516 1376 1559 δὲ
1395 1517 1462 1558 καὶ
1485 1515 1561 1558 ἄλ-

27 1594 141 1633 2ολα
170 1589 262 1633 τινὰ
279 1589 356 1640 ἔξω
376 1594 450 1644 τῆς
470 1587 648 1641 πόλεως,
681 1587 857 1636 καλέσας
876 1586 928 1629 τὰ
948 1585 1054 1628 αὐτὰ
1070 1584 1173 1641 με’ρη
1198 1586 1253 1633 εἷς
1277 1584 1325 1627 τὸ
1348 1582 1561 1638 ἐπώνυμον

87 1659 215 1702 αὐτοῦ
229 1658 471 1714 ἲΕπιφανιάν
491 1656 623 1710 πόλιν,
655 1656 711 1711 μὴ
737 1657 879 1705 κτίσας
900 1654 1006 1712 αὐτῇ
1028 1653 1279 1709 τεΐχος,·ἀλλ’
1306 1652 1436 1703 οὕτως
1457 1649 1508 1709 ἦν
1533 1651 1559 1708 ἥ

88 1728 243 1784 οἴκησις
269 1726 396 1781 αὐτῆς
418 1727 480 1768 ἐπὶ
503 1726 549 1769 τὸ
569 1725 676 1782 ὅρος.

184 1793 234 1840 ‘0
263 1796 309 1838 δὲ
336 1794 461 1845 αὐτὸς
479 1794 684 1849 Ἀντίοχος
715 1791 978 1851 ὃἜπιφανὴς
997 1788 1251 1848 ἠγανάκτησε
1271 1790 1376 1834 κατὰ
1395 1794 1559 1834 Πτολε·
1581 1797 1614 1833 O
1638 1796 1708 1833 263

178 1918 211 1953 8.
238 1916 326 1962 τῆς]
351 1917 399 1963 τῇ
422 1915 490 1950 Ox.
583 1917 617 1952 9.
647 1916 735 1962 τῆς]
760 1915 857 1950 Fort.
881 1914 957 1950 τῶν
979 1913 1055 1959 τῆς.
1149 1914 1204 1950 10.
1227 1912 1441 1958 προσώπων
1466 1913 1535 1949 Ox.

86 2019 146 2055 trii
167 2019 291 2061 filiam,
314 2019 349 2054 in
372 2030 511 2054 uxorem
534 2017 598 2053 sibi
621 2017 775 2064 accepitz
801 2028 844 2052 ex
867 2028 935 2063 qua
957 2017 1044 2052 filios
1067 2016 1151 2052 duos
1174 2016 1343 2064 suscepit3
1365 2016 1555 2060 Seleucum,

87 2065 147 2112 qui
169 2066 331 2113 parvulus
353 2065 507 2107 interiit3
532 2070 569 2100 et
590 2066 815 2107 Antiochum,
840 2069 1062 2108 cognomento
1084 2064 1284 2099 Theoidem.
1331 2065 1470 2099 Mortuo
1495 2075 1558 2098 au-

85 2117 156 2148 tem
179 2111 362 2155 Antiocho,
386 2110 524 2146 Seleuci
549 2111 588 2145 [⁴¹.
615 2111 651 2146 in
673 2123 780 2156 regno
804 2110 965 2145 successit
987 2110 1174 2145 Antiochus
1198 2110 1396 2152 Theoide53
1430 2121 1557 2154 regna-

86 2159 207 2203 vitque
230 2169 334 2193 annos
356 2169 410 2193 xv.
459 2158 560 2192 Hune
583 2157 724 2203 excepit
747 2157 837 2191 filius
860 2157 931 2201 ejus
954 2169 998 2191 ex
1020 2156 1186 2198 Bernice,
1229 2157 1391 2191 Seleucus
1415 2156 1560 2190 Callini-

88 2216 166 2240 cnsz
189 2209 227 2239 et
248 2205 407 2250 regnavit
429 2215 533 2238 annos
556 2215 658 2237 xx1v:
684 2203 808 2238 deinde
832 2202 1022 2238 Alexander
1043 2203 1210 2246 Nicator,
1234 2203 1293 2248 qui
1317 2201 1475 2247 regnavit
1498 2214 1559 2236 an-

86 2261 148 2286 nos
171 2251 287 2285 xxxvn
330 2254 408 2296 post
430 2250 520 2284 hunc
552 2250 718 2284 Seleucus
742 2249 967 2295 Philopator,
1006 2260 1111 2284 annos
1134 2261 1179 2284 x:
1224 2249 1349 2285 deinde
1373 2248 1559 2283 Antiochus

87 2296 305 2343 Epiphanes,
335 2307 439 2332 annos
461 2306 523 2330 x11.

129 2352 131 2354 “
177 2343 288 2388 Hujus
307 2344 371 2378 sub
393 2342 550 2388 imperio,
574 2345 672 2388 peste
689 2345 880 2387 grassante,
903 2340 1124 2387 plurimisque
1148 2353 1191 2376 ex
1214 2341 1299 2376 urbe
1322 2338 1556 2386 pereuntibus,

87 2387 192 2424 Laius
215 2388 375 2434 quidam,
400 2389 460 2434 qui
483 2388 725 2434 Mysteriorum
749 2387 879 2434 peritus
903 2388 987 2430 fuit,
1022 2388 1169 2434 lapidem
1194 2398 1235 2421 ex
1258 2392 1371 2421 monte
1395 2385 1470 2419 urbi
1494 2384 1558 2419 im-

89 2434 235 2469 minente
257 2434 394 2482 exculpi
412 2435 532 2480 jussit,
557 2435 591 2469 in
615 2446 682 2479 quo
707 2438 811 2480 caput
832 2434 973 2479 ingens,
998 2445 1124 2468 corona
1148 2433 1314 2475 cinctum,
1340 2430 1475 2466 exarari
1498 2442 1560 2465 cu·-

90 2479 206 2522 ravit,
231 2481 333 2523 nrbi,
357 2480 572 2526 convellique
595 2482 785 2515 obversum.
834 2480 923 2514 'l'um
947 2480 1052 2526 capiti
1076 2480 1242 2525 quaedam
1264 2478 1470 2518 inscribens,
1495 2488 1560 2522 pe-

91 2529 174 2561 stem
197 2526 368 2572 repressit.
426 2527 540 2573 Caput
563 2532 675 2561 autem
699 2527 765 2560 hoc
787 2526 1012 2568 Antiocheni,
1050 2526 1280 2566 Gharmzium,
1317 2534 1423 2567 usque
1447 2522 1560 2558 adhuc

89 2574 224 2606 vocant.
270 2572 363 2607 Idem
394 2585 456 2608 rex
490 2572 698 2614 Antiochus,
730 2572 927 2617 cognomine
950 2571 1172 2618 Epiphanes,
1202 2569 1406 2604 Senaculum
1431 2568 1558 2614 primus

90 2616 370 2653 Antiochensibus
393 2624 492 2653 extra
515 2619 630 2653 urbem
655 2619 828 2653 extruxit:
863 2618 915 2653 uti
938 2618 975 2652 in
998 2629 1097 2652 unum
1120 2616 1344 2652 convenirent
1366 2614 1433 2649 viri
1457 2626 1559 2650 sena-
1582 2628 1585 2632 ·

90 2662 193 2704 terii,
226 2663 466 2707 Magistratus,
502 2665 738 2710 Primoresque
760 2663 854 2699 urbis
877 2675 1014 2706 omnes3
1051 2657 1157 2709 atque
1188 2662 1236 2696 ibi
1267 2661 1311 2695 de
1334 2661 1559 2716 Reipublicae

91 2707 348 2744 necessitatibus
376 2711 608 2752 consulentes,
642 2711 686 2745 ad
715 2723 751 2745 se
774 2710 909 2745 tandem
933 2711 1115 2744 referrent.
1163 2707 1339 2749 Quaedam
1362 2711 1465 2742 etlam
1489 2707 1558 2743 alia

92 2760 194 2790 extra
217 2755 334 2788 urbem
358 2755 512 2791 aedificia
535 2756 668 2799 erexit3
692 2757 872 2801 locumque
895 2755 1028 2797 deinde,
1054 2766 1075 2788 a
1098 2753 1295 2799 cognomine
1317 2765 1376 2788 suo
1398 2753 1557 2800 Epipha-

91 2801 180 2837 niam
203 2800 358 2835 vocavit:
383 2811 481 2845 quam
503 2806 615 2836 tamen
639 2803 782 2843 incolis,
806 2802 978 2837 moenibus
1002 2799 1099 2834 nullis
1123 2801 1290 2841 cinctam,
1313 2798 1462 2845 reliquit.

181 2845 276 2882 Idem
297 2845 483 2881 Antiochus
505 2847 703 2894 Epiphanes
723 2848 872 2884 infensus
894 2846 961 2882 fuit
983 2846 1203 2888 Ptolomaeo,
1227 2845 1474 2892 Aegyptiorum
1497 2857 1556 2881 re-
