1838 3230
316 173 414 219 690
901 152 1169 211 BENTLEu

535 283 633 322 Οσοι
653 295 693 321 τε
713 277 978 334 γηράσκουσιν
998 277 1165 349 ὀρφανοὶ
1184 280 1331 322 τέκνων

538 334 640 385 Τούς
659 332 698 377 τ’
724 337 766 376 ἐκ
767 337 967 404 μεγίστης
989 333 1122 403 ὀλβίας
1141 338 1392 403 τυραννίδος
1413 366 1419 372 -

537 391 591 432 Το
613 389 766 444 μηδὲν’
757 389 881 440 ὄντας.
900 389 1022 432 ταῦτά
1046 404 1088 434 σε
1109 397 1270 434 σκοπεῖν
1291 388 1430 446 χρεών.

426 448 584 486 Erravit
612 447 896 486 eruditissimus
926 449 1089 487 Grotius
1114 449 1155 486 in
1182 449 1409 500 ExcerptiS,
1450 461 1539 488 cum
1569 448 1612 488 111
1640 461 1760 488 versu

317 510 456 555 quarto
476 504 677 571 reposuit,
710 498 815 558 Ρᾷον
837 503 974 557 φέροις
994 502 1060 544 α’ν.
1118 504 1226 542 Nihil
1251 507 1351 542 enim
1369 505 1490 554 magis
1509 517 1586 543 usu
1607 504 1759 552 tritum,

316 573 433 610 quam
464 556 576 615 ραων
600 556 725 609 εἶναι,
747 560 892 600 melius
916 559 1295 608 habere,11ila1i01e
1321 559 1450 598 animo
1482 574 1589 611 esse,
1615 573 1759 602 conva-

314 615 473 653 lescere.
539 614 666 653 Etiam
696 615 808 666 pueri
838 615 916 653 hoc
943 617 1083 655 sciunt.
1154 616 1329 664 Erravit,
1371 628 1460 653 cum
1493 616 1534 654 in
1564 615 1759 654 versiculo

316 671 454 721 quinto
488 671 689 708 emendare
716 677 878 709 conatus
907 678 967 710 est
989 666 1320 722 ἐμμεμόχθηνται.
1385 671 1472 708 Non
1503 671 1604 710 enim
1635 671 1759 721 magis

316 729 544 779 μοχθοῦμαι
567 726 735 775 dixeris,
764 740 854 765 cum
887 729 1028 779 μοχθω
1055 730 1103 765 sit
1130 727 1296 765 verbum
1321 732 1522 777 neutrum,
1552 723 1758 778 111111111πᾶ-

315 792 456 834 σχομαι
479 788 546 820 aut
561 779 771 834 κάμνομαι.
828 783 918 820 Sine
936 783 1055 821 dubio
1077 782 1268 834 scriptum
1291 781 1487 832 oportuit,

535 840 632 878 Οσοι
654 853 695 877 τε
716 839 872 890 δεσμοῖς
895 835 1220 890 ἐμμεμόχλευνται
1242 839 1407 890 βροτῶν.

427 894 491 931 vel
536 896 634 933 Οσοι
650 909 690 933 τε
710 895 884 945 δεσμοῖσι
904 892 1181 946 μεμόχλευνται
1199 895 1360 946 βροτῶν.
1756 931 1760 933 ,

317 949 385 987 Eri
381 949 474 986 avit
504 948 694 1000 denique,
737 963 826 988 cum
858 951 989 988 locum
1019 950 1125 988 hunc
1166 949 1216 987 ad
1242 948 1367 997 hanc,
1408 948 1457 986 de
1486 962 1563 999 qua
1594 949 1756 999 agimus,

318 1006 472 1042 Danaen
487 1005 733 1043 referendum
753 1007 933 1056 putavit,
963 1006 1031 1056 qui
1060 1006 1215 1043 omnino
1244 1018 1295 1042 ex
1315 1003 1512 1054 Euripidis
1534 1004 1669 1056 Dictye
1691 1018 1759 1042 ac-

316 1060 480 1098 cersitus
505 1067 575 1099 est.
606 1061 655 1099 de
689 1074 767 1111 quo
791 1062 952 1099 consule
982 1062 1212 1109 stobaeum,
1246 1067 1283 1098 et
1313 1060 1421 1098 alios.
1477 1049 1758 1126 Aristophanes

318 1116 639 1154 Grammaticus'
627 1130 668 1153 111
691 1123 917 1167 argumento
939 1116 1110 1155 Medeae.
1168 1112 1378 1167 Εδιδαχθη
1400 1111 1464 1155 ἐπὶ
1487 1111 1759 1181 Πυθιοδώρου

271 1216 273 1218 ,
318 1168 507 1223 ἄρχοντος
535 1169 633 1211 κατὰ
647 1187 720 1222 την
736 1146 817 1220 Dwg'
854 1169 1100 1239 Ολυμπιαδα.
1160 1174 1325 1223 Πρωτος
1360 1166 1598 1236 Ευφορίων,
1628 1171 1760 1211 δευτε-

318 1241 388 1276 ρος
409 1225 633 1277 Σοφοκλῆς,
663 1228 790 1279 τρίτος
813 1224 1048 1295 Εὐριπίδης.
1107 1224 1281 1277 Μήδεια,
1313 1222 1566 1277 Φιλοκτήτης,
1597 1226 1759 1277 Δίκτης,

320 1283 514 1349 Θερισταί.
568 1278 747 1344 Σάτυρος
775 1280 824 1322 ου’
853 1280 1022 1330 σώζεται.
1080 1283 1216 1320 Sciibe
1239 1282 1406 1331 Δίκτυς,
1437 1281 1617 1334 Θερισταὶ
1645 1278 1760 1322 σάτυ-

317 1352 381 1389 ροι
402 1352 449 1376 ου
474 1333 672 1384 σώζονται.
708 1337 734 1375 i.
765 1351 798 1375 e.
829 1337 1026 1406 θερισταὶ
1036 1339 1165 1389 δρᾶμα
1193 1335 1408 1389 σατυρικὸν.
1466 1336 1528 1374 Ita
1561 1337 1672 1389 loqui
1696 1350 1760 1375 so-

316 1393 411 1431 lent.
478 1393 580 1430 Cave
608 1392 709 1429 enim
741 1392 874 1430 credas
901 1407 944 1432 το
978 1388 1139 1458 σάτυροι
1168 1406 1248 1430 esse
1285 1398 1438 1443 partem
1473 1393 1758 1444 inscriptionis.

317 1448 378 1485 Ita
405 1447 613 1499 Sophoclis
641 1448 771 1485 fabula
802 1447 947 1498 Κωφοὶ
975 1445 1430 1500 σάτυροι.801101103103
1453 1448 1639 1486 Nicandri
1665 1449 1758 1486 sim-

318 1503 479 1554 pliciter
500 1506 712 1551 Σοφοκλης
753 1502 795 1543 ἐν
829 1507 1004 1553 Κωφοῖς.
1069 1504 1132 1540 Sic
1169 1502 1341 1554 ejusdem
1371 1503 1546 1555 Ιχνευται
1583 1499 1759 1570 σάτυροι,

321 1558 649 1609 quemadmodum
668 1558 774 1609 apud
792 1558 988 1597 Pollucem
1011 1565 1069 1597 est
1098 1559 1306 1608 legendum
1333 1572 1408 1610 pro
1433 1558 1610 1609 Ιχνευταὶ
1629 1556 1759 1599 Σατύ-

321 1629 413 1667 ρων.
470 1613 692 1661 Athenaeus
717 1627 797 1652 11011
815 1614 994 1682 apposito
1014 1614 1167 1652 fabulae
1188 1614 1424 1662 discrimine,
1441 1617 1542 1664 Σοφ.
1562 1614 1607 1655 ἐν
1627 1617 1760 1666 Ιχνευᾳ

319 1674 418 1716 ταῖς.
475 1669 540 1707 Sic
571 1672 708 1719 Ιοφῶν
738 1669 780 1709 ἐν
811 1667 1020 1736 Λύλῳδοῖς
1059 1668 1239 1721 σατύροις
1270 1670 1377 1721 apud
1407 1670 1662 1709 Clementem·
1701 1670 1759 1708 sic

322 1724 538 1775 Aeschylus
565 1725 608 1765 ἐν
628 1721 781 1778 Κήρυξι
802 1722 984 1778 σατύροις
1013 1726 1119 1788 apud
1141 1726 1359 1764 Pollucem:
1386 1725 1440 1763 ita
1462 1725 1564 1764 0111111
1594 1726 1759 1765 emendo

322 1794 393 1831 pio
411 1777 553 1833 κήρυξι
571 1784 802 1833 σατυρικοῖς.
859 1781 1019 1819 Photius
1045 1782 1086 1818 in
1106 1781 1247 1819 Lexico
1269 1794 1386 1819 manu
1403 1781 1573 1833 scripto:
1603 1784 1759 1835 Πυρσο-

322 1833 464 1887 κόρσου
493 1835 669 1884 λέοντος,
707 1832 903 1887 Αἰσχυλος
931 1837 975 1877 ἐν
1002 1833 1154 1889 Κήρυξι
1185 1832 1381 1889 σατύροις.
1445 1837 1506 1875 Ex
1534 1836 1612 1887 quo
1640 1838 1760 1876 resti-

322 1891 491 1929 tuendus
511 1890 1759 1946 Ηο3γο1111100113Πυρσοκουρσολέοντοςπυῤῥοκεφάλου,ξαν-

323 1947 533 1998 θοτρίχου,
561 1947 667 1997 lege,
695 1954 739 1985 ut
766 1948 873 1999 apud
901 1948 1093 1988 Photium.
1151 1949 1248 1986 Cum
1277 1954 1405 1986 autem
1437 1962 1577 1988 nomen
1603 1948 1759 1987 fabulae

325 2001 543 2066 cujuspiam
565 2003 614 2040 sit
629 2016 790 2042 numero
820 2004 1027 2054 singulari;
1055 2010 1149 2041 tunc
1181 2001 1367 2067 σατυρικη
1393 2004 1529 2042 dicunt
1553 2010 1591 2042 et
1606 2016 1758 2056 σατυρι-

324 2052 404 2104 κός
460 2058 593 2096 Potuit
615 2065 741 2096 autem
762 2060 921 2097 Grotius
939 2033 1111 2097 erra⁷tum
1128 2073 1241 2097 suum
1265 2060 1471 2098 resciscere
1489 2072 1538 2097 ex
1553 2059 1757 2110 Fragmen-

325 2117 370 2150 to
394 2112 463 2150 illo
492 2113 666 2163 Danaae,
703 2115 806 2164 quod
833 2115 981 2166 primus
1008 2115 1047 2152 in
1076 2116 1202 2153 lucem
1236 2114 1358 2152 edidit
1387 2115 1436 2154 de
1461 2114 1582 2153 literis
1608 2116 1757 2167 optime

327 2168 489 2206 meritus
517 2168 773 2219 Hieronymus
808 2171 1201 2210 Commelinus.1bi
1233 2170 1413 2208 dramatis
1443 2183 1630 2221 personae
1666 2177 1758 2209 sunt

203 2221 236 2255 0
262 2222 304 2257 16
327 2223 565 2273 Mercurius,
593 2225 741 2273 Danae,
771 2226 936 2274 Nutrix,
975 2226 1169 2276 Acrisius,
1199 2226 1396 2273 Minerva,
1434 2225 1626 2275 Nuncius,
1657 2225 1757 2263 cho-

327 2291 417 2316 rus:
446 2279 579 2331 Dictys
611 2286 738 2318 autem
757 2281 912 2319 minime
941 2289 1150 2346 comparet.
1207 2281 1251 2319 In
1282 2277 1585 2336 αποσπασματίω
1609 2257 1677 2320 illo
1701 2282 1756 2319 sio

329 2335 448 2385 vulgo
463 2336 606 2386 legitur
621 2349 702 2374 non
716 2336 840 2393 longe
856 2351 878 2374 a
878 2338 1103 2402 principio.

543 2414 599 2420 —
627 2412 681 2421 —
707 2411 762 2420 —·
789 2388 888 2431 κᾶτα
903 2407 986 2439 πως
1008 2395 1119 2445 κείνη
1137 2406 1229 2434 ποτε

545 2444 686 2513 Ευνην
704 2447 899 2500 κρυφαίαν
918 2460 1069 2500 γνουσα
1087 2449 1154 2489 καὶ
1180 2447 1234 2501 μή
1254 2449 1401 2501 γνοῦσα
1419 2445 1469 2500 δή

550 2499 772 2555 Τπὸπετρον
798 2501 931 2543 λέοντα
956 2503 1099 2552 τέξεται
1123 2505 1251 2556 πατρί.

443 2556 538 2594 Cum
556 2558 668 2596 metri
687 2560 807 2604 ratio,
840 2565 925 2597 tum
952 2571 1014 2597 res
1040 2560 1124 2610 ipsa
1151 2559 1322 2610 flagitat,
1349 2564 1394 2596 ut
1418 2555 1639 2622 ὑπόπτερον
1659 2558 1755 2598 scri-

331 2608 493 2660 bamus,
523 2627 602 2651 non
622 2610 856 2667 ὑπόπετρον.
911 2613 1007 2660 Quis
1026 2629 1105 2652 non
1134 2617 1278 2653 alatum
1303 2588 1487 2653 l⁷³erseum
1518 2615 1614 2652 etin
1642 2615 1755 2653 libris

331 2665 447 2715 legit,
478 2668 573 2706 etin
593 2669 705 2720 pictis
729 2670 871 2708 tabulis
889 2669 1015 2708 vicliw
1043 2669 1098 2708 At
1115 2671 1306 2722 interpres
1332 2669 1447 2707 homo
1477 2683 1567 2708 sane
1593 2670 1755 2708 festivus

331 2720 387 2757 ita
407 2724 622 2762 convertit:
651 2725 723 2762 sub
745 2739 839 2764 saxo
858 2731 989 2764 natum
1014 2725 1176 2766 leonem.
1231 2726 1376 2776 Nempe
1404 2723 1497 2767 huic
1523 2725 1753 2773 committas,

333 2776 464 2828 siquid
482 2786 588 2819 recte
611 2787 789 2821 curatum
805 2782 914 2833 velis.
968 2781 1018 2820 Et
1046 2787 1174 2821 tamen
1200 2781 1233 2821 13
1261 2781 1344 2833 ipse
1374 2787 1429 2820 est
1454 2781 1495 2818 ni
1521 2781 1656 2832 fallor,
1685 2779 1754 2831 qui
