1838 3230
414 151 1047 199 CHRONOGRAPHIA.
1103 150 1154 196 L.
1183 150 1301 196 XIII.
1494 154 1597 205 335

116 275 191 320 τὸν
220 273 331 327 ἅπας
363 272 601 333 ὄστρατός
630 275 698 317 καὶ
727 273 768 317 οἱ
796 272 1067 330 συγκλητικοί.
1138 273 1205 316 καὶ
1224 271 1404 323 ἐξελθών
1424 270 1446 316 ὃ
1469 270 1595 324 αὐτὸς

113 344 312 400 Ἰοβιανὸς
334 343 422 400 ἅμα
444 349 504 404 τῷ
522 340 689 402 στρατῷ
708 343 752 386 ἐκ
772 347 846 398 τῆς
875 341 1028 399 ἐρήμου
1064 342 1121 391 εἷς
1148 341 1222 398 τὴν
1242 341 1403 398 εὐθαλῆ
1423 346 1499 399 γῆν
1517 343 1594 398 τὴν

115 413 327 472 Περσικὴν
358 414 552 470 ἔμερίμνα
571 416 659 462 πῶς
685 410 736 454 ἄν
758 412 918 463 ἐξέλθοι
939 413 982 454 ἐκ
1001 415 1083 455 τῶν
1106 414 1322 468 Περσικῶν
1345 416 1495 468 μερῶν.
1567 409 1590 456 ὅ

117 483 164 527 δὲ
193 482 387 536 βασιλεῦς
402 485 579 538 Περσῶν
598 478 997 538 Σαββουραρσάκιος
1015 479 1169 535 μαθών
1192 479 1266 536 τὴν
1292 485 1366 523 τοῦ
1387 481 1591 534 βασιλέως
1613 488 1644 523 c

82 551 337 598 5’Ῑουλιανοῦ
358 548 569 606 τελευτήν,
604 548 725 608 φόβῳ
747 553 885 609 πολλῷ
907 547 1170 605 συνεχόμενος
1189 550 1232 592 ἐκ
1250 554 1323 605 τῆς
1340 553 1589 608 Περσαρμε-
1617 558 1650 594 Ο
1673 558 1721 595 26

113 621 206 672 νίας
227 617 369 676 χώρας
399 618 652 676 πρεσβευτὴν
684 619 929 674 ἐξέπεμψεν,
969 621 1095 662 αἰτῶν
1121 620 1209 674 περὶ
1233 617 1394 674 εἶρήνης
1409 621 1477 662 καὶ
1499 617 1591 664 δεό-

110 706 235 746 μενος
276 689 348 732 ἕνα
383 693 467 732 τῶν
504 685 757 745 μεγιστάνων
795 688 924 731 αὐτοῦ
965 685 1134 742 ὀνόματι
1172 687 1452 746 Σουῤῥαεινᾶν
1486 688 1588 743 πρὸς

103 757 185 802 τὸν
212 757 385 813 βασιλέα
404 756 615 813 Ῥωμαίων
629 771 638 781 ·
675 756 814 801 ὅντινα
842 757 1005 808 ἐδέξατο
1027 757 1212 811 ἀσμένως
1231 755 1252 799 ὃ
1274 755 1493 808 θειότατος
1506 758 1587 801 Ἰο-

109 826 254 882 βιανὸς
283 826 478 880 βασιλεὺς
507 828 574 869 καὶ
607 827 792 870 ἐπένευσε
822 826 1015 882 δέχεσθαι
1037 826 1112 882 τὴν
1134 828 1353 883 πρεσβείαν
1376 831 1450 882 τῆς
1474 825 1587 882 εἰρή-

55 907 205 951 1ονης,
241 896 411 952 εἶρηκώς
438 895 608 950 πέμπειν
638 898 705 938 καὶ
738 895 863 945 αὐτὸς
894 895 1148 952 πρεσβευτὴν
1179 895 1282 948 πρὸς
1314 895 1387 938 τὸν
1412 897 1586 949 βασιλέα

108 968 298 1022 Περσῶν.
371 963 578 1021 [ἀκούσας
601 965 645 1007 δὲ
667 969 789 1008 τοῦτο
808 965 1086 1022 Σουρῥαεινᾶς
1109 964 1361 1021 πρεσβευτὴς
1380 967 1583 1023 Περσῶν]

107 1033 235 1092 ᾔτησε
254 1034 327 1076 τὸν
346 1033 520 1089 βασιλέα
532 1033 732 1087 Ἰοβιανὸν
752 1038 942 1077 τυπῶσαι
967 1033 1095 1083 εὐθὺς
1115 1034 1182 1075 καὶ
1200 1038 1455 1090 παραχρῆμα
1475 1031 1586 1090 εῗρή-

107 1120 182 1159 νης
198 1100 348 1146 πάκτα.
393 1105 460 1145 καὶ
481 1102 686 1160 ἀφορίσας
706 1102 970 1160 συγκλητικὸν
988 1102 1116 1145 αὐτοῦ
1133 1101 1205 1146 τὸν
1225 1103 1439 1158 πατρίκιον
1451 1102 1585 1160 Ἀρίν-

107 1175 211 1215 θεον
240 1172 413 1215 δέδωκεν
446 1171 560 1230 αὐτῷ
591 1171 638 1215 τὸ
670 1176 776 1225 πᾶν,
824 1169 1126 1226 συνταξάμενος
1157 1171 1338 1226 ἐμμένειν
1368 1179 1455 1223 τοῖς
1485 1171 1583 1229 παρ’

52 1249 96 1286 15
109 1239 238 1284 αὐτοῦ
259 1241 603 1295 δοκιμαζομένοις,
628 1239 719 1296 ἤτοι
743 1240 1026 1296 τυπουμένοις,
1050 1238 1117 1283 οἶα
1141 1245 1215 1283 τοῦ
1233 1241 1435 1294 βασιλέως
1455 1240 1584 1284 αὐτοῦ

105 1307 482 1368 ὖπερηφανοῦντος,
503 1309 608 1364 μετὰ
626 1314 701 1352 τοῦ
717 1313 998 1366 συγκλητικοῦ,
1021 1308 1112 1365 ἤτοι
1126 1314 1377 1366 πρεσβευτοῦ
1388 1313 1580 1367 Περσῶν,
1604 1322 1638 1357 D

102 1382 270 1434 ποιῆσαι
303 1375 467 1436 εῗρῆνης
496 1376 655 1431 πάκτα,
691 1381 759 1422 καὶ
786 1377 1071 1436 παρασχόντος
1102 1378 1261 1422 ἔνδοσιν
1291 1383 1365 1422 τοῦ
1399 1379 1581 1434 πολέμου

102 1444 259 1507 ἡμέρας
279 1453 389 1506 τρεῖς
407 1448 450 1491 έν
468 1451 520 1506 τῇ
539 1449 630 1506 περὶ
650 1451 725 1504 τῆς
744 1446 904 1507 εἰρήνης
921 1452 1068 1507 βουλῇ.
1139 1449 1207 1491 καὶ
1233 1445 1430 1505 ἔτυπῶθη
1449 1466 1581 1504 μετα-

191 1579 228 1618 4.
249 1579 388 1626 μαθών
409 1578 480 1625 τήν
501 1581 572 1617 τοῦ
593 1578 770 1628 βασιλέως
783 1576 989 1618 Ἰουλιανοῦ
1004 1577 1198 1625 τελευτήν]
1223 1579 1340 1623 „clm
1363 1580 1456 1615 Alex,
1475 1579 1577 1626 legit,

194 1625 306 1673 μήπω
330 1625 487 1672 μαθών·
525 1626 636 1673 μήπω
659 1628 781 1673 itaque
805 1627 860 1661 hic
883 1627 1050 1662 excidisse
1073 1627 1234 1673 suspicor.
1281 1627 1462 1661 Persarum
1487 1628 1576 1662 enim

194 1685 281 1715 rex,
311 1674 432 1709 audita
452 1674 578 1709 Juliani
601 1679 730 1716 morte,
753 1674 1046 1719 Romanorumque
1070 1673 1293 1715 necessitate,
1318 1672 1498 1708 animosior
1520 1673 1574 1708 in-

193 1719 238 1755 de
260 1720 392 1762 factus,
424 1720 517 1766 ipsos
539 1721 712 1754 insecutus
735 1723 797 1754 est.
846 1720 936 1754 Vide
957 1719 1166 1754 Ammianum
1191 1718 1437 1754 Marcellinum.
1447 1722 1471 1739 ‘⁶
1505 1720 1573 1754 Ch.

194 1769 250 1802 10.
275 1764 430 1810 εἰρηκώς
451 1766 515 1800 Ch.
540 1778 614 1802 cum
639 1766 790 1808 Chron.‚
815 1764 1006 1812 εἰρηνικῶς
1029 1765 1099 1800 Ox.
1207 1767 1261 1800 12.
1285 1763 1395 1811 ᾔτησε
1416 1762 1483 1802 τὸν
1505 1767 1573 1813 βοι-

193 1810 295 1848 σιλέα
319 1811 522 1859 Ἰοβιανόν]
555 1813 698 1855 „Locus
720 1810 875 1846 mutilus:
899 1811 1021 1858 supple
1045 1822 1087 1846 ex
1111 1811 1194 1848 Chr.
1218 1811 1316 1846 Alex.
1338 1810 1507 1854 Ἀκούσας
1531 1810 1573 1849 δὲ

191 1861 305 1897 τοῦτο
328 1857 519 1904 Σουρένας
539 1857 764 1905 πρεσβευτής
786 1859 951 1901 Περσῶν,
975 1854 1085 1905 ᾔτησε
1107 1860 1202 1892 etc.“
1226 1857 1290 1892 Ch.
1339 1858 1572 1893 Eiusdemmo-

190 1904 228 1940 di
250 1906 390 1941 lacunas
414 1905 619 1952 explevimus
641 1905 710 1941 vol.
732 1905 762 1940 Ι.
785 1915 821 1949 p.
840 1907 895 1941 61.
921 1905 964 1946 Β,
993 1905 1061 1940 vol.
1078 1904 1123 1938 ΙΙ.
1148 1916 1183 1950 p.
1204 1903 1239 1940 4.
1259 1905 1305 1948 E,
1328 1904 1386 1941 45.
1404 1904 1450 1947 D,
1475 1905 1572 1939 Chil-

189 1952 330 1987 meadus
352 1950 444 1986 infra
467 1964 502 1999 p.
526 1952 583 1990 37.
607 1952 650 1986 Β.
744 1952 802 1988 13.
835 1949 1041 1998 Ἇρίνθεον]
1073 1951 1200 1986 Verum
1222 1962 1343 1986 nomen
1363 1949 1572 1998 Ἀρινθαῖος

188 1997 297 2034 babet
318 1997 448 2034 Chron-

96 2111 157 2149 atis
179 2112 224 2149 ad
247 2113 333 2149 baec
355 2124 431 2149 eum
465 2112 684 2147 celebrarunt
707 2112 1006 2149 acclamationibus
1029 2112 1211 2149 Exercitus
1240 2115 1332 2148 totus
1356 2115 1392 2147 et
1425 2113 1572 2148 Senato-

94 2170 161 2195 res.
208 2159 377 2206 Egressus
400 2158 525 2194 deinde
548 2158 710 2194 Jovianus
734 2172 806 2194 cum
829 2160 983 2195 exercitu
1005 2172 1064 2195 suo
1089 2171 1132 2194 ex
1155 2159 1337 2194 solitudine
1363 2159 1396 2193 in
1420 2158 1570 2193 virentes

93 2204 244 2240 Persidis
267 2207 424 2252 campos,
459 2205 604 2240 sollicite
628 2205 831 2251 perquisivit
854 2218 922 2251 quo
956 2211 1059 2252 pacto
1083 2218 1125 2240 ex
1149 2206 1328 2241 Persarum
1353 2205 1475 2239 finibus
1497 2218 1569 2240 sese

93 2251 286 2297 expediret.
333 2254 380 2287 At
402 2263 486 2286 vero
511 2252 692 2286 Persarum
717 2263 778 2286 rex
802 2251 1108 2294 Sabborarsacius‚
1134 2259 1244 2286 morte
1264 2251 1391 2285 Juliani
1415 2251 1569 2296 Impera-

93 2296 178 2331 toris
202 2297 378 2343 [nondum]
403 2297 534 2340 audita,
560 2309 692 2343 pavore
714 2298 845 2342 ingenti
868 2298 1052 2344 perculsus,
1077 2310 1119 2333 ex
1142 2297 1376 2332 Persarmenia
1399 2297 1567 2331 Surenam

95 2344 262 2388 quendam
294 2356 337 2378 ex
372 2343 605 2390 Optimatibus
641 2343 708 2378 suis
731 2344 880 2389 legatum
911 2343 1000 2379 misit
1020 2345 1065 2380 ad
1095 2345 1337 2390 Imperatorem
1371 2344 1567 2385 Romanum,

94 2388 423 2434 paein.eonditiones
446 2390 568 2425 obnixe
594 2389 790 2435 petiturum.
836 2391 938 2426 Hunc
973 2390 1081 2426 amice
1103 2390 1236 2436 accepit
1259 2388 1482 2424 divinissimus
1506 2388 1569 2423 Jo-

93 2432 211 2469 vianus
233 2435 443 2483 Imperator3
477 2435 682 2482 annuitque,
708 2449 744 2471 se
768 2436 862 2482 pacis
885 2437 1083 2484 petitionem
1106 2437 1253 2472 libenter
1277 2441 1478 2480 acceptare:
1512 2434 1568 2468 vi-

94 2479 274 2526 cinsimque
295 2482 403 2525 dixit,
442 2494 479 2517 se
503 2482 671 2528 Legatum
705 2483 749 2517 ad
775 2483 954 2518 Persarum
984 2484 1115 2528 Regem
1148 2482 1331 2518 missurum.
1380 2479 1483 2520 Quod
1506 2480 1567 2514 ubi

93 2524 250 2561 audierat
271 2527 440 2571 Surenas,
464 2529 642 2564 Persarum
667 2529 836 2574 Legatos,
864 2529 1042 2564 Jovianum
1063 2530 1306 2574 Imperatorem
1329 2525 1489 2570 rogavit,
1513 2525 1566 2561 uti

93 2572 223 2617 absque
245 2583 340 2609 mora
361 2574 428 2610 ulla
452 2575 547 2620 pacis
571 2575 714 2610 foedera
738 2575 937 2610 ferirentur.
984 2576 1147 2610 Jovianus
1170 2575 1307 2618 itaque,
1331 2571 1423 2606 infra
1447 2571 1563 2617 digni-

91 2621 199 2653 tatem
221 2628 312 2654 suam
335 2631 407 2655 esse
430 2621 644 2663 existimans,
679 2620 708 2655 si
729 2621 923 2667 Imperator
946 2633 1020 2656 cum
1043 2620 1226 2656 Senatorio
1249 2618 1347 2659 viro,
1383 2617 1562 2652 Persarum

92 2674 214 2709 nempe
230 2663 375 2709 Legata,
397 2665 471 2712 ipse
492 2666 537 2701 de
558 2666 652 2713 pacis
676 2666 924 2702 conditionibus
948 2672 1088 2713 ageret3
1114 2663 1306 2709 designavit
1329 2663 1373 2697 ad
1397 2663 1462 2698 hoc
1484 2675 1560 2698 mu-

91 2721 154 2744 nus
176 2710 364 2746 obeundum
386 2712 581 2747 Arintheum
604 2713 812 2756 Patricium,
844 2725 887 2748 ex
910 2712 1118 2748 Consiliariis
1141 2711 1227 2752 suis;
1262 2709 1464 2756 interposita
1487 2709 1559 2744 fide

91 2755 137 2790 de
159 2755 332 2791 firmandis
355 2756 405 2792 eis
426 2759 597 2800 omnibus,
632 2758 676 2794 de
700 2760 820 2805 quibus
842 2759 907 2805 ipsi
930 2771 1004 2795 cum
1038 2759 1218 2792 Persarum
1241 2756 1374 2800 Legato
1398 2755 1559 2791 conveni-

90 2805 164 2836 ret:
190 2801 355 2838 concessis
373 2801 510 2849 insuper
532 2804 635 2840 trium
659 2805 790 2840 dierum
813 2805 971 2847 induciis,
997 2804 1117 2850 quibus
1140 2803 1184 2837 ‹le
1207 2814 1294 2850 pace
1317 2801 1455 2837 consilia
1477 2802 1557 2847 agi-

90 2851 258 2884 tarentur,
319 2848 463 2885 Pactum
493 2853 544 2885 est
575 2850 692 2897 itaque
723 2851 813 2888 inter
842 2851 1040 2887 Arintheum
1071 2849 1259 2886 Patricium
1294 2848 1482 2885 Romanum
1518 2852 1556 2883 et
