1838 3230
413 182 1051 230 CHRONOGRAPHIA.
1109 185 1156 228 L.
1186 184 1321 231 XVII.
1491 191 1594 239 419

121 300 276 357 πάθος,
300 300 534 360 μετεκλῆθη
549 302 711 348 Ἔδεσα.
784 304 917 348 πολλοὶ
938 305 983 348 δὲ
999 303 1197 360 παρέσχεν
1219 302 1240 348 ὁ
1261 304 1386 356 αὐτὸς
1401 307 1594 360 βασιλεὺς

121 373 166 416 ἓν
193 369 346 430 ἑκάστῃ
373 369 510 425 πόλει,
546 372 812 423 ἀνακαινίσας
842 374 885 416 ἐν
917 377 1088 423 πολλαῖς
1126 373 1375 429 εὗπρεπείαις
1418 377 1593 426 καὶτοῖς

122 440 440 484 σωθεῖσιπολλὰ
455 439 753 499 χαρισάμενος’
799 441 876 498 τὴν
894 443 940 486 δὲ
965 442 1139 486 Ἓδεσαν
1166 441 1457 499 μετωνόμασεν
1487 444 1591 488 Ἰου-

121 507 394 553 στινοόπολιν.

87 587 111 622 5
227 581 301 636 Τῷ
322 578 368 621 δὲ
389 573 554 636 ἑβδόμῳ
576 575 653 621 ἔτει
672 582 747 633 τῆς
767 577 897 621 αὐτοῦ
940 579 1152 632 βασιλείας
1195 577 1349 624 ἔπαθεν
1379 579 1460 625 ὑπὸ
1487 586 1589 625 θεο-

117 645 268 701 μηνίας
288 644 508 701 Ἀντιόχεια
538 644 563 700 ἦ
592 645 747 703 μεγάλη
777 647 825 691 τὸ
852 646 1036 699 πέμπτον
1075 648 1204 703 αὐτῆς
1240 647 1380 699 πάθος
1423 650 1466 693 ἓν
1490 652 1586 706 μηνὶ
1609 652 1641 687 C

116 717 252 772 μα’ΐῳ,
300 712 495 764 ὖπατείας
521 714 741 772 Ὀλυβριόυ
757 730 766 739 ·
813 715 942 765 πολὺς
962 716 1040 773 γὰρ
1061 711 1112 771 ἦν
1136 715 1157 760 ὃ
1188 715 1319 774 φόβος
1350 716 1371 761 ὅ
1395 723 1467 762 τοῦ
1486 724 1588 762 θεοῦ
1612 722 1646 757 Ο
1671 721 1741 760 143

117 781 331 838 γενόμενος
365 783 452 826 κατ’
490 783 639 827 ἐκεῖνον
666 784 739 827 τὸν
778 782 944 841 καιρόν,
1000 783 1103 828 ὥστε
1137 786 1236 837 τούς
1273 787 1590 843 συλληφθέντας

115 847 197 894 ὕπὸ
225 855 310 894 τῶν
337 849 571 907 οῗκημᾶτων
600 853 643 895 ἐν
670 856 722 910 τῇ
758 858 808 911 γῇ
840 854 907 896 καὶ
935 851 1238 909 πυρικαύστους
1272 856 1483 911 γενέσθαι,
1521 859 1590 900 καὶ

63 919 162 962 Ιοέκ
182 924 256 962 τοῦ
275 919 394 977 ἀέρος
419 921 464 963 δὲ
493 925 730 978 σπινθῆρας
756 922 886 979 πυρὸς
903 922 1147 979 φαίνεσθαι·
1183 924 1250 966 καὶ
1279 922 1412 967 ἔκαιον
1434 923 1490 974 ὥς
1507 925 1587 969 ἀπὸ

115 987 331 1045 ἀστραπῆς
361 988 434 1032 τὸν
461 987 768 1047 εὑρισκόμενον,
819 992 886 1034 καὶ
917 988 1103 1045 ἓκόχλαζε
1131 991 1180 1034 τὸ
1215 991 1368 1049 ἔδαφος
1396 998 1470 1049 τῆς
1497 998 1584 1050 γῆς,

115 1058 185 1098 καὶ
215 1058 504 1114 ἓκεραυνοῦντο
546 1058 586 1101 οἳ
618 1059 802 1113 θεμέλιοι
815 1092 830 1113 ,
876 1057 1158 1116 κουφιζόμενοι
1185 1057 1268 1103 ὖπὸ
1300 1065 1382 1104 τῶν
1411 1067 1587 1115 σεισμῶν

68 1173 80 1178 —
115 1126 184 1167 καὶ
199 1123 280 1168 ὑπὸ
301 1130 376 1168 τοῦ
398 1125 528 1184 πυρὸς
546 1125 839 1184 τεφρούμενοι,
878 1126 983 1171 ὥστε
1005 1129 1072 1170 καὶ
1100 1134 1187 1178 τοῖς
1213 1126 1430 1186 φεύγουσιν
1455 1129 1587 1186 ὑπήν-

115 1209 170 1235 τα
208 1193 257 1236 τὸ
295 1198 391 1250 πῦρ.
482 1196 550 1237 καὶ
589 1191 640 1251 ἦν
675 1198 774 1239 ἰδεῖν
818 1200 968 1250 θαῦμα
1008 1196 1187 1254 φοβερὸν
1231 1199 1299 1241 καὶ
1333 1197 1584 1255 παράδοξον,

61 1265 199 1318 15πῦρ
236 1261 497 1320 ἐρευγόμενον
527 1262 708 1321 ὄμβρον,
747 1264 904 1321 ὄμβρος
931 1266 1112 1319 καμίνων
1143 1269 1357 1324 φοβερῶν,
1396 1268 1503 1325 φλὸξ
1530 1271 1586 1319 εἷς

115 1328 235 1374 ὖετόν
273 1331 472 1387 λυομένη,
527 1334 594 1375 καὶ
636 1331 754 1384 ὖετὸς
807 1331 864 1384 ὥς
906 1333 1011 1390 φλὸξ
1063 1332 1335 1390 ἐξαπτόμενος
1375 1338 1441 1379 καὶ
1487 1337 1586 1388 τοὺς

113 1403 304 1451 βοῶντας
321 1400 363 1443 ἓν
382 1405 434 1458 τῇ
452 1404 504 1457 γῇ
525 1400 803 1457 κατανήλισκε.
883 1403 951 1445 καὶ
982 1403 1026 1446 ἐκ
1049 1401 1198 1446 τούτου
1211 1402 1431 1459 Ἀντιόχεια
1452 1405 1584 1462 ἄχρη-

115 1483 214 1518 στος
231 1466 407 1523 ἐγένετο·
443 1468 517 1512 οὐκ
535 1469 661 1525 ἔμεινε
680 1468 784 1526 γάρ,
822 1473 858 1514 εἰ
882 1470 939 1526 μὴ
969 1471 1022 1514 τὰ
1055 1471 1161 1526 πρὸς
1193 1471 1288 1530 ὅρος
1324 1471 1454 1527 μόνον
1497 1492 1579 1517 πα-
1603 1474 1634 1508 D

114 1535 355 1591 ροικούμενα
371 1535 589 1593 οἰκήματα.
647 1539 720 1582 οὐκ
742 1539 867 1594 ἔμεινε
890 1540 935 1582 δὲ
964 1538 1058 1583 οὔτε
1085 1539 1198 1596 ἅγιος
1230 1539 1340 1591 οἶκος
1369 1542 1581 1599 εὐκτηρίου

57 1603 139 1658 2οἢ
165 1607 444 1662 μοναστηρίου
489 1605 515 1662 ἢ
556 1606 683 1650 ἄλλου
733 1607 850 1664 ἁγίου
896 1605 1026 1651 τόπου
1068 1608 1365 1667 ἆδιάῤῥηκτος·
1416 1611 1469 1654 τὰ
1502 1611 1582 1668 γὰρ

112 1672 218 1715 ἄλλα
235 1675 586 1730 συνετελέσθησαν
605 1678 661 1725 εἷς
680 1676 728 1719 τὸ
747 1677 940 1725 παντελές
953 1690 963 1699 ·
1000 1675 1023 1730 ἦ
1045 1678 1090 1719 δὲ
1107 1676 1263 1733 μεγάλη
1284 1679 1475 1734 ἐκκλησία
1487 1679 1582 1722 Ἀν-
1609 1707 1615 1711 -

112 1743 287 1797 τιοχείας
329 1740 356 1798 ἦ
383 1747 599 1786 κτισθεῖσα
627 1742 709 1787 ὑπὸ
731 1745 1048 1788 Κωνσταντίνου
1067 1750 1142 1788 τοῦ
1176 1744 1354 1802 μεγάλου
1380 1748 1582 1801 βασιλέως

202 1851 237 1887 7.
258 1849 376 1892 πολύς
399 1851 488 1894 ch„
520 1851 660 1896 πολλῦς
683 1853 751 1889 ΟΧ.
846 1857 901 1892 10.
931 1855 1140 1901 σπινθῆρας
1162 1855 1248 1899 Ch„
1278 1857 1486 1902 σπινθῆρος
1510 1857 1579 1893 ΟΧ.

204 1898 261 1933 16.
282 1895 465 1943 λουομένη
491 1898 559 1933 Ox.

111 2000 214 2035 quam
237 1989 377 2035 primam
403 1990 476 2034 ejus
498 2001 660 2036 perpessa
683 1994 734 2025 est
756 1990 910 2034 ruinam,
934 1992 1050 2027 Edesa
1072 1993 1271 2028 vocabatun
1318 1994 1471 2030 Plurima
1493 2008 1577 2031 vero

48 2054 51 2059 -
109 2035 302 2081 Imperator
325 2036 464 2070 urbibus
501 2036 639 2080 singulis
675 2037 903 2072 instaurandis
941 2038 1169 2084 ornandisque
1192 2038 1336 2084 largitus
1359 2044 1434 2083 est3
1467 2042 1518 2076 uti
1541 2048 1577 2077 et

109 2081 230 2116 incolis
253 2082 509 2127 superstitibus:
534 2083 696 2118 Edessam
718 2095 800 2118 vero
823 2083 1061 2130 Justinopolim
1084 2086 1234 2121 vocavit.

200 2127 364 2172 Ejusdem
395 2133 508 2163 autem
541 2128 761 2173 Imperatoris
797 2141 885 2165 anno
916 2131 1079 2176 septimo,
1119 2131 1239 2166 Mense
1273 2131 1390 2174 Maio,
1427 2133 1575 2177 Olybrio

111 2175 181 2208 tum
205 2173 372 2216 Consule,
408 2174 561 2219 quintam
584 2175 722 2210 divinae
743 2176 818 2210 irae
841 2175 1103 2211 vicissitudinem
1134 2188 1296 2223 perpessa
1319 2184 1370 2212 est
1395 2179 1575 2213 Antiochia

88 2236 92 2244 r
111 2219 254 2264 Magna.
311 2220 429 2254 Tanta
451 2220 538 2254 enim
562 2232 624 2265 per
646 2221 683 2255 id
707 2226 838 2266 tempus
861 2222 905 2256 ab
927 2222 1016 2258 irato
1040 2223 1190 2258 Numine
1220 2224 1450 2259 consternatio
1474 2224 1574 2259 Mor-

111 2265 236 2300 talibus
257 2264 407 2308 incessit,
429 2271 467 2301 ut
491 2271 527 2300 et
550 2266 684 2301 aedium
707 2267 813 2302 ruinis
836 2268 952 2302 obruti
974 2269 1019 2303 ab
1040 2269 1121 2314 igne
1145 2281 1187 2304 ex
1208 2273 1305 2305 terra
1326 2269 1489 2303 exiliente
1511 2271 1574 2304 ab-

112 2316 341 2351 sumerentur:
382 2323 424 2346 ex
459 2323 541 2347 aere
569 2313 673 2347 etiam
696 2313 802 2358 ignis,
841 2313 1061 2350 scintillarum
1091 2315 1199 2350 instar
1232 2315 1409 2356 decidens,
1453 2315 1573 2351 obvios

112 2366 284 2401 quosque,
308 2357 470 2391 Fulminis
493 2357 528 2392 in
554 2370 697 2405 morem,
722 2359 913 2395 combussit.
963 2361 1036 2395 Sed
1066 2367 1103 2396 et
1134 2361 1215 2407 ipsis
1246 2362 1347 2396 etiam
1372 2360 1573 2405 pavimentis

114 2401 361 2445 ebullientibus,
386 2403 618 2439 aedificiorum
641 2405 838 2440 fundamina
859 2406 975 2440 subtus
997 2418 1167 2449 concussa,
1190 2411 1226 2442 et
1248 2406 1441 2441 fulminibus
1462 2412 1571 2450 tacta,

113 2445 381 2492 conflagrarunt.
427 2449 729 2495 Prorumpentibus
751 2463 856 2494 vero,
885 2457 925 2486 ut
947 2465 983 2487 se
1005 2452 1198 2498 eriperent,
1235 2451 1422 2487 hominibus
1446 2453 1573 2487 obver-

113 2497 208 2527 satae
235 2499 312 2528 sunt
339 2494 490 2540 undique
520 2497 764 2532 occursitantes
786 2496 950 2534 flammae.
1004 2499 1076 2533 Imo
1098 2499 1329 2544 spectaculum
1351 2497 1472 2532 videre
1497 2502 1572 2534 erat

113 2536 214 2591 plane
235 2540 466 2584 tremendum,
499 2546 535 2576 et
565 2547 703 2587 praeter
733 2544 899 2578 hominum
935 2543 1038 2579 fidem
1072 2545 1168 2589 ignes
1201 2544 1340 2578 imbrem
1363 2548 1572 2587 eructantes,

112 2582 235 2618 imbres
265 2586 469 2621 caminorum
501 2587 787 2631 horrescentium,
816 2589 912 2634 ignes
942 2589 979 2624 in
1012 2589 1151 2625 imbrem
1186 2590 1332 2631 solutos,
1365 2588 1489 2624 imbres
1515 2602 1570 2631 ue,

112 2627 318 2665 flammarum
339 2631 446 2667 instar
470 2645 648 2676 accensos,
681 2634 817 2670 miseros
846 2636 907 2670 sub
929 2641 1024 2670 terra
1046 2635 1211 2680 ejulantes
1233 2635 1452 2669 absumentes.
1530 2647 1571 2669 x-

112 2673 193 2708 inde
215 2675 396 2712 Antiochia
411 2678 584 2714 desolatio
614 2680 709 2715 facta
731 2685 801 2716 est:
840 2693 906 2715 nec
937 2681 1023 2716 enim
1058 2681 1158 2715 aedes
1191 2681 1354 2715 Oratoria
1385 2680 1474 2723 ulla,
1506 2693 1570 2716 nec

114 2720 376 2765 Monasterium‚
399 2735 463 2758 nec
485 2737 583 2760 sacer
606 2725 727 2771 aliquis
749 2727 865 2768 locus,
888 2728 947 2762 sed
972 2739 1036 2761 nec
1062 2727 1197 2769 domuS,
1221 2731 1460 2772 praeterquam
1481 2739 1569 2773 quae

112 2764 157 2800 ad
179 2772 325 2801 montem
349 2768 509 2812 fuerunt,
539 2771 610 2806 nlla
639 2783 707 2807 non
730 2772 884 2817 disrupta
907 2778 1104 2817 supererat3
1136 2777 1275 2806 caetera
1303 2771 1436 2818 quidem
1460 2773 1571 2807 omnia

112 2814 189 2847 tota
211 2812 484 2849 absumebantur.
537 2816 667 2862 Magna
689 2823 800 2853 autem
827 2819 982 2852 Ecclesia
1011 2818 1264 2860 Antiochensis,
1298 2829 1398 2863 quam
1419 2818 1470 2853 ibi
1490 2819 1569 2853 olim

113 2857 265 2892 extruxit
286 2858 526 2897 Constantinus
547 2862 598 2900 M.
622 2864 832 2910 Imperator,
857 2863 1095 2899 corruentibus
1123 2863 1196 2900 aliis
1218 2863 1389 2906 omnibus,
1414 2865 1486 2898 sola
1508 2864 1571 2899 ali-
