1838 3230
266 159 368 211 160
676 158 960 204 IOANNIS
987 161 1323 206 MALALAE

267 291 394 335 τρεψε
431 282 506 321 τοῦ
545 282 826 336 κρεμασθῆναι
863 277 1016 335 αὐτήν·
1059 282 1230 337 πλησίον
1258 281 1336 338 γὰρ
1368 285 1442 326 ἰ’-οὕ
1471 281 1718 338 τείχούςῗὸθ

269 347 397 402 αὐτὴν
427 346 497 389 τὸν
524 351 766 390 παπυλεῶνα
799 346 924 390 αὐτοῦ
961 347 1126 405 ἔστησεν
1153 347 1174 392 ὃ
1197 348 1456 407 Ὁλοφέρνης.
1527 347 1727 404 λαβόντες

271 412 342 459 οὖν
363 416 400 458 οἱ
416 414 605 458 Ἰουδαῖοι
625 414 719 470 παρ’
747 415 873 470 αὐτῆς
896 416 970 471 τὴν
1001 418 1180 473 κεφαλὴν
1211 420 1266 467 εἷς
1301 418 1442 461 κοντὸν
1477 415 1621 477 ἐπάνω
1643 422 1720 462 τοῦ

268 486 424 538 τείχους
441 483 589 536 ἔπηξαν
612 483 689 538 πρὸ
709 481 857 538 αὕγους
867 516 880 536 ,
918 484 1202 535 ἐπιδεικνύντες
1227 486 1355 541 αὐτὴν
1380 490 1439 546 τῷ
1460 490 1623 544 στρατῷ
1644 485 1723 528 αὖα

269 556 357 595 τοῦ.
425 553 580 607 πρωίας
607 552 651 593 δὲ
679 551 911 607 γενομένης,
950 551 1171 610 ἑωρακότες
1199 554 1237 596 οἳ
1257 555 1420 611 Πέρσαι
1443 554 1517 610 τὴν
1541 555 1755 612 κεφαλὴν5

264 618 513 675 Ὅλοφέρνου
559 624 866 673 κοντευθεῖσαν,
911 618 1140 676 ὑπενόησαν
1181 621 1243 665 ὅτι
1279 622 1347 665 διὰ
1381 620 1592 677 δυνάμεώς
1615 628 1726 673 τινος

271 693 392 731 τοῦτο
413 687 562 742 ἐγένετο
582 689 648 729 καὶ
667 687 815 743 ἔφυγον
828 702 838 711 ·
874 691 941 731 καὶ
960 688 1130 744 διελύθη
1154 688 1173 732 ὅ
1191 688 1377 745 πόλεμος,
1413 692 1478 733 καὶ
1500 691 1614 746 νίκην
1630 689 1726 734 ἔλον-

219 763 250 797 Ι)
272 761 348 811 βον
371 755 408 798 οἱ
423 755 613 798 Ἰουδαῖοι
631 755 736 798 κατὰ
758 759 946 814 Περσῶν.
1016 762 1146 800 ταῦτα
1168 759 1212 801 δὲ
1231 759 1272 801 ἐν
1291 765 1380 809 ταῖς
1401 757 1634 816 Ἑβραϊκαῖς
1651 759 1726 813 ἒμ-

272 824 435 882 φὲρεται
454 831 642 880 γραφαῖς.
712 828 844 866 ταῦτα
865 826 909 867 δὲ
926 827 1144 881 Εἰρηναῖος
1166 824 1186 869 ὃ
1209 827 1337 883 σοφὸς
1356 825 1655 884 συνεγράψατο.

373 891 499 935 Μετὰ
519 893 563 935 δὲ
581 892 654 946 τὴν
669 893 878 946 βασιλείαν
892 894 1071 950 Δαρείου
1107 895 1361 948 ἐβασίλευσεν
1381 894 1606 952 Ἀσσυρίων
1628 893 1723 951 Ἀρ·
1737 906 1782 943 10

272 960 466 1016 ταξέρξης
480 973 489 983 ·
532 962 597 1002 καὶ
638 963 809 1015 Νεεμίας
840 959 860 1003 ὃ
893 961 1018 1017 ἱερεὺς
1041 959 1061 1004 ὃ
1083 960 1138 1004 ὢν
1161 963 1204 1004 ἐκ
1226 967 1298 1005 τοῦ
1319 963 1549 1018 σπέρματος
1567 964 1724 1016 Δαβίδ,

274 1028 505 1086 παρρησίαν
523 1028 623 1083 ἔχων
644 1029 744 1085 πρὸς
765 1027 903 1082 αὐτόν,
935 1028 1168 1085 ἒὸυσώπησε
1186 1030 1256 1073 τὸν
1268 1030 1555 1087 Ἀρταξέρξην·
1589 1029 1727 1089 ἠγάπα

274 1097 352 1153 γὰρ
384 1094 530 1150 αὐτόν,
569 1095 678 1146 ὅστις
707 1099 773 1139 καὶ
804 1097 939 1153 ἄρχειν
969 1097 1091 1140 αὐτὸν
1117 1103 1200 1141 τῶν
1221 1097 1419 1153 εὐνούχων
1440 1100 1625 1154 ἐποίησε·
1661 1099 1728 1141 καὶ

128 1173 161 1206 Ο
185 1168 254 1208 204
277 1165 415 1218 λαβὼν
448 1163 642 1219 χρήματα
676 1165 806 1207 πολλὰ
833 1166 982 1208 ἔπεισεν
1008 1166 1266 1222 ἀπολυθῆναι
1298 1167 1422 1211 αὐτὸν
1444 1170 1510 1209 καὶ
1538 1166 1729 1210 ἀπελθεῖν

274 1237 350 1276 τοῦ
379 1234 510 1275 κτίσαι
539 1233 611 1287 τὴν
636 1231 900 1288 Ἰερουσαλὴμ
923 1234 996 1288 τὴν
1023 1239 1335 1290 πορθηθεῖσαν·
1368 1233 1510 1292 πρώτη
1527 1235 1604 1291 γὰρ
1624 1233 1726 1290 αὕτη
1740 1245 1783 1280 15

274 1305 349 1356 τῆς
365 1299 629 1357 Ἰερουσαλὴμ
653 1300 800 1351 ἅλωσις
818 1303 884 1343 καὶ
901 1306 975 1343 τοῦ
995 1302 1102 1357 ἱεροῦ
1122 1301 1400 1360 καταστροφή.
1446 1301 1468 1346 ὅ
1488 1304 1532 1346 δὲ
1553 1304 1730 1357 Νεεμίας

276 1369 499 1417 ἀπολυθεὶς
529 1369 705 1423 ἀνῆλθεν
734 1371 791 1418 εἷς
812 1367 1074 1425 Ἰερουσαλήμ
1085 1402 1098 1422 ,
1125 1372 1191 1412 καὶ
1222 1369 1423 1427 ἀνήγειρεν
1446 1370 1573 1426 αὐτὴν
1591 1373 1659 1413 καὶ
1680 1370 1727 1412 τὸ

276 1443 407 1491 τεῖχος
429 1441 502 1491 τῆς
520 1435 686 1489 πόλεως,
723 1439 790 1479 καὶ
810 1437 884 1487 τὰς
900 1439 1091 1487 πλατείας
1111 1438 1236 1493 αὐτῆς
1257 1440 1438 1494 ἐποίησεν
1457 1437 1727 1496 εὖρυχῶρους,

223 1510 258 1544 Ε
282 1507 348 1547 καὶ
375 1506 521 1557 βελτίω
550 1505 676 1560 αὐτὴν
704 1505 944 1560 κατέστησεν
958 1519 967 1529 ·
1002 1501 1051 1560 ἦν
1071 1506 1148 1563 γὰρ
1168 1506 1316 1562 ἕρημος
1335 1507 1397 1549 ἐπὶ
1418 1506 1485 1562 ἔτη
1507 1505 1555 1550 ο’.
1625 1505 1730 1561 αὕτη

274 1569 324 1627 ἦν
354 1570 380 1627 ἦ
416 1572 582 1625 δευτέρα
613 1577 686 1615 τοῦ
715 1573 822 1629 ἶεροῦ
842 1572 1098 1628 ἄνοικοὸομή.
1169 1572 1390 1630 ἐπληρώθη
1414 1574 1522 1617 δὲτὸ
1543 1574 1648 1631 ἱερὸν
1667 1573 1786 1619 ‹51'20

275 1642 375 1683 ἐτῶν
406 1638 464 1694 μ’.
535 1639 556 1683 ὅ
589 1642 632 1683 δὲ
665 1641 788 1690 αὐτὸς
812 1641 1078 1697 Ἀρταξέρξης
1106 1644 1384 1698 παρακληθεὶς
1409 1640 1487 1684 find
1516 1659 1635 1685 τινων
1657 1646 1730 1696 τῆς

275 1706 499 1763 συγκλήτου
530 1708 680 1761 αὐτοῦ,
717 1711 782 1751 καὶ
811 1710 906 1759 τοὺς
930 1707 1177 1759 ὖπολοίπους
1193 1710 1414 1760 Ἰουδαίους
1435 1710 1606 1753 ἀπέλυσε
1615 1743 1628 1762 ,
1664 1711 1731 1752 καὶ

276 1777 370 1827 εἶ’τις
399 1776 468 1819 ἐὰν
501 1775 720 1833 ἠβουλήθη
749 1775 839 1820 τότε
867 1777 1049 1820 ἀνελθεῖν
1079 1780 1133 1827 εἷς
1163 1778 1236 1834 τὴν
1258 1776 1518 1836 Ἰερουσαλήμ
1527 1810 1542 1831 ,
1577 1778 1731 1833 ἀνῆλθε

368 1871 403 1908 4.
427 1870 587 1952 αὔογους]
611 1871 749 1919 αὕγοῦς
771 1874 840 1909 ΟΧ.
940 1872 994 1910 14.
1021 1872 1159 1910 ἔπεισεν
1181 1874 1352 1909 Cedrenus
1375 1886 1410 1920 p.
1434 1875 1510 1911 139.
1532 1873 1582 1916 B,
1607 1871 1732 1920 ἐποίη-

370 1929 431 1954 σεν
489 1930 522 1952 x.

282 1993 405 2030 torium
429 2007 522 2030 suum
553 1996 677 2031 fixerat
708 1997 955 2043 Holophernes.
1001 1998 1126 2033 sudaei
1148 2000 1260 2033 autem
1289 2001 1395 2043 caput
1426 1998 1469 2032 ab
1499 2009 1541 2031 ea
1563 1996 1730 2043 accipien-

282 2045 356 2083 tes,
399 2046 497 2074 conto
525 2041 724 2086 impactum,
759 2055 779 2076 e
813 2055 904 2078 muro
940 2045 1133 2078 anteluculo
1168 2044 1376 2084 extulerunt,
1413 2047 1620 2078 ostentantes
1649 2042 1733 2078 illud

284 2087 512 2132 Holophernis
544 2087 716 2124 exercitui.
763 2089 895 2123 Aurora
927 2096 1037 2124 autem
1069 2090 1306 2130 illucescente,
1347 2089 1472 2122 Persae
1506 2088 1733 2133 Holophernis

284 2138 387 2186 caput
410 2136 508 2166 conto
530 2131 718 2177 impositum
741 2133 1006 2179 conspicientes,
1039 2135 1264 2178 effectumque
1285 2135 1350 2168 huc
1373 2145 1394 2167 a
1418 2133 1564 2168 Numine
1586 2134 1733 2177 quodam

284 2177 527 2219 ex1stimantes‚
564 2182 664 2221 terga
695 2178 878 2213 dederunt:
920 2186 1023 2225 atque
1045 2182 1092 2214 sic
1115 2180 1306 2213 dissolutum
1339 2186 1392 2213 est
1413 2179 1555 2220 bellum,
1594 2178 1734 2213 Judaeis

283 2229 406 2257 contra
438 2223 557 2257 Persas
587 2223 733 2258 victoria
763 2224 901 2268 potitis:
943 2227 995 2259 uti
1027 2226 1090 2259 hoc
1117 2229 1251 2259 constat
1281 2236 1324 2259 ex
1357 2224 1526 2270 scriptura
1547 2224 1731 2261 Hebraica.

284 2268 380 2302 Haec
402 2268 505 2302 etiam
528 2268 657 2314 sapiens
680 2269 838 2303 Irenaeus
861 2271 1040 2304 memoriae
1063 2270 1244 2304 mandavit.

377 2313 485 2348 Dario
509 2314 665 2348 successit
687 2314 721 2347 in
744 2326 848 2358 regno
873 2316 1082 2359 Assyriorum
1104 2318 1319 2349 Artaxerxes.
1365 2314 1524 2350 Neemias
1542 2317 1653 2348 autem
1666 2313 1733 2348 Sa·-

285 2358 428 2400 cenlos,
465 2370 506 2392 ex
528 2359 649 2393 semine
670 2359 828 2400 navidis,
870 2360 927 2404 qui
950 2361 1040 2405 apud
1062 2372 1177 2405 regem
1200 2361 1374 2406 plurimum
1397 2364 1551 2405 poterat,
1583 2360 1734 2403 (summe

284 2404 371 2438 enim
394 2404 457 2438 sibi
481 2405 615 2439 charum
638 2405 776 2446 habuit,
799 2405 972 2449 ipsumque
996 2406 1081 2440 adeo
1100 2406 1272 2440 Eunuchis
1295 2406 1360 2440 suis
1383 2404 1647 2450 praefecerat3)
1670 2404 1733 2438 im-

282 2449 432 2493 petravit
456 2450 498 2483 ab
524 2462 584 2492 eo,
614 2451 665 2484 uti
686 2450 838 2484 libertati
860 2462 938 2484 suae
962 2451 1134 2485 restitutus
1167 2456 1202 2485 et
1234 2452 1385 2497 pecuniis
1416 2449 1617 2492 instructus,
1654 2449 1734 2484 mit·-

282 2499 415 2528 teretur
448 2496 491 2528 ad
515 2495 821 2540 Hierosolymarum
853 2495 965 2529 ruinas
994 2495 1239 2530 instaurandas.
1285 2496 1373 2529 Erat
1410 2495 1495 2529 enim
1518 2494 1602 2528 haec
1626 2495 1735 2540 prima

283 2540 378 2573 urbis
402 2539 724 2584 Hierosolymitanae
747 2540 943 2585 captivitas;
975 2541 1083 2585 prima
1106 2542 1206 2574 etiam
1230 2541 1364 2585 Templi
1388 2539 1529 2574 eversio.
1575 2539 1734 2575 Neemias

284 2584 400 2629 itaque
424 2585 594 2627 dimissus,
631 2586 880 2630 Hierosolymas
912 2585 1033 2627 rediit3
1071 2589 1107 2619 et
1139 2586 1252 2619 ruinas
1284 2587 1355 2630 ejus
1377 2585 1562 2627 excitavit3
1603 2585 1734 2631 plateas

284 2630 358 2672 ejus
383 2631 559 2675 ampliores
582 2631 689 2673 fecit,
713 2633 896 2676 urbemque
918 2630 1003 2664 adeo
1027 2634 1133 2664 totam
1156 2630 1191 2664 in
1213 2631 1328 2664 melius
1351 2630 1507 2675 redegit=
1547 2641 1634 2675 quae
1656 2630 1734 2675 qui-

283 2674 358 2708 dem
389 2675 524 2710 deserta
547 2682 621 2710 erat
654 2688 716 2723 per
739 2689 840 2711 annos
863 2687 942 2712 Lxx.
988 2676 1077 2709 Tum
1110 2675 1209 2710 etiam
1241 2680 1277 2710 et
1309 2677 1484 2722 Templum
1514 2675 1734 2710 instauratum

284 2725 353 2753 est:
390 2719 485 2764 cujus
508 2722 655 2756 secunda
677 2723 808 2757 fabrica
830 2721 938 2767 spatio
963 2732 1019 2755 x1..
1045 2731 1208 2755 annorum
1232 2721 1387 2756 absoluta
1410 2727 1470 2757 est.
1516 2721 1586 2754 Sed
1610 2725 1646 2754 et
1669 2721 1735 2754 Ar·-

285 2769 442 2798 taxerxes
466 2766 567 2800 etiam
591 2767 794 2802 Primoribus
816 2767 880 2802 suis
903 2765 1100 2812 quibusdam
1124 2766 1168 2800 ad
1191 2766 1226 2800 id
1250 2767 1432 2809 adductus,
1446 2796 1448 2798 .
1463 2766 1608 2800 Judaeos
1632 2765 1734 2799 etiam

286 2809 432 2856 reliquos
454 2810 489 2845 in
512 2812 655 2857 patriam
679 2825 770 2848 suam
793 2812 930 2849 remisit.
976 2812 1138 2848 Liberum
1160 2811 1280 2858 itaque
1303 2812 1429 2858 cuique
1451 2811 1536 2853 fuit,
1569 2811 1733 2846 Hieroso-
