1838 3230
477 182 1104 232 CHRONOGRAPHIA.
1135 186 1183 231 L.
1214 189 1269 234 V.
1517 195 1614 244 135

133 294 282 346 ἑαυτὸν
313 299 548 360 γενόμενος,
587 306 654 348 καὶ
691 306 791 349 ποτὲ
822 307 898 362 μὲν
930 304 1090 365 ἐφρόνει
1124 309 1191 352 καὶ
1219 309 1354 365 διῆγεν
1392 308 1435 353 ἓν
1467 303 1612 366 ἀνέσει,

133 371 235 415 ποτὲ
252 371 299 415 δὲ
317 372 515 428 ἐμαίνετο.
587 374 690 433 πρὸς
710 376 937 432 θεραπείαν
956 381 1040 421 τῶν
1057 381 1132 434 τῆς
1153 374 1308 428 πόλεως
1335 380 1403 421 καὶ
1424 384 1499 436 τῆς
1518 398 1619 438 συγ-

132 437 285 496 κλήτου
299 475 314 497 ,
359 440 422 486 ὅτι
451 443 619 501 ἐφίλουν
649 443 722 487 τόν
749 444 948 502 Ὀρέστην
979 448 1046 489 καὶ
1065 446 1206 490 ἀὐτὸν
1231 445 1460 504 ἠβούλοντο
1492 454 1617 504 βασι-

131 512 296 564 λεῦσαι,
340 511 381 555 οἳ
410 512 527 570 ἱερεῖς
554 511 820 570 ἅγνεύσαντες
848 514 921 558 τὸν
949 514 1147 573 Ὀρέστην
1173 517 1241 559 καὶ
1270 515 1614 576 ἀποκαθαρίσαν-
1638 500 1675 581 g
1701 501 1766 537 1⁷¹

97 584 198 630 5τες
226 578 490 632 ἐξιλεῶσαντο
524 582 651 626 αὐτὸν
679 587 754 626 τοῦ
786 581 984 643 μητρῴου
1010 583 1142 643 φόνου
1163 588 1239 628 τοῦ
1265 587 1510 640 μαίνεσθαι·
1547 591 1615 632 καὶ

129 647 409 706 ἀπαγαγόντες
438 651 481 694 ἓν
510 656 569 711 τῷ
604 652 698 711 ἱερῷ
729 657 803 708 τῆς
828 652 1011 709 Ἀθηνᾶς
1041 654 1113 697 τὸν
1150 654 1370 713 Ὀρέστην,
1416 656 1488 714 ἐφ’
1528 652 1563 717 ᾧ
1591 656 1613 702 ὅ

117 715 275 775 Ἄρειος
293 716 424 777 πάγος
445 717 604 779 ὑπῆρχε
614 754 627 775 ,
671 726 746 777 τῆς
765 723 881 778 δίκης
908 720 1164 774 ἀκούσαντος
1183 724 1338 779 μεταξὺ
1367 725 1520 777 Οἴακος
1538 731 1613 770 τοῦ

127 787 230 841 μετὰ
266 792 342 831 τοῦ
381 791 618 848 Τυνδαριόυ
654 795 729 847 τῆς
769 790 1148 850 Κλυταιμνήστρας
1183 794 1251 836 καὶ
1291 798 1367 837 τοῦ
1400 793 1608 853 Ὀρέστου.

129 854 241 908 ὅστις
269 858 515 909 Μενεσθεὺς
538 861 664 911 ἒξεΐπε
693 864 842 918 ψῆφον
870 862 1037 912 δικαίως
1070 861 1143 906 τὸν
1173 861 1371 920 Ὀρέστην
1402 864 1612 921 ἐκδικῆσαι
1636 878 1670 913 0
1691 878 1765 915 ’172

74 923 200 970 lotor
228 924 358 985 φόνον
386 933 460 971 τοῦ
484 930 590 972 ἰδίου
614 927 794 986 πατρός,
831 928 1014 985 μάλιστα
1042 933 1110 974 καὶ
1140 931 1210 974 διὰ
1228 930 1304 982 τὰς
1324 930 1454 983 ἄλλας
1470 941 1612 990 γυναῖ-

126 1011 222 1049 κας,
260 994 371 1048 ὅπως
387 995 446 1053 μή
466 1015 528 1049 τις
552 997 668 1056 ἑτέρα
690 999 789 1055 γυνὴ
809 997 998 1043 τοιοῦτόν
1017 1017 1056 1042 τι
1077 999 1207 1043 δεινὸν
1228 997 1463 1058 ἐργάσηται.
1501 1008 1605 1047 ταῦ-
1629 1006 1662 1041 V
1685 1006 1733 1042 57

126 1080 180 1107 τοι
203 1067 359 1117 Δίκτυς
377 1068 418 1110 ἓν
442 1072 493 1126 τῇ
515 1068 611 1126 ἕκτῃ
634 1067 763 1111 αὐτοῦ
787 1069 985 1129 ῥαψῳδίᾳ
1008 1069 1185 1120 ἐξέθετο.

232 1135 286 1178 Οἱ
312 1131 386 1180 οὖν
414 1137 532 1194 ἱερεῖς
562 1134 759 1191 λαβόντες
798 1137 870 1181 τὸν
894 1137 1092 1195 Ὀρέστην
1131 1139 1175 1181 ἐκ
1211 1141 1287 1195 τῆς
1323 1139 1495 1196 κρίσεως
1532 1145 1608 1184 τοῦ

119 1201 274 1260 Ἀρείου
312 1203 444 1262 πάγου
479 1206 585 1262 μετὰ
622 1206 697 1263 τὴν
737 1211 885 1264 ψῆφον
922 1205 1134 1264 ἀπήγαγον
1173 1194 1216 1250 ἐν
1247 1209 1432 1266 Δελφοῖς
1467 1211 1524 1260 εἰς
1559 1210 1606 1254 τὸ

68 1279 112 1316 15
124 1273 232 1330 ἱερὸν
259 1279 335 1318 τοῦ
359 1274 615 1326 Ἀπόλλωνος
650 1283 896 1334 παραμεῖναι
906 1309 920 1330 ,
963 1277 1033 1319 ἵνα
1065 1276 1140 1332 τὴν
1164 1278 1318 1331 μανίαν
1347 1276 1609 1334 ἀποθέμενος

118 1341 357 1403 βασιλεύσῃ.
429 1343 451 1388 ὅ
474 1346 520 1388 δὲ
535 1344 732 1402 Ὀρέστης
753 1344 948 1389 ἀπελθών
966 1347 1022 1397 εἷς
1042 1345 1090 1389 τὸ
1112 1344 1234 1404 ἱερόν,
1274 1345 1378 1402 ἔχων
1400 1346 1476 1397 τὰς
1497 1349 1606 1399 ἰδίας

119 1411 295 1470 φρένας,
334 1412 422 1469 ἅμα
451 1419 511 1473 τῷ
533 1412 738 1472 Πυλάδῃ,
776 1416 845 1458 καὶ
874 1412 1051 1472 ποιήσας
1072 1416 1252 1469 θυσίαν,
1290 1414 1376 1473 ᾔτει
1409 1416 1486 1471 τὴν
1508 1420 1604 1460 Πυ-

117 1482 220 1525 θίαν
248 1483 433 1541 ἐκφυγεῖν
458 1488 533 1540 τῆς
559 1482 796 1538 μανιώδους
825 1482 966 1529 νόσου.
1039 1486 1107 1527 καὶ
1130 1483 1262 1541 ἐδόθη
1283 1484 1397 1544 αὐτῷ
1430 1485 1499 1528 διὰ
1528 1490 1603 1542 τῆς

116 1553 291 1603 Πυθίας
313 1552 504 1610 χρησμὸς
531 1553 600 1596 διὰ
631 1554 805 1608 στίχων,
845 1552 867 1597 ὅ
898 1554 983 1598 ἔστι
1014 1558 1065 1612 τῇ
1087 1558 1201 1612 κοινῇ
1234 1553 1432 1613 διαλέκτῳ
1452 1552 1596 1606 οὕτως.

207 1663 242 1698 2.
265 1659 360 1706 πρὸς
381 1663 586 1708 θεραπείαν
608 1664 684 1699 τῶν
707 1664 773 1707 τῆς
796 1661 956 1708 πόλεως]
983 1663 1132 1706 „Locus
1155 1661 1223 1697 iste
1246 1662 1335 1696 haud
1355 1674 1602 1709 usquequaque

209 1719 314 1743 sanus
337 1715 502 1756 apparet:
526 1722 592 1756 ego
615 1710 797 1755 legendum
821 1722 947 1744 censeo
961 1736 970 1752 ,
994 1709 1090 1755 πρός
1113 1709 1317 1754 θεραπείαν
1341 1705 1411 1745 οὖν
1435 1711 1511 1744 τῶν
1534 1709 1600 1753 τῆς

209 1753 370 1796 ordinum,-
392 1756 442 1790 uti
466 1767 587 1791 sensus
614 1756 662 1790 sit
685 1756 862 1790 connexio.
873 1759 895 1775 “
918 1757 985 1790 Ch.
1123 1757 1158 1791 5.
1182 1757 1251 1790 τοῦ
1268 1753 1451 1801 μητρῴου
1471 1754 1596 1800 φόνου

209 1802 279 1837 τοῦ
299 1803 526 1848 μαίνεσθαι]
552 1803 654 1845 ,,τοῦ
670 1803 874 1846 μαίνεσθαι
901 1801 1077 1847 superflua
1098 1801 1283 1844 videntur,
1306 1813 1369 1836 nec
1394 1802 1496 1847 hujus
1520 1814 1598 1838 esse

208 1848 298 1883 loci:
326 1849 497 1884 Insaniam
529 1848 617 1883 enim
646 1849 794 1884 nondum
819 1860 913 1883 suam
937 1848 1155 1895 depositurus
1178 1852 1255 1882 erat
1278 1848 1447 1890 Orestes3
1479 1849 1529 1883 uti
1554 1861 1597 1883 ex

206 1895 431 1941 sequentibus
456 1898 587 1941 patet.“
611 1896 677 1929 Ch.
818 1896 851 1930 7.
876 1896 941 1940 τῆς
974 1896 1081 1940 δίκης
1102 1891 1332 1935 ἀκούσαντος
1356 1892 1493 1938 μεταξύ
1515 1892 1598 1931 ’Τὰ-

205 1943 296 1987 κος]
319 1942 466 1984 „Locus
484 1941 640 1976 mutilus=
659 1941 786 1986 judicis
811 1940 897 1975 enim
923 1953 1045 1976 nomen
1063 1942 1246 1976 manifesto
1271 1941 1391 1975 deest:
1414 1941 1594 1986 legendnm

205 1988 346 2034 itaque,
377 1989 442 2034 τῆς
468 1990 574 2033 δίκης
601 1985 830 2028 ἀκούσαντος
856 1989 925 2022 τοῦ
944 1988 1185 2030 Μενεσθέως,
1209 1986 1345 2031 μεταξύ
1375 1983 1506 2030 ‘Yoinog
1528 1991 1595 2022 etc.

205 2035 427 2070 Menestheus
451 2035 538 2069 enim
558 2034 649 2069 infra
674 2046 808 2069 causam
832 2035 929 2068 hanc'
945 2034 1117 2070 audivisse
1140 2032 1303 2069 dicitur.“
1327 2034 1393 2068 Ch,
1507 2034 1593 2069 ibid,

211 2081 350 2123 Οἴακος
372 2081 553 2116 Bentleius
578 2093 611 2128 p.
637 2082 706 2124 75.,
727 2077 859 2123 ‘Tomos
883 2081 951 2115 Ox.

113 2188 178 2224 per
203 2174 298 2210 vices
321 2187 406 2211 vero
430 2173 664 2210 vehementius
688 2185 764 2208 eum
790 2176 953 2215 vexaret3
990 2171 1188 2207 sacerdotes
1220 2170 1356 2207 senatui
1382 2172 1595 2217 populoque,

111 2221 201 2270 (qui
224 2221 338 2268 magni
362 2223 523 2257 Orestem
548 2222 758 2263 habuerunt,
792 2231 976 2266 regemque
1002 2218 1067 2253 sibi
1099 2229 1311 2272 sumn-,opere
1335 2218 1593 2263 expetebant,)

111 2281 183 2306 rem
206 2275 340 2314 gratam
363 2268 511 2310 facturi,
536 2273 730 2314 purgarunt
754 2278 851 2309 eum3
885 2271 921 2301 et
943 2266 1081 2311 expiato
1111 2264 1293 2299 Parricidii
1317 2263 1474 2306 crimine,
1498 2263 1593 2298 Deos

111 2316 144 2352 ei
166 2314 338 2362 propitios
361 2315 597 2350 reddiderunt.
630 2313 723 2355 Quin
746 2318 782 2347 et
805 2312 951 2347 deducto
975 2325 1016 2347 eo
1043 2312 1086 2346 ad
1111 2311 1291 2346 Minervae
1315 2311 1488 2356 templum,
1509 2311 1591 2354 jux-

109 2368 149 2398 ta
172 2362 265 2408 quod
289 2363 491 2408 Areopagus
514 2361 604 2395 situs
627 2365 723 2401 erat3
747 2371 860 2394 coram
879 2358 997 2404 Judice
1015 2359 1216 2393 Menestheo
1235 2368 1338 2391 causa
1354 2356 1487 2401 agitata
1511 2358 1589 2398 est3

109 2408 201 2444 inter
225 2409 400 2455 Hyacem3
438 2408 498 2453 qui
523 2405 694 2452 Tyndarii
719 2410 755 2440 et
778 2405 1074 2451 Clytaemnestrae
1098 2408 1216 2449 partes
1240 2403 1334 2448 egit,
1359 2408 1395 2436 et
1415 2403 1589 2437 Orestem.

109 2455 335 2490 Menestheus
357 2459 471 2489 autem
494 2452 697 2488 sententiam
723 2463 785 2498 pro
800 2453 928 2490 Oreste
950 2451 1050 2492 tulin
1070 2450 1258 2495 justissime
1282 2461 1357 2482 eum
1371 2448 1488 2482 Patris
1508 2459 1589 2483 cae-

110 2500 186 2536 dem
210 2500 416 2543 vindicasse,
438 2501 633 2535 affirmans:
657 2499 707 2533 uti
733 2499 888 2544 exemplo
912 2499 978 2532 hoc
1001 2498 1044 2532 ab
1069 2495 1257 2540 hujusmodi
1281 2494 1491 2529 facinoribus
1511 2505 1588 2528 mu-

109 2547 213 2582 lieres
234 2547 270 2582 in
294 2552 467 2594 posterum
490 2548 756 2581 absterreantur.
804 2545 879 2580 Ista
902 2555 985 2579 vero
1011 2555 1032 2578 a
1054 2542 1160 2587 Dicty
1183 2541 1335 2587 scripta,
1366 2540 1402 2574 in
1425 2539 1587 2586 Rhapso-

111 2593 171 2628 dia
188 2593 263 2638 ejus
286 2598 403 2636 sexta,
426 2594 605 2628 habentur.

203 2639 310 2674 Porro
332 2639 531 2674 sacerdotes
555 2639 727 2680 Orestem,
751 2637 914 2672 tribunali
938 2633 1182 2681 Areopagitico
1207 2634 1410 2686 exemptum,
1433 2629 1586 2676 Delphos

111 2684 225 2727 etiam,
250 2685 412 2730 Apollinis
437 2686 479 2720 ad
498 2685 659 2731 templum
683 2684 923 2725 deduxerunt;
947 2682 999 2718 uti
1015 2683 1242 2716 commoratus
1264 2679 1312 2712 lbi
1336 2677 1475 2722 aliquod
1498 2682 1586 2711 tem-

110 2731 225 2778 poris,
248 2730 413 2766 insaniam
435 2732 642 2778 deponeret,
664 2742 843 2775 regnoque
866 2741 927 2764 suo
950 2739 1015 2775 par
1038 2726 1253 2761 redderetur.
1301 2723 1446 2758 Orestes
1470 2727 1584 2758 autem

110 2789 178 2812 una
202 2788 278 2832 cum
302 2777 450 2823 Pylade,
474 2777 641 2824 Apollinis
663 2777 826 2831 templum
849 2775 1044 2821 ingressus,
1067 2777 1205 2826 tumque
1222 2781 1361 2817 compos
1384 2769 1458 2812 sui,
1484 2780 1583 2804 sacra

110 2829 268 2870 pereg1t3
302 2822 460 2868 Pythiam
508 2828 666 2865 recatus,
700 2828 750 2857 uu
783 2822 939 2857 insaniae
961 2819 1079 2855 morbo
1103 2817 1321 2852 liberaretur.
1368 2815 1584 2862 Responsum

110 2881 194 2906 vero
217 2869 300 2905 tulit
322 2870 476 2915 hujusmo
502 2868 535 2912 i,
557 2873 665 2904 metro
691 2868 826 2904 datum
851 2866 945 2913 quod
967 2863 1133 2901 communi
1155 2862 1312 2899 oratione
1333 2861 1385 2898 sic
1407 2873 1446 2898 se
1467 2862 1586 2897 habet.
