1838 3230
641 168 1094 215 PROLEGOMENA.
1494 187 1596 214 xxxx

138 288 334 345 Operel)
363 289 440 330 alio
461 289 580 329 modo
610 292 839 327 memorato.
896 286 977 324 Jam
1007 291 1074 337 ut,
1102 284 1211 324 hisce
1236 282 1407 335 omissis,
1438 281 1487 322 ad
1511 295 1598 322 cae-

134 362 244 407 tera,
283 371 384 411 quae
415 361 597 410 spectant
625 354 675 394 ad
708 361 885 394 nostrum
916 354 1124 404 Autorem,
1165 353 1446 407 procedamus,
1480 357 1519 390 et
1548 351 1599 390 ds

138 427 224 480 ejus
251 426 487 466 conditione
527 424 704 463 ineamus
733 422 1062 474 disquisitionem:
1098 427 1190 461 sunt
1220 422 1287 473 qui
1315 421 1427 459 illum
1464 419 1599 458 existi-

137 499 248 534 mant
278 494 405 547 ipsius
430 492 690 545 Episcopatus
721 489 963 530 Antiocheni
990 490 1150 539 Infulis,
1191 489 1286 528 dum
1314 488 1437 537 vixit,
1479 488 1599 526 fuisse

137 567 332 601 ornatum.
364 561 411 600 In
426 561 502 600 hac
521 560 704 612 opinione
727 559 835 598 fuere
855 558 1090 611 interpretes
1111 556 1174 598 Jo.
1191 557 1430 596 Damasceni
1455 556 1598 608 (quem

138 630 365 683 appellant)
392 627 510 668 Libri
544 628 648 666 tertii
668 641 742 680 pro
770 624 1033 679 Imaginibus,
1065 627 1210 678 quique
1234 626 1325 664 illos
1353 631 1444 663 sunt
1470 624 1596 663 secuti

137 697 205 736 alii
231 682 470 747 non'exigui
497 695 677 734 nominis.
744 695 992 746 Fragmenti‚
1036 694 1144 746 quod
1169 695 1211 732 in
1239 694 1356 732 Libro
1392 694 1512 732 citato
1544 706 1596 732 ex

137 763 452 816 Chronographo
472 770 609 802 nostro
630 762 888 816 producitur,
919 762 1124 815 inscriptio
1143 762 1197 801 sic
1216 775 1255 800 se
1273 761 1413 800 habet:
1446 765 1508 802 En
1524 765 1597 815 τῆς

135 833 428 887 χρονογραφίαις
459 828 640 872 Ιωοὶννου
662 830 895 882 Αντιοχείας
919 832 993 871 τοῦ
1017 829 1081 871 καὶ
1117 827 1295 871 Mal-dia
1321 829 1412 883 περὶ
1432 833 1506 882 τῆς
1532 830 1597 871 αἰ-

135 896 391 954 μορῤοούσης
410 907 484 939 etc.
545 899 672 947 Quam
696 899 738 937 in
762 897 870 936 hunc
896 898 1058 936 modum
1078 898 1196 937 vertit
1216 897 1334 937 Fran.
1353 899 1497 938 Zinus:
1526 897 1596 938 Ex

134 978 346 1022 temporum
367 966 622 1022 descriptione
649 966 815 1006 Ioannis
835 965 1075 1013 Antiochiae
1099 966 1316 1019 Ponifficis,
1347 967 1416 1020 qui
1442 977 1477 1005 et
1494 966 1596 1006 Ma-

134 1034 218 1076 Ζαῖα
238 1034 367 1076 dicius
389 1046 466 1087 est,
497 1034 543 1074 de
561 1034 720 1074 muliere
738 1048 836 1088 quae
854 1034 1054 1085 sanguinis
1062 1034 1229 1088 fluoeum
1249 1048 1427 1086 perpessa
1440 1019 1594 1091 fuerat.

134 1103 263 1157 Hujus
286 1103 409 1142 Tituli
437 1102 805 1156 interpretationem
832 1099 918 1139 Jac.
937 1099 1106 1150 Billius,
1136 1101 1228 1139 dum
1250 1101 1346 1140 Zini
1364 1102 1595 1143 Vel-sionem

134 1172 176 1211 in
196 1172 281 1211 aliis
300 1171 485 1222 castigat,
514 1171 661 1223 absque
688 1168 994 1222 reprehensione
1023 1169 1232 1221 praeterit:
1260 1170 1316 1208 sic
1336 1167 1424 1209 Jac.
1448 1168 1595 1211 Gotho-

122 1237 292 1295 fieclus,
330 1238 379 1277 ad
407 1236 720 1291 Phnoum-giss)
760 1235 986 1276 Historiam
1019 1235 1168 1276 Eccles.
1209 1236 1258 1275 de
1291 1237 1435 1277 Christi
1463 1246 1593 1279 statua

133 1306 348 1345 Paneadica
369 1306 490 1346 verba
512 1306 675 1345 faciens:
710 1303 828 1358 Quod
857 1304 1034 1356 (inquit)
1065 1303 1235 1343 Joannes
1255 1304 1523 1346 Damascenus
1547 1306 1595 1347 de

133 1371 395 1426 Imaginibus·
412 1371 523 1412 Orat.
554 1376 593 1417 3.
622 1372 739 1429 refert
764 1387 818 1412 ex
841 1371 1032 1413 Chronico
1053 1371 1220 1411 Joannis
1238 1373 1478 1413 Antiochiae
1495 1374 1593 1429 Epi-

133 1442 264 1494 scopi,
300 1451 550 1494 cognomenio
580 1439 759 1480 Malala.
826 1441 1000 1480 Eandem
1028 1441 1257 1480 sententiam
1293 1448 1332 1481 et
1361 1443 1594 1496 interpreta-

131 1508 281 1547 tionem
309 1508 481 1561 amplexi
502 1516 595 1548 sunt
615 1509 902 1548 illustrissimus
923 1508 1123 1548 Baronius
1139 1507 1181 1561 3)
1211 1509 1253 1547 in
1277 1510 1525 1561 Annalibus,
1558 1520 1596 1552 et
1630 1516 1634 1520 ”

133 1574 302 1616 Ioannes
318 1582 461 1617 noster
481 1575 689 1631 Gregorius
708 1577 751 1615 in
770 1576 1187 1617 Animadversionibus
1212 1576 1341 1617 MSS.
1362 1594 1484 1632 super
1500 1580 1597 1621 Ma-

131 1641 230 1694 zela,
260 1657 307 1682 ac
325 1644 402 1683 alii.

243 1710 346 1751 VIII.
405 1713 545 1751 Utrum
571 1712 656 1765 ipse
689 1711 892 1751 Orationis
915 1710 1145 1764 praedictae
1180 1710 1228 1750 de
1254 1710 1496 1767 Imaginibus
1516 1716 1594 1754 Au.

131 1784 218 1828 tor,
257 1792 352 1831 per,
399 1776 580 1821 Ιωᾶννου
617 1781 864 1832 Αντιοχείας,
905 1779 1094 1818 Joannem
1137 1786 1317 1819 nostrum
1351 1782 1594 1823 Antiochiae

130 1846 251 1886 fuisse
269 1845 500 1885 Antisiitem
516 1848 710 1896 voluerit,
742 1847 850 1899 quod
870 1846 1039 1886 Autores
1058 1848 1165 1886 citati
1185 1849 1365 1888 arbitrati
1384 1857 1487 1899 sunt,
1517 1865 1592 1904 pro

131 1921 241 1954 certo
259 1912 368 1971 haud
392 1914 507 1954 facile
526 1916 747 1954 statuerim:
776 1914 854 1953 hoc
871 1916 1029 1954 interim
1049 1922 1106 1955 est
1126 1916 1428 1967 admonendum,
1457 1918 1592 1958 istius-

128 1982 237 2022 modi
266 1982 458 2034 loquendi
488 1983 657 2021 formula
687 1997 765 2022 non
792 1997 947 2035 semper
974 1997 1131 2023 necesse
1150 1998 1232 2023 esse
1250 1991 1295 2023 ut
1314 1988 1503 2040 Episcopi
1526 1988 1588 2026 in-

129 2051 374 2103 telligantur,
403 2052 557 2090 tametsi
585 2051 784 2104 perillam
803 2052 843 2090 in
868 2049 1072 2105 Catalogis
1094 2050 1360 2093 Consiliorum
1391 2054 1587 2106 designari

130 2118 315 2173 Episcopi
341 2118 514 2167 soleant3
553 2119 624 2158 sed
648 2133 766 2172 posse
797 2119 911 2158 etiam
945 2117 1053 2159 Cives
1084 2120 1180 2159 alios
1219 2134 1476 2174 quoscunque
1511 2137 1586 2175 per

130 2201 214 2227 eam
236 2187 429 2228 denotari.
477 2187 564 2226 Hoc
583 2187 742 2227 videtur
762 2188 1013 2240 exploratum
1037 2187 1219 2228 habuisse
1241 2187 1479 2245 Godef'ridus
1504 2189 1586 2229 Til-

128 2269 314 2306 mannus,
344 2255 475 2307 quiin
503 2269 573 2294 sua
606 2254 805 2295 Orationis
830 2255 1056 2309 praedictae
1078 2257 1284 2306 versione,
1315 2256 1481 2297 Ioannis
1495 2258 1585 2298 An-

128 2323 315 2374 tiocheni,
343 2323 575 2376 simpliciter
591 2323 720 2362 habet.
759 2324 811 2362 At
831 2338 1089 2376 quaecunque
1107 2325 1226 2364 suerit
1244 2326 1434 2364 sententia
1458 2326 1584 2378 ipsius

127 2390 312 2444 Autaris3
342 2405 415 2430 nos
435 2397 564 2431 tamen
595 2392 706 2430 nullo
733 2398 852 2444 pacto
881 2392 1121 2433 descendere
1147 2407 1358 2446 possumus
1385 2394 1425 2431 in
1449 2407 1585 2433 eorum

129 2459 354 2511 opinionem
383 2459 452 2512 qui
481 2473 531 2499 ex
557 2459 656 2500 Sede
684 2459 1019 2502 Antiochenorum
1047 2460 1303 2501 Patriarchali
1332 2460 1582 2515 Chronogra-

163 2637 213 2682 ·¹)
238 2639 400 2673 Diatn'ba
424 2637 468 2672 de
496 2638 723 2684 scriptoribus
750 2641 892 2676 Graecis
914 2642 1044 2684 Variis,
1068 2652 1144 2675 cum
1167 2640 1354 2685 prophanis
1371 2643 1444 2675 tum
1462 2640 1582 2677 Eccle-

171 2694 370 2794 m>silanis-is,
392 2696 539 2731 maxime
555 2709 596 2732 ex
617 2698 723 2735 codd.
739 2699 840 2736 MSS.
862 2699 1006 2735 nondum
1029 2698 1134 2735 edita.
1160 2709 1235 2743 cap.
1263 2699 1295 2732 1.

255 2773 263 2782 .
287 2751 322 2785 7.
345 2763 374 2786 ο.
399 2753 434 2788 3.

171 2807 213 2850 ⁸)
237 2807 280 2842 ad
303 2818 359 2843 an.
381 2809 438 2845 31.
463 2821 552 2848 num.
574 2812 630 2848 75.
