1838 3230
456 180 1088 227 CHRONOGRAPHIA.
1146 182 1194 228 L.
1226 184 1318 229 VII.
1523 193 1620 240 179

151 298 358 357 ἐγέννησεν
385 299 537 351 αὗτοῦς
564 299 785 356 διδύμους,
824 303 891 344 καὶ
920 301 987 345 διὰ
1015 307 1137 348 τοῦτο
1159 303 1180 348 ὃ
1205 301 1372 356 πάππος
1393 305 1528 351 αὐτῶν
1549 307 1617 367 ἴρ-

151 367 272 426 ριψεν
291 368 442 420 αὖτοὺς
460 371 517 420 εἰς
535 369 612 419 τὰς
629 369 744 421 ὕλας.
810 372 876 413 καὶ
897 365 987 427 εὗρε
1009 372 1107 423 τούς
1127 373 1277 424 αὐτοὺς
1296 377 1447 425 παῖδας
1459 376 1615 434 χωρική

149 453 226 490 τις,
255 434 467 491 βόσκουσα
482 436 695 495 πρόβατα·
731 440 798 482 καὶ
818 443 1178 496 σπλαγχιίσθεῖσα,
1201 442 1262 487 ὅτι
1281 438 1386 499 ἦσαν
1407 443 1609 503 εὔμορφα,
1635 461 1665 495 D

150 508 338 559 λαβοῦσα
366 505 545 563 ἔθρεψεν
575 507 726 557 αὐτοὺς
755 511 813 565 τῷ
843 510 933 566 ἰδίῳ
966 507 1147 565 γάλακτι.
1219 514 1276 562 εἷς
1303 514 1348 556 δὲ
1373 513 1446 568 τὴν
1469 513 1614 572 χώραν

117 573 304 629 ὄὲκείνην
332 574 527 626 λυκαίνας
558 579 752 619 καλοῦσιν
779 576 852 626 ἕως
873 575 965 633 ι’ίρτι
994 578 1068 629 τὰς
1086 580 1266 637 χωρικὰς
1286 580 1360 630 τὰς
1379 581 1612 634 βοσκοῦσας

148 638 363 698 πρόβατα,
401 640 457 694 ὥς
483 643 544 686 ἀεὶ
573 644 645 687 τὸν
670 645 763 699 βίον
798 647 865 687 καὶ
902 645 976 701 τὴν
1005 648 1204 704 διαγωγὴν
1226 647 1398 704 ἐχούσας
1415 651 1518 700 μετοὶ
1539 651 1614 695 λύ-

147 727 242 754 κων.
311 708 461 754 τούτου
481 707 553 754 οὖν
571 711 699 756 ἕνεκεν
718 711 908 767 ὅῬῶμος
928 714 1114 771 ἐπενόησε
1134 717 1187 759 τά
1202 716 1395 774 λεγόμενα
1412 718 1613 777 Βρουμά-
1639 735 1674 770 0
1697 736 1766 772 227

147 782 230 832 λια,
267 777 449 835 εἰρηκώς,
487 782 624 837 φησίν,
663 781 881 838 ἀναγκαῖον
910 781 1010 826 εἶναι
1043 785 1091 827 τὸ
1121 786 1281 844 τρέφειν
1308 787 1381 830 τὸν
1399 788 1503 831 κατὰ
1523 807 1615 832 και-

148 846 222 904 ρόν
240 848 424 902 ἱβασιλέα
451 848 526 904 τὴν
553 848 702 892 ἑαυτοῦ
726 849 950 906 σύγκλητον
980 856 1117 896 πᾶσαν
1151 856 1219 897 καὶ
1250 855 1348 905 τούς
1370 856 1412 898 ἔν
1432 857 1526 917 ἀξίᾳ
1546 860 1614 901 καὶ

91 921 138 958 10
147 913 286 966 πάσας
304 916 379 967 τὰς
397 915 514 961 ἔνδον
531 922 605 961 τοῦ
628 920 829 962 παλατίου
854 919 980 970 οἷὲσας
999 920 1216 978 στρατιάς,
1248 922 1306 973 ὦς
1328 924 1533 980 ἒντιζιιους,
1571 927 1614 969 ἔν

145 987 206 1043 τῷ
227 989 356 1043 καιρῷ
377 990 450 1028 τοῦ
472 991 694 1042 χειμῶνος,
732 986 798 1030 ὅτε
826 988 878 1031 τὰ
898 989 1095 1043 πολεμικὰ
1113 990 1270 1034 ἔνδοσιν
1288 991 1378 1046 ἔχει.
1449 996 1516 1036 καὶ
1536 994 1612 1052 ἥρ-

145 1055 246 1104 ξατο
273 1051 463 1111 πρώτους
496 1059 632 1098 καλεῖν
658 1058 724 1098 καὶ
749 1057 909 1114 τρέφειν
929 1058 1027 1108 τοὺς
1047 1058 1127 1102 ἀπὸ
1150 1064 1225 1102 τοῦ
1242 1060 1356 1117 ἄλφα
1378 1059 1545 1116 ἕξοντας
1564 1064 1611 1107 τό

147 1119 303 1176 ὄνομα,
341 1124 407 1165 καὶ
437 1123 580 1167 λοιπὸν
609 1122 849 1175 ἀκολούθως
887 1126 963 1176 ἕως
991 1130 1065 1169 τοῦ
1090 1130 1322 1171 τελευταίου
1351 1127 1608 1186 γράμματος,

146 1187 337 1240 κελεύσας
367 1192 434 1233 καὶ
462 1191 537 1247 τὴν
565 1191 714 1236 ἑαυτοῦ
746 1191 969 1249 σύγκλητον
998 1195 1159 1253 θρέψαι
1187 1201 1246 1255 τῷ
1274 1196 1387 1256 αὐτῷ’
1418 1197 1608 1254 σχήματι.

87 1262 134 1299 15
146 1259 213 1301 καὶ
238 1258 427 1316 ἔθρεψαν
452 1262 519 1303 καὶ
545 1260 662 1304 αὐτοὶ
690 1261 762 1304 τὸν
792 1262 970 1319 στρατὸν
1001 1263 1165 1308 ἅπαντα
1192 1267 1260 1308 καὶ
1281 1265 1352 1316 οὓς
1371 1266 1603 1320 ἐβούλοντο.
1628 1283 1661 1318 Ε

145 1326 186 1370 οἳ
205 1321 279 1370 οὖν
298 1325 470 1371 ἑκάστου
491 1328 674 1385 ἀριθμοῦ
696 1333 918 1387 πανδοῦροι
936 1331 1017 1375 ἀπὸ
1036 1331 1210 1390 ἑσπέρας
1230 1333 1415 1385 ἀπιόντες
1435 1338 1493 1387 εἷς
1513 1337 1607 1388 τοὺς

143 1394 281 1446 οἷ’κους
305 1401 388 1439 τῶν
413 1396 670 1441 καλεσάντων
696 1398 847 1450 αὗτούς
872 1399 931 1442 ἐπ’
962 1400 1115 1460 ἀρίστῳ
1145 1404 1201 1453 εἷς
1226 1402 1300 1458 τὴν
1329 1401 1422 1459 ἑξῆς
1453 1403 1607 1460 ηὔλουν

141 1464 247 1520 πρὸς
275 1464 323 1508 τὸ
349 1469 499 1521 γνῶναι
531 1468 679 1510 ἐκεῖνον
716 1467 776 1511 ὅτι
804 1468 898 1525 παρ’
930 1469 1043 1529 αὐτῷ
1070 1471 1288 1528 τρέφονται
1315 1471 1470 1528 αὔριον.
1540 1476 1608 1517 καὶ

142 1532 310 1588 κατέσχε
333 1532 382 1577 τὸ
411 1533 512 1585 ἔθος
537 1539 622 1578 τῶν
638 1539 913 1592 Βρουιυιλίων
932 1539 976 1581 ἓν
1001 1543 1053 1595 τῇ
1076 1537 1286 1594 Ῥωμαίων
1311 1542 1493 1600 πολιτείᾳ
1526 1542 1602 1592 ἕως
1624 1558 1656 1591 0
1680 1559 1751 1594 223

85 1605 216 1656 ΞΟτῆς
240 1606 324 1646 νῦν.
393 1606 517 1646 τοῦτο
544 1604 589 1646 δὲ
614 1605 798 1660 ἐποίησεν
821 1603 842 1648 ὅ
864 1606 988 1657 αὐτὸς
1007 1605 1186 1662 Ῥῶμος,
1222 1609 1359 1650 θέλων
1390 1609 1602 1664 ἐξαλεῖψαι

141 1669 216 1724 τὴν
235 1667 384 1713 ἑαυτοῦ
410 1670 554 1728 ὕβριν,
593 1671 654 1715 ὅτι
683 1674 722 1716 οἱ
747 1671 935 1728 Ῥωμαῖοι
965 1676 1108 1732 ἐχθροὶ
1134 1676 1261 1719 αὐτοῦ
1290 1675 1400 1726 ὄντες
1433 1679 1501 1719 καὶ
1533 1696 1604 1732 μι-
1631 1694 1661 1728 v
1683 1695 1729 1731 76

137 1742 309 1788 σοῦντες
337 1738 461 1782 αὐτὸν
484 1742 551 1782 καὶ
579 1743 860 1798 λοιδοροῦντες
894 1742 1027 1798 ἔλεγον
1059 1742 1122 1786 ὅτι
1149 1743 1222 1787 οὖκ
1242 1745 1361 1800 ἐχρῆν
1380 1744 1506 1788 αὐτὸν
1521 1751 1605 1800 βα-

140 1810 323 1850 σιλεῦσαι
351 1807 638 1865 ἕνυβρισμὲνον
669 1808 793 1863 ὄντα,
839 1808 941 1854 διότι
969 1812 1012 1863 ἐξ
1041 1811 1266 1870 ἀλλοτρίων
1294 1810 1533 1870 ἐτράφησαν
1566 1816 1606 1858 οἱ

231 1904 267 1939 3.
290 1899 474 1949 εὔμορφα]
498 1904 595 1939 Fort.
621 1902 816 1951 εὔμορφοι.
894 1908 949 1943 10.
973 1906 1145 1955 στρατιὰς
1162 1908 1302 1952 Chron.,
1324 1909 1515 1957 στρατείας
1534 1910 1604 1945 Ox.

231 1950 288 1984 12.
309 1948 480 1995 πρώτους
501 1951 651 1995 Chron.,
673 1953 820 1999 πρῶτος
841 1953 908 1988 Ox.
963 2000 965 2003 r

135 2027 188 2063 rit
208 2028 328 2063 mulier
350 2029 516 2075 quaedam
539 2031 702 2075 agrestis,
726 2043 813 2077 quae
835 2043 957 2078 greges
979 2032 1091 2068 ovium
1114 2034 1296 2080 pascebat:
1328 2035 1413 2070 haec
1434 2046 1516 2070 vero
1539 2035 1602 2069 mi-

138 2078 254 2110 serata
276 2076 437 2121 puerulos
467 2077 661 2121 elegantes,
691 2089 749 2113 eos
772 2078 862 2112 lacte
884 2090 944 2113 suo
967 2080 1141 2115 enutrivit.
1189 2081 1229 2114 ln
1255 2092 1297 2115 ea
1327 2086 1440 2116 autem
1462 2081 1603 2125 regione

138 2131 247 2165 usque
269 2120 383 2156 adhuc
412 2122 516 2157 etiam
539 2129 706 2158 rurestres
737 2124 812 2158 illas
835 2124 947 2159 ovium
969 2125 1144 2167 custodes,
1179 2127 1316 2172 Lupas,
1347 2124 1523 2161 'vocitantz
1561 2131 1601 2160 ut

139 2177 230 2212 quae
249 2165 341 2202 inter
370 2167 466 2214 lupos
487 2168 591 2203 vitam
616 2181 707 2204 suam
738 2170 939 2215 transigunt.
995 2171 1172 2206 Brumalia
1194 2176 1307 2207 autem
1330 2184 1419 2216 quae
1441 2172 1601 2206 dicuntur

137 2211 287 2247 instituit
309 2213 490 2256 Romulus,
527 2215 614 2249 hanc
637 2216 680 2250 ob
705 2227 856 2250 causam:
896 2228 936 2251 eo
961 2217 1051 2261 quod
1073 2218 1296 2252 necessarium
1327 2218 1440 2259 duxit,
1473 2222 1512 2251 ut
1535 2218 1600 2262 hy-

138 2258 246 2292 berno
267 2262 432 2304 tempore,
458 2271 532 2294 cum
555 2261 719 2296 bellorum
742 2262 899 2296 induciae
918 2266 1014 2304 sunt,
1036 2262 1112 2297 Rex
1135 2275 1197 2309 pro
1221 2268 1385 2309 tempore,
1408 2262 1599 2307 quicunque

137 2303 264 2346 fuerit,
289 2310 440 2340 senatum
462 2317 590 2341 omnem
612 2307 866 2353 Procax-esque,
891 2308 1065 2343 Palatinos
1087 2309 1168 2343 item
1190 2309 1333 2351 militm,
1356 2307 1492 2343 honoris
1517 2319 1598 2341 cau-

137 2359 196 2391 sa,
231 2350 393 2385 conviviis
415 2351 601 2398 exciperet.
645 2353 775 2387 Primos
797 2354 915 2399 itaque
937 2353 981 2388 ad
1004 2354 1190 2389 convivium
1211 2356 1371 2396 vocavit,
1406 2353 1467 2399 qui
1490 2354 1598 2388 nomi-

136 2405 185 2429 na
205 2407 269 2430 sua
291 2397 334 2430 ab
355 2397 467 2443 Alpha
490 2398 774 2440 exordiebantur;
799 2404 835 2434 et
857 2399 906 2433 sic
926 2399 1104 2445 deinceps,
1128 2411 1187 2434 suo
1211 2411 1361 2445 quosque
1384 2398 1515 2440 ordine,
1539 2411 1598 2432 us-

139 2451 207 2486 que
235 2440 282 2475 ad
303 2441 452 2477 ultimam
474 2444 657 2490 Alphabeti
690 2444 835 2479 literam.
893 2445 999 2480 Jussit
1032 2445 1154 2488 etiam,
1192 2451 1231 2479 ut
1254 2446 1399 2479 Senatus
1434 2444 1594 2489 populum

138 2486 255 2520 eodem
276 2487 375 2523 modo
398 2488 574 2527 invitaret.
633 2491 753 2536 Itaque
776 2491 944 2526 vocabant
975 2491 1077 2525 etiam
1101 2492 1137 2525 hi
1159 2491 1341 2525 exercitum
1365 2501 1515 2531 omnem,
1557 2495 1596 2524 et

135 2541 352 2578 quoscunque
373 2540 556 2579 praeterea
583 2536 754 2571 volebant.
800 2537 1015 2581 Singularum
1037 2548 1121 2571 vero
1143 2543 1326 2571 turmarum
1356 2534 1615 2576 Panduristae,·

137 2575 250 2622 pridie
282 2579 325 2612 ad
347 2591 522 2626 vesperam
551 2580 648 2616 ibant
669 2582 714 2617 ad
738 2582 993 2618 convivatorum
1024 2583 1142 2625 aedes,
1185 2581 1380 2625 ibidemque
1414 2581 1595 2621 canebant,

137 2632 244 2666 usque
266 2623 312 2657 ad
332 2630 526 2670 sequentem
550 2627 660 2669 diem,
700 2628 750 2663 uti
774 2628 898 2663 scirent
919 2628 1010 2674 apud
1034 2639 1132 2673 quem
1156 2630 1265 2661 essent
1287 2625 1453 2672 postridie
1477 2627 1596 2672 epula-

137 2666 226 2702 turi:
268 2679 357 2713 quae
412 2671 522 2707 uidem
544 2673 717 2708 Brumalia
738 2674 774 2708 in
795 2674 928 2720 Repub.
950 2674 1103 2709 Romana
1126 2673 1341 2707 celebrantur
1363 2671 1407 2706 ad
1430 2672 1517 2706 hunc
1538 2684 1594 2706 us-

161 2723 204 2747 ue
227 2713 325 2748 diem.
408 2729 448 2752 oc
469 2721 580 2753 autem
599 2731 640 2754 eo
664 2719 772 2754 animo
795 2721 880 2755 fecit
894 2720 1065 2761 Romulm,
1090 2722 1128 2752 ut
1143 2717 1304 2752 maculam
1328 2716 1470 2759 deleret,
1494 2729 1593 2762 quam

171 2758 301 2801 omani,
338 2760 398 2805 qui
419 2762 453 2797 ei
472 2763 595 2798 infensi
618 2770 715 2799 erant
736 2765 964 2811 oderantque,
997 2768 1118 2799 contra
1145 2774 1221 2798 eum
1250 2763 1470 2798 contumeliae
1491 2775 1593 2798 causa

136 2805 374 2848 objectabant,
410 2807 581 2854 indignum
614 2811 744 2846 scilicet
766 2823 840 2846 eum
873 2823 944 2846 esse
967 2810 1026 2855 qui
1058 2813 1241 2854 regnaret,
1279 2809 1508 2849 affirmantes;
1551 2820 1592 2843 eo

136 2850 229 2895 'qnod
250 2851 384 2886 infamis
405 2858 493 2889 esset
513 2855 672 2891 nominis=
709 2860 749 2891 ut
770 2857 852 2903 qui,
887 2867 961 2892 cum
982 2856 1114 2897 fratre,
1148 2854 1258 2890 aliena
1280 2853 1410 2902 quadra
1431 2853 1590 2896 vixisset3
