1838 3230
259 218 356 267 194
653 211 944 257 IOANNIS
973 212 1317 258 MALALAE

255 353 325 386 νος
356 334 466 390 νίκης
493 332 561 389 ξ’τη
579 329 711 393 „51vass
781 326 832 386 ἦν
854 331 898 374 δὲ
914 329 1006 375 τότε
1030 331 1236 391 ἀρχιερεὺς
1252 336 1336 376 τῶν
1350 331 1558 377 Ἰουδαίων
1576 331 1598 377 ὃ
1617 332 1713 378 Ἀδ-

256 402 366 454 δούς.

106 481 139 515 Ο
163 479 232 518 247
352 468 507 525 Ἐλύθη
530 470 575 512 δὲ
593 465 683 511 τότε
707 467 760 510 τὰ
783 466 969 524 Περσικὰ
990 467 1093 525 μέρη
1116 470 1183 512 καὶ
1203 469 1256 512 τὰ
1275 469 1461 523 βασίλεια
1482 464 1622 524 αὐτῆς,
1644 470 1713 512 καὶ

254 536 630 584 κατεὸυνάστευσαν
659 536 698 578 οἳ
727 533 967 585 Μακεδόνες
996 539 1063 579 καὶ
1083 537 1346 593 Ἀλέξανδρος
1378 536 1480 591 μετὰ
1510 541 1593 580 τῶν
1624 534 1712 591 ἅμα

256 609 368 666 αὐτῷ
398 603 623 660 συμμάχων
649 608 722 658 τῆς
749 608 822 659 γῆς
842 605 1065 647 Χαλδαίων
1088 607 1154 647 καὶ
1179 604 1337 660 Μήδων
1359 607 1426 647 καὶ
1446 608 1623 662 Περσῶν
1641 605 1744 652 καὶὸ

134 683 166 717 V
191 683 237 718 82
259 675 474 733 Πάρθων·
509 675 576 716 καὶ
600 670 832 727 νικήσαντες
861 674 927 714 καὶ
954 670 1221 729 φονεύσαντες
1247 674 1319 716 τὸν
1338 675 1517 730 Δαρεῖον
1526 673 1552 724 ,’
1577 674 1713 728 &0⁷72-

253 751 335 788 θον
365 746 420 792 εἷς
446 741 499 784 τὰ
528 742 715 794 βασίλεια
745 744 818 782 τοῦ
851 740 975 782 αὐτοῦ
1005 742 1198 797 Δαρείου.
1270 744 1336 784 καὶ
1365 742 1660 796 ἐνομοθέτησεν
1688 738 1710 783 ὃ

255 812 380 861 αὐτὸς
400 809 664 862 Ἀλέξανδρος
680 807 755 862 τὴν
773 805 912 864 χώραν
931 808 1067 851 αὐτῶν
1088 811 1156 851 καὶ
1176 810 1432 864 ἐβασίλευσεν
1450 809 1585 852 αὐτῶν
1598 823 1609 833 ·
1644 810 1711 851 καὶ

254 881 417 936 ἤγειραν
447 878 558 935 αὐτῷ
589 877 627 919 οἶ
654 877 815 933 Πέρσαι
839 874 990 932 στήλην
1013 876 1186 933 ἔφιππον
1205 882 1361 932 χαλκῆν
1382 879 1437 927 εἷς
1459 880 1707 931 Βαβυλῶνα,

254 949 342 1004 ἣτις
357 949 522 989 ἵσταται
543 945 616 994 ἕως
635 949 708 999 τῆς
726 949 819 987 miv,
1720 953 1766 988 10

350 1015 399 1058 ‘0
418 1015 462 1057 δὲ
481 1013 602 1063 αὐτὸς
615 1012 878 1068 Ἀλέξανδρος
896 1011 970 1067 τὴν
990 1011 1200 1070 θυγατέρα
1221 1013 1399 1069 Δαρείου
1418 1016 1491 1056 τοῦ
1511 1012 1710 1069 βασιλέως

252 1088 427 1142 Περσῶν
445 1079 647 1136 Ῥωξάνην
666 1080 806 1135 λαβὼν
827 1078 1099 1135 αἰχμάλωτον,
1132 1082 1340 1137 παρθένον
1363 1077 1504 1133 οὖσαν,
1539 1078 1708 1136 ἠγάγετο

253 1155 310 1202 εἷς
342 1156 524 1208 γυναῖκα.
595 1149 799 1205 παρέλαβε
831 1150 875 1191 δὲ
909 1149 975 1191 καὶ
1007 1147 1141 1192 πάντα
1169 1149 1222 1191 τὰ
1251 1149 1398 1191 Ἰνδικὰ
1428 1149 1531 1205 μέρη
1561 1151 1628 1192 καὶ
1657 1149 1711 1192 τὰ

252 1222 439 1275 βασίλεια
462 1217 597 1260 αὐτῶν
620 1215 640 1259 ὅ
667 1217 790 1266 αὐτὸς
805 1216 1080 1273 Ἀλέξανδρος,
1118 1217 1257 1272 λαβὼν
1277 1219 1345 1260 καὶ
1363 1221 1517 1273 Πῶρον
1536 1217 1608 1260 τὸν
1627 1221 1708 1271 βα-
1769 1242 1774 1245 ’

251 1289 366 1331 σιλέα
385 1287 524 1329 Ἰνδῶν
547 1282 825 1340 αἰχμάλωτον·
862 1286 929 1327 καὶ
951 1285 1004 1326 τὰ
1026 1285 1130 1328 ἄλλα
1151 1284 1286 1328 πάντα
1304 1285 1358 1328 τὰ
1375 1290 1457 1329 τῶν
1476 1286 1610 1328 ἐθνῶν
1627 1290 1709 1339 βα-
1720 1289 1763 1325 15

253 1357 381 1399 σι’λεια
416 1355 510 1410 δίχα
540 1358 613 1408 τῆς
644 1353 851 1406 βασιλείας
876 1356 949 1407 τῆς
975 1352 1197 1408 Κανδάκης
1225 1357 1299 1408 τῆς
1327 1351 1460 1410 χήρας
1486 1357 1560 1408 τῆς
1585 1358 1710 1408 βασι-

199 1430 230 1464 Β
254 1421 450 1478 λευούσης
486 1425 568 1464 τῶν
607 1420 824 1476 ἐνδοτέρων
861 1419 1020 1463 Ἰνδῶν·
1073 1419 1162 1475 ἣτις
1196 1420 1437 1475 συνελάβετο
1474 1421 1546 1464 τὸν
1583 1421 1708 1465 αὐτὸν

245 1492 510 1547 Ἀλέξανδρον
528 1493 585 1547 τῷ
607 1487 744 1546 τρόπῳ
765 1486 910 1546 τούτῳ.

344 1558 474 1608 Ἔθος
501 1556 601 1612 εἶχεν
629 1556 650 1600 ὃ
682 1556 805 1606 αὐτὸς
826 1555 1088 1612 Ἀλέξανδρος
1102 1555 1206 1610 μετὰ
1228 1559 1309 1599 τῶν
1330 1555 1594 1612 πεμπομένων
1609 1555 1703 1612 παρ’

253 1628 381 1670 αὐτοῦ
409 1630 666 1683 πρεσβευτῶν
697 1625 801 1682 πρὸς
826 1624 922 1674 τοὺς
950 1626 1153 1673 ἐναντίους
1178 1629 1358 1677 βασιλεῖς
1385 1625 1637 1680 εῗσέρχεσθαι
1662 1625 1704 1668 ἐν
1714 1630 1761 1667 20

252 1694 429 1750 σχήματι
459 1691 710 1750 στρατιώτου
746 1695 813 1735 καὶ
844 1690 945 1748 ὁρᾶν
976 1690 1112 1742 ὁποῖός
1141 1693 1248 1734 ἔστιν
1278 1690 1299 1734 ὃ
1327 1692 1518 1746 βασιλεὺς
1545 1694 1704 1742 ἐκεῖνος.

251 1761 278 1818 ἦ
301 1764 345 1805 δὲ
366 1760 561 1816 Κανδάκη
582 1764 803 1817 βασίλισσα
824 1765 1024 1814 μαθοῦσα
1049 1763 1170 1803 τοῦτο
1185 1793 1196 1811 ,
1231 1759 1533 1817 περιειργάσατο
1564 1759 1706 1810 ὁποίας

252 1832 338 1874 ἐστὶ
359 1830 463 1880 θέας
481 1832 547 1872 καὶ
569 1831 612 1872 τί
627 1829 703 1884 ἔχει
722 1827 945 1884 σύσσημον.
1015 1830 1083 1870 καὶ
1111 1828 1260 1886 ἔρρέθη
1283 1829 1387 1886 αὐτῇ
1411 1828 1473 1872 ὅτι
1491 1830 1574 1871 ἐστὶ
1588 1833 1704 1884 χθα-

344 1952 375 1986 1.
413 1946 582 1993 Ἅδδοῦς]
609 1945 802 1990 ,,Ἰαδδοῦς
822 1947 1052 1989 scribendum,
1079 1958 1182 1994 supra
1204 1946 1407 1990 monuimus,
1430 1958 1472 1982 ex
1494 1947 1644 1983 Eusebio
1667 1952 1703 1983 et

343 1995 512 2030 Chronico
535 1996 631 2030 Alex.
650 1995 801 2030 Zonaras
817 1992 926 2029 Ἰωοὶδ
948 1996 1090 2029 vocat.“
1136 1993 1200 2030 ch.

252 2102 370 2134 rantur
392 2106 563 2131 monnvn.
611 2096 690 2137 Quo
723 2101 877 2142 tempore
899 2097 1002 2132 etiam
1033 2095 1235 2131 Judaeorum
1255 2094 1416 2130 Pontifex
1446 2093 1604 2130 maximus
1625 2098 1703 2131 erat

253 2145 378 2179 Addus.

341 2189 504 2223 Solutum«
525 2186 572 2221 sic
595 2187 661 2220 fuit
692 2198 831 2230 regnum
854 2188 1044 2230 Persicum
1091 2186 1255 2231 cessitque
1287 2185 1478 2220 Alexandro
1510 2185 1702 2229 Macedoni,

253 2234 617 2277 commilitonibusque,
645 2232 901 2274 Chaldaeorum,
924 2234 1112 2275 Medorum,
1135 2234 1323 2274 Persarum,
1346 2232 1612 2276 Parthorumque
1635 2232 1702 2266 Im-

253 2280 392 2326 perium.
437 2279 582 2313 Devicto
614 2277 731 2320 itaque
766 2282 802 2311 et
833 2279 943 2313 occiso
974 2279 1096 2320 Dario,
1135 2289 1273 2322 regnum
1304 2274 1375 2321 ejus
1405 2277 1527 2311 invasit
1554 2278 1701 2312 Alexan-—

254 2328 339 2367 der,
377 2328 413 2359 et
443 2323 639 2369 regionibus
663 2324 734 2366 ejus
763 2324 842 2366 jura
873 2324 988 2358 dedit:
1030 2324 1085 2358 cui
1107 2327 1144 2358 et
1173 2324 1298 2357 Persae
1320 2323 1524 2368 Equestrem
1554 2333 1596 2356 ex
1619 2334 1701 2357 aere

252 2374 397 2405 statuam
421 2373 623 2410 erexerunt3
647 2368 703 2412 qui
726 2368 761 2401 in
784 2370 960 2413 Babylone
983 2370 1094 2404 adhuc
1116 2368 1248 2403 visitur.

342 2416 428 2450 Item
452 2415 655 2455 Alexander,
679 2413 777 2446 Darii
798 2414 975 2448 Persarum
999 2415 1089 2460 regis
1111 2415 1214 2448 filiam
1236 2414 1418 2454 Roxanem,
1439 2411 1617 2457 virginem,
1641 2423 1701 2447 ca-

252 2460 381 2506 ptivam
404 2462 547 2501 habens,
581 2459 618 2494 in
640 2469 775 2493 uxorem
799 2459 913 2501 duxit,
937 2461 995 2494 sed
1017 2466 1053 2495 et
1075 2460 1193 2494 Indica
1216 2460 1317 2494 etiam
1338 2468 1464 2502 regna,
1487 2463 1523 2492 et
1544 2458 1700 2503 regiones

253 2519 366 2542 omnes
389 2504 601 2550 subjugavit:
622 2505 832 2548 Porumque‚
856 2516 971 2549 regem
994 2515 1129 2545 eorum,
1155 2504 1324 2550 captivum
1346 2503 1496 2537 abduxit.
1536 2504 1700 2539 Gentium

253 2558 433 2597 praeterea
454 2562 561 2596 regna
583 2549 717 2594 subegit
739 2549 867 2591 omnia3
908 2555 1045 2594 praeter
1067 2551 1199 2584 unicum
1223 2548 1408 2592 Candacis‚
1446 2548 1619 2583 interioris
1640 2549 1699 2583 In-

254 2598 330 2676 diag
351 2598 515 2642 reginae,
546 2595 692 2630 mulieris
713 2595 859 2637 viduae,
896 2595 981 2630 haec
1001 2595 1086 2630 enim
1108 2594 1333 2630 Alexandrum
1354 2594 1460 2640 ipsum
1484 2595 1598 2640 oepit,
1631 2594 1697 2629 hoe

252 2654 304 2677 mo
330 2655 361 2679 0.

342 2687 526 2722 Alexandri
547 2698 616 2722 mos
639 2689 734 2727 erat,
757 2684 808 2719 uti
829 2684 925 2730 ipse,
949 2688 1043 2720 veste
1065 2685 1200 2719 militari
1221 2684 1372 2726 indutus,
1396 2684 1596 2719 Proceribus
1617 2684 1695 2728 suis,

250 2731 286 2765 in
309 2733 549 2777 Legationibus
581 2731 624 2765 ad
646 2743 744 2775 reges
768 2730 976 2766 adversarios
1007 2730 1187 2772 obeundis,
1233 2743 1268 2764 se
1292 2731 1444 2765 comitem
1476 2730 1694 2775 adjungeret:

251 2789 371 2822 nempe
393 2783 432 2812 ut
453 2778 523 2817 sic,
547 2776 662 2822 quales
685 2779 794 2810 essent
816 2787 933 2820 reges,
964 2776 1136 2811 edisceret.
1184 2776 1344 2810 candace
1367 2787 1448 2810 vero
1470 2776 1608 2820 regina,
1631 2776 1695 2809 hoc

252 2823 409 2866 cognito,
438 2822 568 2858 solicite
590 2821 779 2866 inquisivit,
814 2821 921 2866 qualis
943 2826 1028 2856 esset
1050 2823 1158 2856 forma
1180 2821 1391 2863 Alexander,
1414 2826 1449 2856 et
1472 2832 1554 2866 quas
1576 2820 1695 2855 habuit

252 2867 451 2913 insigniores
471 2873 579 2903 notas.
624 2866 759 2902 Edocta
782 2878 863 2902 vero
886 2878 960 2902 eum
983 2866 1198 2912 depressioris
1221 2879 1293 2902 esse
1313 2870 1475 2908 statinae,
1496 2866 1612 2901 dentes
1632 2876 1694 2899 au-
