1838 3230
281 204 379 254 174
675 200 966 248 IOANNIS
994 202 1330 253 MALALAE

278 319 301 365 ὅ
323 319 620 378 ἀνταγωνιστὴς
640 319 766 364 αὐτοῦ
789 315 924 379 ἐφόρει
940 319 987 366 τὸ
1009 328 1144 380 σχῆμα
1170 329 1245 369 τοῦ·
1271 329 1551 385 Ποσειδῶνος,
1588 326 1612 375 ὅ
1641 330 1726 377 ἔστι

276 394 358 433 τῶν
377 385 553 443 viadrum,
590 389 636 433 τὸ
658 387 807 432 κυανόν
820 403 831 415 ·
865 392 931 433 καὶ
951 389 972 434 ὅ
996 390 1224 448 ἡττώμενος
1243 394 1466 452 ἐφονεύετο.
1534 400 1601 442 καὶ
1622 402 1727 456 πλῆ-

225 468 257 504 c
278 463 359 508 θος
381 458 542 516 ἄπειρον
564 458 706 514 ἤρχετο
724 461 935 515 θεωρῆσαι
954 457 1025 502 τὸν
1052 459 1209 516 ἐτήσιον
1235 465 1445 516 βασιλικὸν
1472 465 1610 521 ἀγῶνα
1643 467 1724 512 ἀπὸ

274 525 445 581 ἑκάστης
460 525 599 584 χώρας
619 528 684 569 καὶ
705 524 878 576 πόλεως·
913 528 980 570 καὶ
1009 527 1049 570 οἳ
1072 529 1147 582 μὲν
1167 531 1241 579 τὰς
1259 534 1484 589 παραλίους
1504 533 1638 586 πόλεις
1660 538 1723 580 οἶ-

274 599 435 643 κοῦντες
471 597 536 636 καὶ
567 594 642 643 τὰς
669 591 818 649 νήσους
845 599 1005 639 πολῖται
1039 599 1105 639 καὶ
1132 595 1206 648 τὰς
1234 598 1373 654 κώμας
1404 601 1478 652 τὰς
1499 605 1755 661 παραλίους5

273 664 341 705 καὶ
382 666 527 705 ναῦται
559 663 731 718 ηὔχοντο
767 666 927 719 νικῆσαι
963 663 1034 707 τὸν
1074 671 1281 722 φοροῦντα
1310 666 1356 711 τὸ
1386 671 1535 714 κυανὸν
1569 676 1721 727 σχῆμα,

272 729 382 773 τοῦτ’
416 729 500 773 ἐστὶ
526 730 572 774 τὸ
600 735 673 774 τοῦ
702 735 983 785 Ποσειδῶνος,
1021 731 1287 789 οῗωνιζόμενοι
1317 735 1378 779 ὅτι
1406 738 1476 780 ἐὰν
1504 737 1668 797 ἡττηθῇ
1698 737 1720 782 ὃ

271 796 374 855 ὑπὲρ
393 803 466 841 τοῦ
480 801 739 849 Ποσειδῶνος
757 797 1055 855 ἀγωνιζόμενος,
1092 800 1265 857 ἔκλειψις
1282 802 1437 858 ἰχθύων
1450 807 1599 861 γίνεται
1615 825 1722 850 παν-

270 868 393 910 τοίων
427 869 494 910 καὶ
524 863 696 923 ναυάγια
726 866 943 922 θαλάσσης
977 869 1044 910 καὶ
1075 867 1230 925 ἀνέμων
1261 874 1405 925 βιαίων
1428 873 1609 930 ἀνάγκαι.
1680 875 1722 918 οἳ

271 936 318 978 δὲ
344 937 419 987 τὰς
443 938 672 997 μεσογείςυς
701 939 900 988 οἷκοῦντες
927 940 1088 979 πολῖται
1121 940 1187 981 καὶ
1214 937 1414 997 ἐπιχώριοι
1442 941 1619 1000 ἄγροικοι
1652 944 1719 986 καὶ
1729 952 1774 987 10

268 1003 418 1055 πάντες
440 1005 478 1047 οἶ
496 1006 537 1047 ἐν
555 1009 606 1061 τῇ
628 1007 796 1066 γεωργία
816 1005 1034 1060 κάμνοντες
1066 1006 1238 1062 ηὔχοντο
1266 1010 1424 1064 νικῆσαι
1450 1011 1520 1054 τὸν
1541 1014 1718 1068 φοροῦν-

268 1088 323 1115 τα
355 1073 402 1116 τὸ
428 1075 607 1127 χλοῶδες
635 1078 795 1127 σχῆμα,
832 1071 1097 1127 οἰωνιζόμενοι
1132 1074 1192 1118 ὅτι
1220 1076 1254 1118 εἰ
1284 1073 1448 1136 ἡττηθῇ
1481 1077 1502 1122 ὅ
1528 1077 1628 1136 ὖπὲρ
1647 1083 1720 1133 τῆς

268 1137 497 1197 Δημήτρας
527 1139 830 1196 ἀγωνιζόμενος,
886 1139 908 1185 ὅ
942 1141 1049 1185 ἔστιν
1075 1140 1176 1200 ὖπὲρ
1203 1147 1276 1198 τῆς
1306 1149 1403 1200 γῆς,
1456 1145 1573 1201 λιμὸς
1603 1148 1717 1190 σίτου

217 1218 249 1256 Ι)
270 1212 340 1251 καὶ
376 1208 518 1259 σπάνις
549 1208 658 1251 οἷ’νου
700 1211 765 1251 καὶ
793 1211 928 1253 ἐλαίου
973 1211 1040 1253 καὶ
1068 1215 1151 1254 τῶν
1187 1207 1321 1254 ἄλλων
1352 1219 1519 1270 καρπῶν
1554 1216 1715 1270 γίνεται.

267 1279 335 1320 καὶ
353 1278 505 1333 ἐνίκησε
523 1274 696 1326 πολλοὺς
715 1275 735 1319 ὁ
759 1276 961 1333 Οἷνόμαος
980 1276 1279 1334 ἀνταγωνιστὰς
1297 1283 1363 1323 καὶ
1381 1282 1444 1324 ἐπὶ
1468 1282 1600 1326 πολλοὶ
1620 1282 1688 1339 ἔτη
1702 1293 1712 1307 ’
1725 1293 1770 1329 15

267 1344 344 1400 εἶχε
360 1346 438 1401 γὰρ
459 1347 526 1388 καὶ
543 1343 613 1387 τὸν
627 1344 834 1401 Ἄψυρτον
851 1344 1094 1389 διδάσκοντα
1113 1346 1237 1390 αὐτὸν
1254 1346 1327 1403 τὴν
1339 1347 1540 1406 ἦνιοχικὴν
1557 1351 1711 1407 τέχνην.

265 1412 378 1464 ὅστις
403 1411 604 1467 Οἰνόμαος
622 1410 813 1468 ἧττηθεὶς
832 1411 909 1457 ὕπὸ
930 1414 1119 1464 Πέλοπος
1139 1420 1213 1458 τοῦ
1234 1418 1386 1460 Λυδοῦ
1409 1415 1624 1474 ἐφονεύθη.

261 1479 263 1483 ’
330 1480 335 1492 ’
370 1482 455 1524 Τὸν
480 1482 524 1524 δὲ
543 1480 703 1523 ἱππικὸν
724 1481 858 1537 ἀγῶνα
878 1485 1025 1525 τοῦτον
1044 1481 1230 1538 ἐπενόησε
1248 1488 1409 1541 πρῶτος
1426 1485 1632 1536 Ἐνυάλιός
1651 1503 1713 1536 τις

264 1545 433 1604 ὀνόματι
442 1582 455 1602 ,
492 1547 579 1599 υἱὸς
601 1549 882 1603 Ποσειδῶνος,
914 1548 1159 1606 ἀγαγόμενος
1178 1551 1250 1606 τὴν
1271 1551 1464 1608 Λιβύην,
1502 1555 1711 1611 θυγατέρα

263 1622 336 1674 τῆς
359 1618 462 1668 Ἰοῦς
482 1619 548 1660 καὶ
576 1621 648 1659 τοῦ
669 1619 800 1660 Πίκου
820 1617 945 1671 Διός,
984 1617 1027 1668 ὃς
1050 1616 1253 1674 κρατήσας
1270 1619 1321 1662 τὰ
1341 1623 1596 1677 μεσημβρινὰ
1606 1621 1708 1679 με’ρη
1719 1631 1767 1666 20

118 1691 152 1726 Ο
174 1692 239 1728 221
266 1684 425 1729 ἐκάλεσε
456 1685 530 1741 τὴν
566 1683 693 1740 αὐτὴν
719 1684 858 1743 χώραν
887 1687 928 1728 ἓν
964 1679 991 1743 ᾗ
1024 1688 1255 1741 ἐβασίλευσε
1286 1687 1455 1744 Λιβύην
1494 1692 1549 1741 εἷς
1581 1691 1711 1746 ὄνομα

264 1759 339 1810 τῆς
370 1754 498 1797 αὐτοῦ
530 1751 729 1810 γυναικός.
798 1754 870 1797 τὸν
897 1755 941 1797 δὲ
969 1752 1092 1798 αὐτὸν
1121 1755 1280 1799 ἱππικὸν
1306 1756 1442 1813 ἀγῶνα
1470 1756 1711 1809 ὃἘνυάλιος

354 1884 389 1921 6.
410 1884 474 1920 ’καὶ
496 1880 643 1932 ναῦται]
667 1884 801 1921 ναῦται
823 1882 949 1922 chron.
1041 1885 1095 1923 19.
1119 1883 1342 1935 ἀγαγόμενος
1364 1886 1503 1932 chron..
1525 1891 1594 1926 τοῦ
1614 1887 1707 1936 ἄγα-

352 1931 509 1977 γομένου
534 1931 601 1968 Ox.
646 1931 746 1966 Conf.
768 1943 870 1979 supra
891 1944 926 1978 p.
950 1930 1006 1970 12.
1028 1933 1071 1969 A.

262 2040 336 2091 ipse
359 2053 436 2079 usus
459 2048 530 2086 est3
560 2048 596 2079 et
619 2045 678 2090 qui
702 2049 821 2081 contra
843 2047 1018 2090 certabat,
1043 2043 1219 2093 Neptuni,
1243 2047 1420 2091 coeruleo,
1439 2045 1540 2093 juxta
1561 2047 1706 2093 speciem

263 2093 442 2136 Aquarum.
489 2091 607 2124 Victus
631 2097 741 2125 autem
766 2092 840 2127 neci
871 2093 1026 2127 dabatur.
1073 2094 1124 2128 Ad
1149 2095 1213 2128 hoc
1235 2092 1362 2138 regium
1386 2099 1421 2127 et
1444 2094 1705 2129 anniversarium

262 2137 445 2171 Certamen
466 2135 598 2170 infinita
620 2137 787 2171 hominum
809 2137 1008 2182 multitudo,
1033 2150 1074 2173 ex
1095 2138 1287 2183 regionibus
1310 2142 1415 2183 atque
1436 2139 1573 2173 urbibus
1599 2139 1705 2174 omni-

260 2182 323 2216 bus
360 2181 568 2215 confluebate
615 2182 663 2215 Et
684 2181 838 2216 maritimi
863 2184 996 2228 quidem
1027 2196 1067 2218 ac
1098 2184 1258 2226 insulani,
1291 2184 1347 2228 qui
1369 2184 1460 2219 vicos
1482 2185 1630 2219 litorales
1650 2185 1704 2219 in-

263 2227 439 2269 colebant,
464 2231 673 2271 nautaeque,
696 2229 865 2262 vovebant
880 2229 929 2262 illi
951 2229 1144 2271 victoriam,
1171 2230 1229 2274 qui
1253 2229 1459 2271 coeruleum,
1482 2230 1552 2264 sive
1569 2230 1705 2275 Neptu-

259 2271 294 2306 ni
319 2273 466 2306 habitum
488 2271 639 2306 ferebat:
665 2273 754 2317 quod
778 2274 1014 2315 existimarent,
1043 2283 1206 2319 magnam,
1230 2273 1258 2308 si
1281 2274 1473 2309 vinceretur
1494 2275 1533 2316 is,
1556 2275 1702 2309 futuram

258 2317 401 2363 piscium
437 2316 684 2352 omnifariorum
718 2318 912 2360 caritatem,
952 2319 1052 2354 maris
1085 2319 1265 2364 naufragia
1288 2324 1324 2353 et
1345 2325 1519 2355 ventorum
1541 2319 1702 2354 adverso-

255 2375 330 2397 rum
353 2361 576 2398 necessitates.
623 2363 772 2403 Contra,
809 2364 867 2408 qui
891 2364 1114 2399 continentem
1138 2366 1354 2406 habitabant,
1391 2364 1627 2399 mediterranei
1651 2364 1702 2399 ci-

254 2420 316 2442 ves
352 2412 388 2443 et
421 2408 609 2452 agricolae,
647 2411 722 2442 tota
753 2409 853 2442 etiam
890 2411 1069 2454 agrestium
1092 2411 1214 2451 turba,
1253 2410 1342 2444 illum
1364 2410 1499 2444 vincere
1522 2409 1700 2454 optabant,

255 2453 316 2499 qui
338 2453 482 2488 viridem
503 2454 645 2499 gerebat
667 2450 833 2487 habitum
856 2455 944 2496 rati,
966 2464 1118 2499 magnam
1141 2464 1292 2490 annonae
1311 2454 1482 2489 caritatem
1503 2466 1545 2489 ac
1567 2455 1700 2497 famem,

254 2499 395 2543 vinique
428 2504 463 2533 et
494 2499 560 2534 olei
590 2500 790 2544 frugumque
821 2499 961 2533 omnium
984 2501 1132 2545 inopiam
1155 2505 1360 2540 secuturam,
1392 2499 1421 2533 si
1443 2499 1636 2534 vinceretur
1657 2500 1698 2542 is,

257 2544 315 2589 qui
339 2557 401 2589 pro
426 2544 567 2588 Cybele,
590 2544 625 2578 id
649 2547 710 2584 est,
733 2543 844 2578 'l‘erra
867 2545 1077 2579 decertabat.
1122 2545 1284 2591 Superior
1307 2543 1454 2578 omnibus
1476 2544 1511 2578 in
1534 2546 1598 2578 hoc
1621 2557 1699 2580 cer-

254 2590 398 2631 tamine,
433 2601 494 2634 per
517 2590 634 2624 multos
656 2601 777 2630 annos,
815 2590 1004 2624 Oenomaus
1027 2591 1151 2624 evasit:
1185 2594 1224 2623 ut
1247 2588 1303 2634 qui
1326 2589 1501 2634 aurigandi
1524 2594 1630 2625 artem
1652 2590 1696 2625 ab

256 2635 404 2713 Apsyrto
429 2635 567 2669 edoctus
590 2639 686 2670 esset.
736 2634 887 2669 Tandem
904 2646 985 2670 vero
1008 2635 1100 2680 ipse,
1124 2647 1145 2669 a
1167 2634 1294 2680 Pelope
1316 2635 1412 2680 Lydo
1436 2634 1564 2678 victus,
1587 2639 1696 2670 morte

257 2690 311 2713 mu
326 2684 413 2714 tatus
437 2684 497 2715 est.

347 2725 523 2769 Equestris
542 2729 652 2760 autem
669 2724 866 2760 certaminis
887 2728 1008 2760 auctor
1031 2725 1153 2770 primus
1176 2727 1250 2759 erat
1271 2724 1433 2770 Enyalius
1450 2725 1583 2770 quidam
1607 2723 1694 2760 filius

255 2768 411 2813 Neptuni
439 2771 546 2813 illius,
583 2772 642 2816 qui
664 2772 827 2815 Libyam,
861 2771 953 2806 Jovis
975 2770 1049 2804 Pici
1080 2783 1121 2805 ex
1142 2770 1184 2804 Jo
1207 2770 1327 2812 filiam,
1363 2771 1398 2804 in
1420 2782 1554 2805 uxorem
1577 2770 1694 2811 duxit3

257 2815 386 2859 quique
407 2815 561 2860 regiones
585 2816 628 2850 ad
651 2817 823 2851 meridiem
844 2819 1023 2860 vergentes
1043 2815 1078 2849 in
1101 2819 1301 2861 potestatem
1330 2827 1421 2850 suam
1443 2816 1616 2856 redactas,
1649 2816 1693 2849 ab

255 2861 369 2894 uxoris
400 2861 549 2904 nomine,
585 2862 728 2907 Libyam
759 2862 954 2909 appellavit.
1000 2861 1170 2907 Equestre
1192 2865 1303 2896 autem
1324 2862 1389 2896 hoc
1410 2865 1578 2896 certamen
1599 2859 1692 2904 Bigis
