1838 3230
294 177 395 225 364
693 174 979 220 IOANNIS
1006 177 1347 223 MALALAE

292 289 436 335 πόλου.
508 289 619 342 ὅστις
643 294 832 348 βασιλεὺς
862 293 1085 339 ἕλιτάνευσε
1113 298 1216 351 μετὰ
1239 302 1312 353 τῆς
1329 296 1563 355 συγκλήτου
1584 301 1745 346 καὶτοῦ

293 358 415 415 ὄχλου
437 361 503 402 καὶ
522 364 596 402 τοῦ
616 359 766 417 κλήρου
783 361 1034 418 ἀνυπόδητος
1054 365 1115 406 ἐπὶ
1133 364 1285 421 ἡμέρας
1305 365 1471 418 πολλάς.

389 427 456 471 Ἐν
476 427 586 485 αὐτῷ
606 430 649 470 δὲ
669 433 724 487 τῷ
744 428 875 488 χρόνῳ
896 426 997 484 ἦλθε
1019 437 1203 487 πολεμῶν
1216 432 1426 488 Ῥωμαίοις
1436 432 1644 491 Βλάσσης,
1662 440 1745 490 βα-

173 501 205 536 O
229 505 274 540 67
297 496 430 546 σιλεῦς
451 499 622 551 Περσῶν
637 510 646 519 ·
683 499 748 540 καὶ
769 498 885 553 γνοὺς
906 497 927 542 ὅ
949 501 1138 553 βασιλεὺς
1155 500 1362 556 Ῥωμαίων
1382 505 1544 559 ἐποίησε
1565 520 1746 559 στρατη-

291 562 419 619 λάτην
438 563 640 619 ἀνατολῆς
667 565 738 607 τὸν
756 568 963 623 πατρίκιον
977 567 1214 624 Προκόπιον
1242 572 1309 612 καὶ
1333 570 1511 625 ἔπεμψεν
1529 571 1654 614 αὐτὸν
1669 589 1742 625 με·
1754 581 1776 616 5

290 631 342 675 τὰ
372 632 578 682 ἒξπεδίτου
610 637 845 688 πολεμῆσαι.
912 636 1129 689 μέλλοντος
1159 639 1202 680 δὲ
1230 638 1357 681 αὐτοῦ
1385 637 1632 692 συμβάλλειν
1649 637 1744 694 ἐδή-

289 703 417 741 λωσεν
437 698 548 756 αὐτῷ
569 697 589 742 ὃ
607 702 798 754 βασιλεὺς
815 706 990 758 Περσῶν
1009 702 1070 747 ὅτι
1096 707 1148 747 Εἰ
1173 705 1248 760 ἔχει
1267 706 1313 749 τὸ
1332 704 1533 757 ἓξπέδιτόν
1553 723 1629 749 σου
1647 705 1744 751 ὅλον

290 766 421 823 ἄνδρα
446 765 666 821 δυνάμενον
688 775 971 824 μουνομαχῆσαι
1001 774 1066 814 καὶ
1096 778 1253 828 νικῆσαι
1277 775 1344 816 ἵνα
1367 775 1533 829 Πέρσην
1558 779 1744 828 προβαλ-

238 846 269 882 Β
292 833 460 889 λόμενον
479 835 571 891 παρ’
594 838 693 891 ἐμοῦ
703 870 716 888 ,
742 839 895 888 εὐθέως
914 844 1016 882 ποιῶ
1040 839 1092 883 τὰ
1113 840 1247 884 πάκτα
1267 846 1340 897 τῆς
1359 841 1518 897 εἰρήνης
1536 843 1598 884 ἐπὶ
1618 843 1687 898 ἔτη
1707 840 1743 886 ν’

288 905 355 946 καὶ
378 902 429 945 τὰ
449 903 634 964 ἔξιὲθους
656 904 910 962 παρεχόμενα
928 909 1054 964 δῶρα.
1124 911 1191 951 καὶ
1215 908 1369 952 τούτων
1394 909 1598 960 δοξάντων
1618 928 1739 966 προε-
1753 920 1797 954 10

286 969 437 1025 βάλετο
470 969 491 1013 ὅ
527 973 719 1027 βασιλεὺς
753 978 928 1031 Περσῶν
962 976 1005 1018 ἐκ
1044 980 1117 1018 τοῦ
1156 975 1362 1033 τάγματος
1400 983 1482 1020 τῶν
1521 979 1742 1034 λεγομένων

288 1037 511 1082 ἀθανάτων
534 1042 702 1097 Πέρσην
724 1041 891 1096 ὀνόματι
903 1042 1173 1099 Ἀρὸαζάνην,
1212 1045 1250 1088 οἶ
1276 1047 1319 1088 δὲ
1332 1044 1520 1100 Ῥωμαῖοι
1538 1045 1741 1102 Ἀρεόβιν-

289 1105 360 1149 ὁόν
381 1124 470 1149 τινα
487 1111 528 1150 Γ
525 1107 666 1162 ότθον,
688 1109 845 1166 κόμητα
863 1111 1125 1168 φοιὸεράτων.
1182 1115 1247 1155 καὶ
1269 1114 1443 1168 ἐξῆλθον
1464 1114 1503 1156 οἳ
1523 1112 1595 1156 δύο
1621 1114 1742 1170 ἔφιπ-

163 1181 198 1216 0
220 1183 266 1218 68
290 1193 356 1217 ποι
385 1177 450 1217 καὶ
480 1175 650 1220 ἔνοπλοι.
721 1177 742 1222 ὁ
774 1181 818 1222 δὲ
842 1178 1095 1235 Ἀρεόβινὸος
1122 1179 1316 1234 ἒβάσταζε
1337 1184 1403 1224 καὶ
1423 1179 1611 1237 σωκάρην
1635 1182 1741 1225 κατὰ

287 1243 334 1286 τὸ
358 1246 399 1285 Γ
396 1245 562 1288 οτθικὸν
588 1244 697 1295 ἔθος.
768 1252 931 1301 πρῶτος
959 1249 1002 1290 δὲ
1031 1246 1051 1291 ὅ
1071 1249 1238 1304 Πέρσης
1258 1249 1419 1306 ὥρμησε
1436 1250 1538 1304 μετὰ
1557 1254 1627 1292 τοῦ
1646 1268 1738 1293 κον·
1752 1259 1794 1294 15

167 1317 200 1352 O
223 1319 269 1355 69
294 1315 389 1354 τοῦ·
435 1314 503 1354 καὶ
542 1312 767 1366 πλαγιάσας
797 1314 817 1357 ὅ
841 1313 1094 1371 Ἀρεόβινὸος
1129 1318 1190 1358 ἐπὶ
1228 1318 1275 1360 τὸ
1306 1317 1434 1368 δεξιὸν
1466 1316 1593 1360 αὑτοῦ
1617 1317 1740 1374 μέρος

285 1377 517 1422 ἓσόκκευσεν
554 1379 699 1434 αὐτόν,
745 1385 810 1424 καὶ
842 1384 1083 1439 κατενεγκών
1110 1385 1153 1426 ἐκ
1181 1389 1254 1427 τοῦ
1283 1387 1408 1427 ἵππου
1441 1385 1601 1442 ἔσφαξε.
1671 1387 1739 1428 καὶ

283 1447 424 1490 λοιπὸν
447 1445 468 1490 ὅ
490 1449 681 1500 βασιλεὺς
699 1453 874 1506 Περσῶν
902 1451 1061 1505 ἐποίησε
1082 1450 1216 1493 πάκτα
1239 1451 1419 1509 εἰρήνης·
1455 1457 1521 1495 καὶ
1553 1453 1738 1496 ἀνελθὼν

282 1515 386 1570 μετὰ
414 1515 487 1570 τὴν
513 1518 624 1572 νίκην
654 1515 675 1560 ὅ
709 1518 831 1568 αὐτὸς
856 1517 1106 1574 Ἀρεόβινὸος
1135 1521 1177 1562 ἒν
1202 1519 1628 1564 Κωνσταντινουπόλει
1662 1521 1737 1564 σῧν

232 1594 264 1629 c
287 1588 344 1642 τῷ
374 1583 634 1642 στρατηλάτῃ
656 1587 880 1646 Προκοπίῳ
901 1588 966 1629 καὶ
987 1586 1294 1645 εὐχαριστηθεὶς
1311 1588 1422 1645 παρὰ
1444 1593 1516 1631 τοῦ
1537 1590 1793 1644 βασιλέωςὲο

282 1649 475 1710 προήχθη
496 1651 663 1703 ὕπατος.

378 1717 427 1763 ‘O
453 1720 574 1771 αὐτὸς
609 1722 654 1764 δὲ
678 1721 870 1775 βασιλεῦς
894 1722 1077 1778 ἐποίησεν
1108 1723 1305 1782 ἐπαρχίαν
1313 1756 1328 1777 ,
1377 1723 1627 1781 ἄπομερίσας
1656 1723 1738 1768 ἀπὸ

373 1831 428 1866 15.
449 1827 581 1867 πόντου
605 1830 671 1866 Ox.

1478 1877 1489 1892 0

282 1923 380 1955 rator
399 1921 535 1968 itaque,
561 1935 633 1959 cum
656 1924 786 1960 Senatu
810 1925 1002 1971 populoque
1025 1928 1061 1961 et
1084 1926 1173 1961 clero
1196 1926 1375 1968 universo,
1398 1924 1504 1960 nudus
1526 1923 1648 1971 pedes,
1671 1934 1733 1969 per

283 1966 355 2000 dies
379 1969 499 2003 multos
521 1970 627 2004 Deum
651 1971 807 2015 precibus
831 1971 1031 2017 propitiatus
1055 1977 1113 2007 est.

375 2012 477 2047 Circa
500 2015 586 2049 idem
611 2021 760 2061 tempus,
800 2017 977 2051 Persarum
999 2018 1075 2052 Rex
1098 2018 1228 2052 Blasses
1261 2018 1421 2051 adversus
1443 2017 1608 2050 Romanos
1639 2025 1733 2048 arma

283 2056 399 2091 movit.
447 2059 523 2099 Quo
548 2061 685 2103 audito,
711 2063 899 2107 Imperator
922 2064 1123 2109 Procopium
1144 2062 1349 2104 Patricium,
1380 2061 1572 2106 magistrum
1594 2060 1733 2114 militum

283 2102 437 2137 Orientis
468 2106 703 2148 constitutum,
739 2114 859 2141 contra
889 2109 1024 2143 Persam
1048 2121 1120 2143 cum
1154 2108 1306 2143 exarcitu
1342 2107 1440 2142 misit.
1484 2106 1634 2149 Cumque
1661 2117 1732 2149 Jam

282 2147 445 2193 praelium
468 2149 609 2185 initurus
643 2158 738 2193 erat,
775 2154 849 2187 Rex
873 2154 1048 2188 Persarum
1078 2155 1128 2188 illi
1151 2153 1366 2187 denunciavit
1396 2153 1446 2185 his
1476 2151 1608 2186 verbisz
1657 2151 1731 2192 „Si

283 2194 384 2228 modo
408 2205 470 2238 per
491 2200 599 2229 totum
623 2199 808 2232 exercitum
831 2205 922 2233 tuum
945 2199 1090 2234 inveniri
1114 2199 1238 2244 possit,
1272 2198 1330 2242 qui
1352 2198 1508 2238 Persam,
1533 2208 1630 2240 quem
1655 2196 1731 2241 Ego

282 2238 320 2272 in
344 2245 509 2274 certamen
533 2241 671 2276 daturus
695 2254 785 2285 sum,
810 2245 936 2288 praelio
959 2245 1121 2290 singulari
1146 2243 1330 2284 devicerit,
1359 2243 1436 2286 Ego
1462 2241 1613 2287 protinus
1628 2242 1731 2320 δαεὶς,

284 2295 348 2317 con
370 2283 492 2319 itiones
512 2285 548 2320 in
571 2298 673 2320 annos
696 2298 717 2320 L
741 2289 838 2323 vobis
868 2290 1006 2324 daturus
1039 2302 1107 2324 sum
1144 2294 1179 2324 et
1208 2300 1270 2334 pro
1293 2299 1385 2322 more
1407 2290 1581 2321 munera.“
1660 2299 1730 2321 um-

283 2341 353 2373 que
377 2330 420 2364 (le
443 2332 509 2365 hoc
531 2331 688 2377 utrinque
712 2341 912 2368 conventum
935 2336 1063 2377 suisset,
1088 2337 1192 2369 Persa
1216 2345 1258 2367 ex
1280 2334 1345 2368 suis
1367 2333 1533 2376 quendam
1554 2333 1730 2386 produxit,

283 2374 416 2408 nomine
440 2377 665 2418 Ardazanem,
703 2390 744 2411 ex
769 2380 909 2414 cohorte
939 2393 1036 2425 quam
1057 2385 1180 2415 vocant
1213 2380 1477 2418 Immortalium3
1511 2389 1565 2412 cul
1586 2378 1730 2412 Romani

284 2427 518 2465 opposuerunt
539 2423 765 2457 Areobindum
788 2426 951 2467 quendam
976 2427 1149 2467 Gothum,
1186 2424 1338 2459 comitem
1361 2425 1637 2462 Foederatorum.
1683 2423 1731 2457 Hi

282 2464 399 2510 itaque
423 2467 489 2501 duo
513 2468 646 2510 armati,
669 2475 705 2502 et
727 2469 821 2513 equis
840 2469 1030 2511 insidentes,
1054 2471 1179 2515 egressi
1202 2475 1297 2504 sunt:
1322 2468 1527 2510 Areobindo,
1552 2481 1614 2513 pro
1637 2480 1730 2503 more

281 2512 393 2554 gentis
415 2524 515 2554 suae,
553 2525 699 2548 socan-em
723 2515 865 2548 ferente.
921 2516 1019 2549 Prior
1042 2522 1152 2550 autem
1176 2516 1281 2549 Persa
1303 2515 1453 2548 Gothum
1487 2522 1586 2548 conto
1625 2514 1730 2558 petit:

281 2556 376 2599 cujus
400 2557 500 2591 ictum
525 2559 753 2601 Areobindus,
786 2571 929 2604 corpore
952 2561 1161 2596 dextrorsum
1187 2560 1380 2603 obliquato,
1411 2560 1599 2601 declinans,
1622 2559 1729 2604 ipsum

277 2600 400 2645 laqueo
433 2602 640 2648 implicavit,
678 2616 720 2638 ex
743 2616 896 2649 equoque
926 2605 1161 2648 deturbatum,
1194 2605 1379 2639 interfecit.
1427 2606 1514 2639 Tum
1540 2616 1622 2639 vero
1654 2605 1728 2638 Rex

278 2646 455 2681 Persarum
482 2650 572 2693 pacis
596 2650 801 2684 conditiones
824 2649 930 2684 dedit.
975 2652 1184 2685 Areobindus
1208 2656 1338 2692 autem,
1362 2655 1440 2695 post
1462 2655 1594 2695 partam
1617 2649 1728 2683 victo-

278 2691 383 2734 riam,
417 2693 738 2740 Constantinopolim
761 2695 894 2730 rediens
917 2707 990 2730 cum
1018 2696 1186 2740 Procopio
1213 2696 1357 2730 Militum
1380 2696 1562 2740 magistro,
1593 2695 1728 2739 qualem

277 2738 467 2782 promeruit
499 2740 543 2774 ab
566 2740 774 2786 Imperatore
796 2742 941 2786 gratiam
969 2741 1183 2787 reportavit,
1224 2742 1267 2776 ad
1292 2742 1508 2776 Consularem
1530 2741 1726 2785 dignitatem

307 2790 474 2818 rovectus.

280 2792 303 2828 P
369 2829 461 2865 Idem
484 2830 673 2878 Imperator
695 2831 835 2878 Lyciam
858 2844 879 2868 a
901 2832 1074 2879 Lycaonia
1097 2833 1274 2875 dirimens,
1298 2831 1510 2868 Provinciam
1531 2830 1635 2872 fecit3
1664 2828 1727 2864 da-
