1838 3230
0 0 42 72 ³353

454 163 1070 210 CHRONOGRAPHIA.
1124 163 1174 207 L.
1202 163 1318 209 XlV.
1525 167 1626 218 355

147 283 289 340 θὲνον,
328 283 543 342 θυγατέρα
564 280 808 342 φιλοσόφου.
881 281 903 326 ὅ
925 284 970 327 δὲ
987 280 1182 337 ἀκούσας,
1209 281 1266 334 ὥς
1285 282 1492 342 νεώτερος,
1519 284 1623 342 ἀνή-

147 358 267 411 φθη·
313 356 381 397 καὶ
409 351 774 409 μεταστειλάμενος
802 351 875 395 τὸν
909 351 1208 410 συμπράκτορα
1243 353 1372 396 αὐτοῦ
1403 355 1471 396 καὶ
1501 355 1621 411 φίλον

146 425 359 466 Παυλῖνον
392 419 518 480 ᾔτησε
546 422 622 478 τὴν
654 420 802 464 ἑαυτοῦ
832 421 1013 478 ἀδελφὴν
1047 420 1101 472 ὥς
1134 421 1193 464 ἐπ’
1225 421 1335 480 ἄλλῳ
1359 424 1436 465 τινὶ
1455 425 1620 479 εἰσαγα-

145 498 228 547 γεῖν
256 491 332 547 τὴν
354 491 584 546 Ἀθηναΐδα
615 490 690 545 τὴν
719 492 785 533 καὶ
816 491 1020 533 Εὐδοκίαν
1053 492 1094 533 ἓν
1126 495 1185 549 τῷ
1213 489 1342 546 αὑτῆς
1364 494 1615 551 κουβικλείῳ,

111 561 213 603 57να
235 559 303 603 διὰ
322 563 397 603 τοῦ
415 557 548 614 ,Βήλου
569 558 774 614 θεάσηται
798 558 926 614 αὐτὴν
947 558 1034 614 ἅμα
1052 561 1265 618 Παυλίνῳ.
1325 562 1390 603 καὶ
1413 559 1587 617 εἶσήχθη
1601 575 1611 586 ·
1637 569 1670 604 Ο
1691 570 1738 606 55

144 629 212 671 καὶ
236 626 428 684 ἑωρακὼς
446 627 574 683 αὐτὴν
595 626 766 684 ἠράσθη
790 627 939 683 αὐτῆς,
978 630 1042 670 καὶ
1059 630 1273 671 Παυλίνου
1296 630 1341 671 δὲ
1365 629 1616 683 θαυμάσαν-

143 713 215 747 τος
246 694 389 752 αὖτήν.
459 698 526 739 καὶ
555 695 765 753 κρατήσας
795 696 925 752 αὐτὴν
955 699 1022 739 καὶ
1046 697 1287 753 χριστιανὴν
1315 695 1513 753 ποιήσας,
1562 695 1614 755 ἦν

140 765 220 822 γὰρ
231 763 380 821 Ἕλλην
389 797 403 818 ,
439 767 506 808 καὶ
524 764 809 820 μετονομάσας
833 765 962 821 αὐτὴν
978 765 1183 810 Εὐδοκίαν
1192 799 1206 820 ,
1244 766 1388 820 ἔλαβεν
1408 767 1538 823 αὐτὴν
1557 767 1615 818 εἷς

139 841 334 890 γυναῖκα,
362 832 537 889 ποιήσας
566 834 671 892 αὐτῇ
700 834 937 886 βασιλικοὺς
963 833 1133 892 γάμους.
1205 837 1272 878 καὶ
1292 835 1405 890 ἔσχεν
1423 838 1466 887 ἐξ
1485 836 1612 891 αὐτῆς

83 910 130 945 10
139 902 351 959 θυγατέρα
368 901 538 957 ὀνόματι
555 903 771 954 Εὐδοξίαν.

233 969 501 1021 Ἀκούσαντες
522 972 566 1014 δὲ
587 972 626 1014 οἱ
645 976 719 1027 τῆς
737 968 988 1027 Αὖγούστας
1004 971 1208 1022 Εὖδοκίας
1232 971 1403 1029 ἀδελφοὶ
1437 971 1500 1016 ὅτι
1524 978 1605 1026 βα·-
1629 990 1659 1024 Β

138 1037 309 1093 σιλεῦει,
346 1040 604 1097 προσέφυγον
641 1041 683 1084 ἓν
714 1045 765 1098 τῇ
791 1038 955 1083 Ἑλλάδι
988 1041 1267 1097 φοβηθέντες“
1305 1043 1371 1084 καὶ
1406 1041 1613 1097 πέμψασα

136 1107 297 1164 ἤνεγκεν
321 1109 472 1159 αὐτοὺς
494 1110 537 1152 ἐκ
566 1113 641 1165 τῆς
660 1107 815 1159 πόλεως
837 1109 1028 1164 Ἀθηνῶν
1055 1108 1135 1153 zinci
1166 1108 1287 1175 λόγον
1316 1111 1359 1153 ἓν
1379 1113 1609 1155 Κωνσταν-

135 1175 378 1231 τινουπόλει,
399 1179 466 1220 καὶ
490 1179 677 1234 ἐποίησεν
699 1178 851 1228 αὐτοὺς
870 1177 1181 1233 ἀξιωματικούς,
1203 1178 1509 1236 προαγαγόντος
1531 1179 1609 1223 αὔ-

82 1250 125 1286 15
138 1245 236 1296 τούς
262 1251 338 1290 τοῦ
366 1246 568 1300 βασιλέως
599 1247 671 1290 τὸν
698 1248 773 1302 μὲν
804 1244 1015 1303 λεγόμενον
1042 1250 1083 1290 Γ
1079 1247 1187 1291 ε’σιον
1217 1247 1395 1304 ἔπαρχον
1423 1266 1608 1306 πραιτω-

132 1315 231 1371 ρίων
253 1319 328 1358 τοῦ
352 1314 561 1371 Ἰλλυριῶν
583 1315 754 1369 ἔθνους,
790 1316 863 1358 τὸν
898 1316 943 1358 δὲ
966 1316 1189 1373 Οὐαλέριον
1214 1314 1456 1374 μάγιστρον,
1494 1320 1607 1374 εἴρη-

130 1383 248 1432 κυίας
281 1383 421 1434 αὐτοῖς
451 1388 525 1439 τῆς
555 1384 683 1440 αὐτῆς
707 1385 951 1440 βασιλίσσης
971 1384 1198 1438 Εὖδοκιάς,
1237 1385 1417 1442 ἀδελφῆς
1450 1386 1603 1439 αὐτῶν,

129 1450 193 1494 ὅτι
222 1453 275 1494 Εἰ
300 1451 359 1507 μὴ
390 1450 504 1507 ὖμεΐς
523 1458 658 1503 κακῶς
681 1451 920 1509 ἓχρήσασθὲ
935 1471 1030 1508 μοι,
1070 1453 1144 1497 οὐκ
1162 1452 1447 1510 ἠναγκαζόμην
1468 1456 1605 1498 ἐλθεῖν

129 1521 195 1563 καὶ
216 1524 472 1573 βασιλεῦσαι.
544 1522 619 1577 τὴν
647 1518 720 1565 οὖν
749 1524 792 1564 ἐκ
815 1526 889 1577 τῆς
916 1520 1105 1578 γενέσεώς
1132 1540 1214 1577 μου
1243 1524 1457 1577 βασιλείαν
1489 1521 1605 1578 ὑμεῖς

73 1596 201 1643 ἓομοι
231 1589 504 1646 ἐχαρίσασθε·
541 1588 568 1646 ἦ
591 1590 669 1647 γὰρ
698 1591 772 1646 ἐμὴ
808 1591 947 1647 ἀγαθὴ
966 1589 1073 1647 ’τύχη
1097 1592 1282 1647 ἐποίησεν
1310 1589 1421 1646 ὑμᾶς
1443 1591 1605 1647 ἀτυχεῖς
1628 1606 1661 1640 0
1684 1607 1732 1642 56

130 1659 188 1708 εἰς
207 1657 291 1711 ἓμὲ,
327 1658 415 1712 οὐχὶ
436 1656 462 1713 ἢ
487 1657 662 1715 ὑμετέρα
681 1659 783 1715 πρὸς
803 1660 872 1714 ἐμὲ
889 1657 1044 1715 γνώμη.
1622 1674 1654 1709 c

225 1723 274 1769 ‘0
300 1727 346 1769 δὲ
375 1727 569 1781 βασιλεὺς
600 1725 822 1778 Θεοδόσιος
849 1729 917 1770 καὶ
945 1731 1183 1781 Παυλῖνον,
1231 1725 1289 1777 ὥς
1321 1727 1441 1785 φίλον
1473 1727 1603 1772 αὗτοῖ

221 1836 277 1872 11.
300 1835 403 1871 Immo
425 1834 649 1883 Αὖγούστης.
761 1837 815 1873 16.
836 1833 1021 1882 Ἰλλυρίωυ
1044 1836 1113 1872 ΟΧ.
1221 1838 1278 1874 20.
1303 1833 1472 1883 ἀτυχεῖς]
1500 1834 1602 1874 ἄπει-

218 1884 305 1924 θεῖς
327 1882 456 1918 chron.
504 1884 545 1918 V.
570 1895 604 1930 p.
630 1882 888 1919 antecedentem
912 1895 947 1918 v.
970 1882 1004 1918 4.

127 1974 243 2010 simam
277 1975 463 2017 intactam,
500 1975 644 2020 egregie
667 1977 822 2010 ornatam
846 1977 881 2009 et
904 1974 1094 2010 eruditione
1116 1977 1385 2021 praestantem.“
1433 1975 1513 2017 Quo
1537 1985 1602 2008 au-

127 2021 221 2063 dito,
244 2021 456 2067 Imperator,
480 2022 531 2055 uti
554 2021 706 2063 Juvenis‚
732 2021 877 2055 exarsit:
901 2022 1068 2057 accersito
1091 2020 1211 2067 itaque
1233 2022 1324 2057 socio
1349 2034 1410 2056 suo
1433 2027 1469 2056 et
1491 2021 1600 2056 amico

125 2067 291 2109 Paulino,
330 2067 545 2102 Pulcheriam
568 2079 718 2102 sororem
753 2066 911 2112 rogavit,
953 2067 1004 2102 uti
1027 2079 1089 2113 per
1111 2068 1258 2113 speciem
1291 2068 1432 2112 aliquus
1455 2065 1600 2111 negotii,

125 2112 355 2149 Athenaidem
377 2113 414 2147 in
437 2125 532 2148 suum
554 2113 659 2159 ipsius
684 2112 873 2148 cubiculum
895 2113 1151 2156 introduceret,
1187 2115 1277 2149 unde
1299 2114 1373 2159 ipse
1397 2125 1491 2154 eam,
1526 2123 1600 2146 cum

125 2159 283 2202 Paulino,
307 2171 371 2205 per
394 2159 503 2194 velum
526 2165 713 2206 spectaret.
760 2158 996 2194 Introductam
1015 2159 1132 2205 itaque
1155 2160 1331 2205 virginem,
1358 2159 1499 2193 Paulino
1524 2157 1601 2203 qui-

126 2204 202 2240 dem
225 2217 300 2240 eam
323 2205 532 2248 admirante,
557 2206 748 2251 Imperator
770 2206 872 2239 anxie
894 2205 1092 2252 deperibat:
1134 2206 1362 2241 Christianam
1386 2205 1502 2250 itaque
1525 2215 1598 2238 eam

126 2250 186 2286 ubi
208 2251 368 2295 fecisset,
393 2251 565 2297 (Pagana
589 2252 675 2286 enim
700 2251 840 2296 fuerat)
863 2253 996 2287 nomine
1018 2252 1054 2286 in
1076 2252 1263 2287 Eudociam
1287 2255 1430 2293 mutato,
1453 2250 1489 2284 in
1512 2261 1599 2284 uxo-

125 2307 196 2332 rem
220 2298 359 2340 habuit;
396 2298 525 2343 nuptiis
546 2297 649 2333 etiam
672 2297 811 2342 Regiis,
848 2296 937 2333 illius
959 2298 994 2333 in
1016 2299 1199 2341 honorem,
1235 2296 1428 2333 celebratis.
1475 2294 1597 2330 Filiam

125 2352 208 2378 vero
231 2355 274 2378 ex
297 2355 339 2378 ea
362 2343 528 2390 suscepit,
561 2345 694 2378 nomine
718 2343 921 2378 Eudoxiam.

216 2389 263 2424 At
284 2401 368 2424 vero
392 2391 518 2424 fratres
536 2390 716 2425 Eudociae
739 2389 982 2435 Imperatxicis,
1005 2389 1064 2424 ubi
1083 2401 1233 2424 sororem
1257 2400 1350 2423 suam
1372 2397 1521 2432 regnare
1543 2386 1597 2421 in—

125 2433 333 2470 tellexissent
354 2439 447 2470 metu
470 2436 642 2481 perculsi,
667 2436 701 2470 in
726 2436 901 2470 Helladem
923 2436 1165 2491 profugerunt:
1203 2436 1279 2477 Quo
1303 2433 1479 2474 Eudocia,
1502 2433 1597 2468 Cau-

125 2479 220 2514 tione
242 2480 474 2516 Indemnitatis
497 2482 603 2524 data,
641 2482 965 2528 Constantinopolim
989 2493 1032 2516 ex
1056 2481 1196 2516 Athenis
1220 2480 1422 2520 accersitos,
1455 2489 1596 2513 summos

124 2524 174 2559 ibi
197 2524 242 2559 ad
273 2527 419 2562 honores
442 2527 614 2573 provexit.
674 2527 814 2563 Gesium
837 2527 924 2563 enim
955 2527 1148 2573 Imperator
1170 2527 1389 2561 Praefectum
1412 2524 1596 2559 Praetorio

125 2570 236 2616 gentis
250 2571 423 2616 Illyricae,
448 2574 619 2609 Valerium
635 2586 717 2610 vero
740 2574 942 2620 Magistrum
966 2573 1160 2615 constituit3
1184 2573 1318 2606 dicente
1341 2569 1506 2605 fratribus
1528 2570 1594 2604 suis

124 2616 283 2651 Eudocia
300 2618 546 2664 Imperetrice,
569 2645 594 2662 ,‚
604 2620 707 2662 Quod
731 2619 794 2655 nisi
817 2633 876 2655 vos
899 2619 986 2654 male
1009 2631 1061 2654 me
1083 2617 1304 2658 tractas-setis,
1330 2628 1394 2661 ego
1413 2627 1480 2650 non
1502 2615 1596 2650 Con·-

124 2661 378 2708 stantinopolim
410 2670 550 2709 petere,
586 2666 735 2712 indeque
758 2665 963 2712 Imperatrix
986 2664 1065 2700 fieri
1097 2670 1217 2698 coacta
1249 2662 1392 2697 fuissem.
1439 2663 1595 2707 Regnum

125 2708 256 2762 itaque,
281 2709 374 2762 quod
397 2715 494 2745 extra
516 2712 676 2747 nascendi
698 2716 821 2748 sortem
845 2712 926 2747 mihi
949 2711 1088 2756 obtigit,
1112 2721 1173 2744 vos
1196 2708 1354 2743 dedistis:
1389 2708 1481 2754 quod
1504 2707 1592 2742 enim

123 2759 214 2789 votis
238 2765 319 2788 mels
341 2765 410 2789 non
432 2757 609 2802 aequiores
631 2758 786 2800 stetistis,
810 2758 895 2792 illud
919 2769 986 2792 non
1004 2757 1090 2791 malo
1117 2759 1229 2790 vestro
1252 2755 1288 2789 in
1309 2766 1363 2790 me
1386 2753 1509 2796 animo,
1534 2753 1592 2788 sed

123 2800 234 2835 bonae
257 2811 352 2834 meae
374 2800 547 2838 Fortunae
570 2810 748 2850 acceptum
770 2805 927 2839 refero.“

212 2845 404 2893 Imperator
426 2851 540 2882 autem
563 2848 778 2885 Theodosius
801 2849 1002 2891 Paulinum,
1038 2849 1079 2882 ut
1101 2846 1264 2890 amicum,
1302 2846 1532 2882 convictorem
1556 2851 1593 2879 et
1630 2864 1632 2867 ·
