1838 3230
268 209 365 256 116
658 198 947 246 IOANNIS
976 198 1317 243 MALALAE

266 324 409 377 αὐτοῦ,
440 321 529 379 περὶ
547 318 718 376 ἑσπέραν
737 317 934 362 ἀπέλυσεν
952 317 1075 361 αὐτὸν
1091 319 1157 361 καὶ
1179 317 1275 368 τοὺς
1291 315 1376 372 μετ’
1401 316 1543 360 αὐτοῦ.
1587 314 1616 373 ἢ
1633 313 1712 372 μό-

266 410 338 437 νον
360 392 404 435 δὲ
426 388 611 444 ἀπελύθη
627 384 870 440 Ὀδυσσεύς,
907 389 1061 429 δειλιῶν
1081 386 1154 441 τὴν
1173 391 1247 429 τοῦ
1267 385 1415 442 ἀνδρὸς
1436 383 1714 442 ὠμότηταεῦ-

216 469 247 503 C
269 461 378 510 θέως
408 458 652 501 ἀπέπλευσεν
680 456 723 498 ἐκ
744 459 826 498 τῶν
847 458 982 511 μερῶν
1003 454 1143 498 αὐτοῦ.
1213 454 1432 511 ἒπιρῥίψας
1458 454 1503 496 δὲ
1523 453 1668 503 νυκτὸς
1689 451 1712 495 ὃ

267 527 456 581 Κύκλωψ
475 527 541 568 καὶ
560 525 618 579 μὴ
640 522 819 580 εὑρηκὼς
836 523 888 565 τὰ
908 526 1043 574 πλοῖα,
1071 523 1114 565 ἔκ
1130 526 1203 578 τῆς
1218 524 1367 576 μανιάς
1387 523 1441 571 εἷς
1460 521 1535 576 τὴν
1549 519 1714 564 θάλασ-

266 613 344 639 σαν
363 595 578 653 ῥίπτεσθαι
597 593 742 641 λίθους
762 590 951 642 ἐκέλευσε,
987 588 1132 646 μήπως
1151 590 1266 633 ἔνδον
1283 595 1356 645 τῆς
1375 594 1449 645 γῆς
1469 587 1747 645 &manippum-5

266 682 357 708 σαν.
427 661 571 711 νυκτὸς
601 660 645 702 δὲ
679 660 857 711 βαθείας
894 658 1019 714 ούσης
1043 661 1109 701 καὶ
1139 656 1309 708 σκότους
1335 656 1613 708 καλύπτοντος
1638 657 1715 712 τὴν

265 736 341 788 γῆν
375 732 442 773 καὶ
472 729 546 784 τὴν
573 726 810 780 θάλασσαν,
849 726 1084 782 ἀγνοοῦντες
1114 727 1242 769 δὲκαὶ
1263 726 1359 775 τοὺς
1378 726 1527 776 αὐτοὺς
1546 723 1712 783 τόπους,

266 798 500 855 παρέβαλον
521 797 576 846 εἷς
593 795 696 838 ἄλλα
711 795 814 850 μέρη
834 799 907 849 τῆς
927 793 1066 849 νήσου,
1103 794 1347 850 διαφέροντα
1370 798 1428 852 τῷ
1450 791 1711 852 Πολυῳήμῳ,

265 868 430 924 ἀδελφῷ
452 870 525 908 τοῦ
550 862 777 913 Κύκλωπος
797 865 960 905 καὶτοῦ
985 860 1258 919 Ἀντιφάντου.
1329 860 1439 911 ὅστις
1456 860 1716 918 Πολύφημος

264 934 416 990 μαθὼν
443 931 504 975 ὅτι
530 932 633 982 τινὲς
657 931 932 974 κατέπλευσαν
949 930 1093 979 νυκτὸς
1112 932 1177 972 καὶ
1197 930 1428 986 παρέβαλον
1449 931 1505 979 εἷς
1524 929 1600 982 τὴν
1620 931 1712 971 δια·
1725 938 1770 972 10

264 1003 472 1060 φέρουσαν
495 1000 605 1058 αὐτῷ
621 997 775 1056 χώραν,
812 998 964 1048 εὐθέως
986 997 1123 1052 λαβὼν
1141 997 1215 1053 τὴν
1235 996 1379 1040 ἑαυτοῦ
1397 995 1613 1052 βοήθειαν,
1647 998 1715 1040 ἔλ-

265 1070 358 1114 &dne
380 1068 485 1112 κατὰ
506 1073 580 1111 τοῦ
595 1067 825 1116 Ὀδυσσέως
845 1067 1063 1119 συνέβαλεν
1089 1065 1201 1124 αύτῷ
1222 1064 1409 1119 πόλεμον.
1480 1067 1546 1108 καὶ
1578 1069 1714 1107 πᾶσαν

264 1138 340 1194 τὴν
371 1135 498 1180 νύκτα
532 1136 776 1189 ἐπολέμουν,
818 1136 884 1176 καὶ
910 1134 1050 1177 ἔπεσον
1087 1133 1167 1176 ἀπὸ
1202 1138 1276 1176 τοῦ
1299 1133 1529 1183 Ὀδυσσέως
1558 1133 1711 1176 πολλοί.

206 1213 245 1248 ·D
268 1206 423 1262 πρωίας
446 1204 490 1246 δὲ
509 1204 722 1260 γενομένης
746 1200 994 1258 προσήγαγεν
1019 1200 1274 1251 ὃὈδυσσεῦς
1300 1203 1366 1244 καὶ
1394 1205 1452 1260 τῷ
1469 1198 1714 1259 Πολυφήμῳ

120 1281 154 1316 Ο
179 1279 246 1318 148
270 1275 376 1325 ξένια
406 1273 473 1315 καὶ
499 1266 743 1328 προσέπεσεν
763 1270 873 1327 αὐτῷ
885 1302 897 1322 ,
936 1269 1054 1312 εἰπὼν
1077 1268 1139 1312 ὅτι
1162 1269 1239 1312 ἀπὸ
1263 1274 1343 1312 τῶν
1365 1273 1559 1326 Τρωικῶν
1575 1267 1710 1312 τόπων
1725 1280 1767 1316 15

265 1339 439 1397 ἐλήλυθε
456 1339 756 1393 πεπλανημένος
775 1338 854 1380 ἀπὸ
875 1342 1026 1392 πολλῆς
1045 1335 1235 1390 κυμάτων
1253 1336 1440 1393 ἀνάγκης,
1474 1335 1715 1394 ἀπαριθμή-

267 1424 345 1459 σας
374 1408 486 1465 abug}
515 1408 582 1450 καὶ
611 1407 686 1456 τὰς
716 1404 933 1460 συμβάσας
966 1405 1077 1463 αὐτῷ
1105 1405 1210 1447 κατὰ
1240 1404 1460 1448 θάλασσαν
1491 1403 1716 1462 διαφόρους

267 1473 496 1532 συμφοράς.
555 1473 665 1524 ὅστις
686 1472 943 1530 Πολύφημος
962 1471 1242 1529 συμπαθήσας
1260 1472 1371 1530 αὐτῷ
1389 1472 1554 1528 ἠλέησεν
1573 1470 1711 1525 αὐτόν,

268 1546 337 1587 καὶ
360 1542 582 1594 ὑπεδέξατο
612 1542 737 1584 αὐτὸν
761 1543 828 1584 καὶ
847 1541 942 1590 τούς
964 1540 1115 1594 αὐτοῦ,
1153 1541 1229 1590 ἕως
1253 1535 1300 1583 οὗ
1324 1541 1472 1596 ἐγένετο
1493 1539 1715 1596 ἐπιτήδειος

268 1611 291 1655 ὅ
319 1615 458 1660 πλοῦς.
526 1608 552 1665 ἡ
581 1611 625 1652 δὲ
651 1607 840 1666 θυγάτηρ
865 1613 938 1651 τοῦ
964 1606 1225 1665 Πολυφήμου
1259 1606 1426 1661 ὀνόματι
1446 1607 1576 1663 ’Έλπη
1609 1609 1770 1664 ἓρω-Ξο

266 1684 389 1729 τικῶς
415 1676 576 1732 διετέθη
594 1675 695 1734 πρός
713 1694 802 1720 τινα
823 1676 996 1733 εὐπρεπῆ
1018 1676 1148 1733 ἄνδρα
1164 1681 1246 1719 τῶν
1261 1676 1365 1731 μετὰ
1386 1680 1460 1719 τοῦ
1484 1676 1715 1726 Ὀδυσσέως

268 1745 437 1800 ὀνόματι
476 1748 647 1788 Λε’ί·ωνα
662 1759 672 1769 ·
720 1747 785 1787 καὶ
828 1746 1050 1800 ἐπιτηδείου
1088 1745 1236 1798 ἀνέμου
1277 1741 1525 1794 πνεύσαντος
1558 1741 1714 1799 ταύτην

268 1811 585 1872 ἅφαρπάσαντες
607 1810 845 1869 ἐξώρμησαν
872 1814 916 1855 ἐκ
938 1817 1012 1868 τῆς
1039 1814 1223 1863 Σικελίας
1249 1809 1389 1868 νήσου.
1459 1811 1577 1856 ἅτινα
1598 1809 1620 1856 ὃ
1639 1827 1714 1855 σο-

358 1955 391 1989 1.
414 1950 531 1998 μόνον
549 1954 634 1996 Ch.‚
657 1952 768 2000 μένον
791 1955 859 1989 Ox.
949 1956 983 1991 2.
1009 1955 1160 1991 δειλυῶν
1183 1955 1270 1996 Ox„
1293 1953 1436 1991 δειλιῶν
1457 1952 1523 1988 ch.

267 2079 328 2112 bus
349 2076 526 2123 diriperet.
572 2077 699 2113 Ulisses
722 2082 833 2114 autem
857 2079 1096 2126 quamprimum
1118 2079 1280 2114 liberatus
1303 2080 1365 2120 est,
1390 2088 1411 2112 a
1429 2079 1497 2112 tam
1519 2077 1710 2113 truculento

265 2122 398 2158 homine
419 2123 539 2157 misere
561 2124 626 2157 sibi
649 2129 818 2166 metuens,
842 2125 964 2159 exinde
989 2126 1140 2166 solvens,
1164 2126 1206 2159 ab
1231 2124 1298 2160 oris
1318 2124 1389 2168 ejus
1412 2123 1524 2157 statim
1547 2123 1710 2158 discessit.
1761 2155 1772 2162 ,

266 2168 414 2214 Cyclops
445 2179 527 2202 vero
553 2180 614 2213 per
637 2174 768 2204 noctem
800 2170 978 2204 adorturus
1003 2183 1080 2212 eos,
1117 2170 1174 2205 ubi
1197 2169 1343 2204 evasisse
1365 2180 1468 2204 naves
1492 2169 1710 2214 percepisset,

265 2214 302 2247 in
334 2215 481 2248 furorem
504 2213 663 2255 adactus,
699 2226 781 2248 saxa.
811 2215 847 2248 in
869 2227 961 2250 mare
992 2214 1211 2261 praecipitari
1237 2214 1356 2259 jussit,
1396 2226 1438 2248 ne
1462 2215 1551 2248 forte
1572 2213 1711 2248 interius

266 2258 391 2295 alicubi
413 2258 590 2294 stationem
614 2260 752 2294 alteram
777 2267 1002 2305 occupassent.
1049 2262 1130 2295 Nox
1152 2265 1264 2295 autem
1287 2263 1362 2294 erat
1382 2259 1606 2304 intempesta,
1638 2262 1712 2293 ter-

269 2315 375 2349 raque
397 2303 546 2339 tenebris
566 2304 716 2339 involuta
739 2310 832 2346 erat,
855 2317 927 2339 cum
951 2306 1078 2341 Ulisses
1099 2306 1270 2350 sociique,
1302 2305 1448 2339 locorum
1469 2304 1639 2350 imperiti,
1675 2303 1711 2338 in

269 2349 411 2383 alteram
432 2349 521 2383 illam
542 2349 666 2384 insulae
689 2355 836 2394 partem,
874 2362 962 2395 quae
995 2351 1195 2397 Polyphemi
1224 2354 1320 2393 erat,
1354 2350 1512 2395 Cyclopis
1547 2352 1583 2383 et
1612 2348 1712 2384 Anti-

269 2394 405 2439 phantis
439 2394 575 2437 fratris,
610 2395 810 2430 inciderunt.
854 2395 1098 2440 Polyphemus,
1139 2395 1253 2431 audito
1277 2397 1321 2429 ad
1350 2398 1491 2429 terram·
1509 2405 1601 2428 suam
1623 2405 1710 2428 non-

270 2439 376 2474 nullos
400 2450 461 2484 per
482 2445 613 2475 noctem
636 2441 823 2485 appulisse3
854 2440 1002 2487 collectis
1023 2442 1150 2475 viribus
1173 2441 1259 2483 suis,
1282 2440 1424 2475 Ulissem
1447 2450 1622 2484 aggressus
1644 2443 1709 2481 est,

270 2485 470 2529 praelioque
491 2485 581 2520 inter
603 2498 658 2520 eos
695 2497 756 2531 per
778 2490 884 2526 totam
905 2491 1037 2520 noctem
1060 2486 1248 2527 commisso,
1285 2497 1328 2520 ex
1351 2484 1489 2518 Ulisseis
1513 2484 1710 2518 ceciderunt

269 2530 514 2575 quamplurimi.
560 2531 662 2566 Mane
685 2535 795 2565 autem
816 2532 927 2572 facto,
951 2531 1077 2565 Ulisses
1099 2531 1200 2565 etiam
1222 2531 1308 2575 Poly
1333 2531 1428 2563 hemo
1452 2529 1541 2563 dona
1563 2530 1707 2571 obtulit3

268 2575 514 2620 procidensque
537 2576 570 2610 ei
592 2577 637 2611 ad
659 2576 782 2622 pedes,
813 2576 911 2620 Ego,
943 2575 1074 2620 inquit,
1106 2575 1267 2619 Trojanis
1290 2586 1311 2608 a
1357 2573 1444 2616 oris,
1467 2574 1584 2609 ultima
1608 2574 1708 2609 maris

269 2619 459 2654 discrimina
481 2626 659 2667 expertus,
695 2623 760 2656 huc
781 2620 816 2655 in
844 2625 959 2666 partes
983 2624 1108 2655 vestras
1131 2619 1336 2653 errabundus
1359 2619 1502 2654 advenit
1547 2619 1707 2664 simulque

267 2666 468 2700 enumeratis
492 2678 580 2710 quae
600 2668 803 2702 sustinuerat
824 2665 999 2711 periculis,
1030 2665 1268 2709 Polyphemum
1290 2664 1339 2698 ita.
1362 2664 1546 2706 delinibat,
1583 2670 1622 2699 ut
1643 2664 1707 2699 mi-

267 2714 375 2743 sertus
399 2712 469 2754 ejus
495 2712 637 2747 Ulissem
667 2713 842 2757 sociosque
875 2711 1022 2757 hospitio
1046 2710 1242 2755 exceperit;
1284 2721 1391 2754 usque
1422 2710 1499 2744 dum
1522 2709 1706 2754 navigandi

265 2757 445 2798 tempestas
468 2756 590 2791 idonea
610 2758 764 2793 instaret.
809 2758 856 2791 At
876 2767 959 2791 vero
981 2755 1182 2802 Polyphemi
1204 2754 1296 2796 filia,
1319 2754 1407 2801 Elpe
1431 2756 1543 2797 dicta,
1566 2754 1704 2788 Lionem

264 2799 430 2842 quendam
454 2812 496 2835 ex
518 2802 637 2837 Ulissis
658 2802 773 2845 sociis,
806 2802 912 2837 virum
934 2801 1133 2843 formosum,
1165 2799 1347 2835 adamavit.
1392 2800 1563 2835 Secundos
1583 2799 1704 2844 itaque

262 2844 354 2879 nacti
375 2849 515 2889 ventos,
538 2848 679 2895 abrepta
700 2860 762 2894 ea,
793 2848 873 2884 inde
894 2858 937 2883 ex
958 2846 1077 2883 Sicilia
1098 2846 1289 2882 solverunt:
1313 2845 1364 2881 uti
1386 2847 1472 2882 haec
1493 2844 1702 2893 sapientissi-
