1838 3230
693 130 989 177 EPISTOLA.
1264 138 1266 140 ¹
1470 138 1570 188 737

18 281 21 289 ,
57 262 62 267 ·
109 247 256 288 Notum
275 252 335 287 est
356 246 440 302 jam
458 261 480 286 a
495 247 631 288 multis
656 247 824 288 saeculis
844 261 995 288 morem
1022 247 1236 288 invaluisse
1253 247 1362 301 apud
1384 249 1569 300 Graecos,

108 311 157 344 ut
174 304 313 344 eodem
331 317 430 343 sono
452 304 685 344 efferrentur
703 321 744 345 αι
761 311 798 344 et
817 320 848 355 ε,
879 321 919 346 οι
937 311 975 344 et
995 320 1035 345 υ.
1090 306 1186 344 Tam
1201 307 1375 358 captiosa
1392 320 1571 358 pronun-

0 383 19 409 ,μ
109 362 229 401 ciatio
259 360 412 409 mendis
439 361 602 400 infinitis
628 361 754 400 libros
785 361 985 414 opplevit:
1027 367 1071 400 ut
1098 361 1192 401 Mal.
1219 375 1261 414 p.
1279 361 1334 404 47
1361 369 1400 401 et
1416 363 1482 406 49.
1513 365 1571 419 τῷ

0 411 15 436 ⁵
106 418 185 458 υἴῶ
210 419 287 458 τοῦ
317 418 504 484 Αἶχίονος
526 420 584 473 τῷ
616 417 791 468 Πὲνθει,
829 432 906 471 pro
935 418 1121 470 Εχίονος.
1164 423 1202 457 et
1227 431 1248 459 c
1274 417 1432 457 diverso
1457 421 1510 461 49
1532 425 1571 458 et
1594 455 1597 458 .

7 492 10 495 ·
108 459 177 517 55
207 488 300 527 ορος
319 458 576 526 Κιθερῶνιον
593 487 668 525 pro
690 472 990 527 Κιθαιρώνειον
1019 480 1057 513 et
1075 477 1165 517 106-
1194 472 1374 515 Αντὲωνι
1391 489 1466 527 plo
1488 479 1568 515 Av-

107 531 218 586 ταίῳ.
243 535 284 570 et
304 530 380 568 alia
404 543 483 569 non
503 543 632 582 pauca
657 537 791 569 extant
813 545 862 569 ex
884 545 930 569 eo
950 544 1104 580 genere.
1135 530 1191 568 sic
1206 534 1287 574 211
1309 537 1348 570 et
1370 534 1463 574 171·
1489 533 1572 572 Του

113 589 243 635 Τακος
270 586 369 627 vion?
393 589 466 626 τοῦ
495 587 728 637 Ναυπλίου,
767 601 843 639 pro
876 589 1034 635 Οιακος.
1080 593 1119 626 et
1151 585 1336 638 Σχυνὲως
1370 590 1568 639 169.p10

106 641 318 695 Σχοινέως.
374 642 419 681 In
444 642 648 681 codicibus
675 657 793 682 manu
821 643 966 682 notatis
990 643 1242 695 promiscuus
1263 642 1346 681 sere
1373 650 1432 682 est
1449 657 1569 682 voca-

105 699 204 738 lium
230 698 372 738 horum
395 712 504 738 usus.
561 699 649 738 Hoc
672 700 878 749 diligenter
904 699 1201 748 animadverso,
1231 698 1569 749 deploratissimos
1593 699 1626 734 O
1650 701 1696 737 76

105 755 218 795 locos
248 754 474 794 emendabit
501 756 612 794 nullo
635 757 815 806 negotio,
847 756 914 807 qui
941 756 1140 807 ingenium
1164 762 1203 794 et
1217 755 1410 809 judicium
1435 756 1477 795 in
1497 771 1569 796 nu-

30 835 33 838 ·
105 818 256 882 mereto
274 810 472 852 habuerit.
530 812 767 851 Plutarchus
789 812 839 851 de
858 811 961 851 Iside
978 819 1017 852 et
1037 811 1212 852 osiride:
1241 813 1504 864 Εμπεδοκλῆς
1525 812 1569 854 δὲ

104 883 181 922 την
197 867 271 921 μὲν
292 864 548 923 ἆγαθουργόν
570 865 700 922 ἆρχην
727 865 922 920 φιλότητα
945 868 1014 909 καὶ
1038 870 1197 921 φιλίαν,
1225 867 1417 916 πολλάκις
1436 868 1527 909 δὲ’
1499 886 1569 923 αρ-

105 926 252 978 μονίαν
283 928 494 965 καλεῖσθαι
521 924 683 978 μέροπι·
725 941 798 978 την
832 924 875 965 δὲ
893 926 1070 977 χείρονα,
1101 930 1234 972 νεῖκος
1262 921 1481 977 ου’λόμενον
1499 926 1568 966 καὶ

104 982 224 1035 δῆριν
254 977 527 1033 αἱματόεσσαν.
584 982 748 1021 Frustra
781 981 848 1020 hic
879 981 1117 1021 Plutarchus
1139 996 1213 1035 per
1233 995 1355 1019 annos
1376 982 1567 1022 ducentos

102 1052 334 1092 criticorum
367 1052 557 1091 auxilium
581 1053 820 1105 imploravit.
877 1054 938 1094 Tu
966 1059 1079 1092 verte
1109 1068 1151 1093 αι
1178 1052 1219 1091 in
1249 1068 1289 1105 ε,
1320 1058 1359 1090 et
1375 1053 1460 1103 lege
1483 1058 1569 1107 Αρ-

103 1110 250 1162 μονίαν
279 1111 394 1149 καλεῖ
414 1111 658 1162 θεμερωπιν
730 1110 895 1148 Possum
926 1109 1100 1148 excitare
1128 1109 1258 1161 ipsum
1278 1109 1567 1178 Empedoclem

101 1171 242 1206 testem
257 1163 378 1219 hujus
398 1165 676 1217 correctionis,
709 1166 813 1218 apud
837 1165 1094 1205 Plutarchum
1111 1164 1202 1219 περὶ
1222 1161 1458 1218 Ευθνμίας.

319 1231 432 1276 Ενθ’
459 1230 564 1306 ἦσαν
593 1237 756 1289 Χθονίη
785 1253 846 1288 τε,
880 1236 949 1277 καὶ
977 1231 1140 1288 Ηλιόπη
1167 1251 1384 1287 ταναωπις,

319 1294 448 1346 Δῆρις
472 1288 522 1332 θ’
551 1290 809 1362 αἱματόεσσα,
848 1292 917 1334 καὶ
942 1293 1128 1361 Αρμονίη
1158 1292 1365 1345 ἴμερῶπις,

317 1348 523 1390 Καλλιστώ
550 1345 605 1397 τ’,
637 1346 793 1416 Αἰσχρή
821 1364 882 1399 τε,
915 1346 1061 1390 Θόωσα
1090 1363 1132 1389 τε
1159 1349 1326 1418 Δειναίη
1355 1363 1410 1397 τε,

319 1402 534 1458 Νημερτής
560 1401 598 1446 τ’
629 1402 808 1459 ἐρόεσσα,
839 1401 1114 1459 μελαγκαρπός
1140 1400 1178 1445 τ’
1206 1401 1409 1456 Ασαφεια.

100 1473 178 1514 Ubi
198 1473 368 1514 libenter
396 1475 556 1526 legerim
586 1476 744 1528 Δηναίη
761 1491 819 1526 τε,
849 1482 895 1514 ut
922 1476 1116 1515 contraria
1140 1475 1245 1514 inter
1269 1490 1310 1514 se
1332 1489 1565 1528 comparen-

99 1537 178 1571 tur.
237 1532 328 1570 Scio
349 1545 455 1570 nunc
478 1532 602 1583 quid
591 1546 631 1570 1n
661 1533 791 1571 animo
812 1538 895 1571 tute
914 1539 1044 1570 tecum
1066 1532 1247 1570 volutes:
1277 1531 1347 1570 sed
1367 1532 1468 1570 illud
1491 1533 1565 1571 tibi

100 1587 334 1626 confirmare
355 1601 514 1641 possum
540 1589 728 1640 syllabam
759 1588 925 1641 primam
946 1589 1059 1627 verbi
1091 1588 1280 1640 ἴμερῶπις
1305 1601 1389 1626 esse
1410 1589 1565 1640 produ-

101 1650 205 1683 ctam
230 1649 348 1695 atque
370 1645 538 1694 longam.
596 1645 751 1683 Primus
777 1645 819 1682 id
844 1645 1023 1696 reposuit
1053 1644 1246 1682 Henricus
1267 1644 1491 1696 Stephanus
1512 1659 1564 1684 ex

101 1700 328 1751 conjectura
357 1706 550 1752 quantum
575 1713 646 1751 ego
669 1714 717 1739 ex
745 1714 788 1740 re
813 1702 898 1753 ipsa
930 1700 1198 1754 conjecturam
1223 1701 1340 1741 facio.
1399 1701 1563 1740 Veteres

100 1756 292 1796 editiones
310 1763 604 1808 repraesentant
624 1757 690 1797 και
714 1754 886 1810 αρμονίη
908 1772 952 1810 γε
972 1760 1161 1810 μερῶπις.
1219 1757 1357 1809 Itaque
1376 1757 1442 1796 hic
1464 1772 1562 1809 quo·

100 1826 178 1866 que
198 1813 401 1863 legendum
422 1819 480 1851 est
501 1812 671 1866 ἁρμονίη
693 1816 931 1865 θεμερῶπις.
987 1812 1160 1866 Hesych.
1194 1815 1444 1866 Θεμερωπις,
1474 1815 1561 1867 ἐρα-

100 1870 209 1922 σμία,
234 1865 395 1923 οἷγχόνη.
435 1869 535 1920 Lege
554 1870 720 1935 ἑρασμία
739 1869 930 1922 ἁρμονίη,
961 1872 1171 1908 autoritate
1190 1869 1457 1922 Empedoclis:
1486 1870 1560 1908 nisi

29 1924 32 1925 ⁷
99 1927 132 1965 si
152 1926 277 1965 mavis
299 1925 466 1978 ἕρασμία
495 1922 663 1978 αἰσχύνη
684 1939 734 1964 ex
760 1926 947 1978 Aeschyli
973 1925 1228 1966 Prometheo:
1270 1929 1334 1966 Εκ
1353 1923 1396 1967 δ’
1419 1925 1560 1979 ἔπληξέ

49 2006 51 2008 >
99 1998 178 2035 μου
200 1998 276 2033 την
301 1985 532 2034 θεμερῶπιν
561 1983 675 2023 αι’δῶ.
732 1980 866 2030 Αἰόως
892 1989 951 2022 est
982 1979 1168 2035 αἰσχύνη.
1224 1983 1298 2021 Pei
1301 1996 1436 2034 peram
1462 1982 1560 2021 huic

98 2039 260 2078 lectioni
298 2038 559 2087 Scholiastes,
605 2046 644 2078 et
675 2039 938 2091 Etymologici
982 2046 1098 2078 autor
1127 2041 1383 2110 θερμερῶπιν
1418 2053 1558 2078 vocem

97 2095 213 2134 nihili
239 2101 500 2147 anteponunt,
545 2101 733 2146 tanquam
763 2097 1061 2149 θερμαίνουσαν
1090 2111 1165 2149 την
1191 2111 1291 2137 ωπα.
1357 2097 1480 2147 Atqui
1509 2110 1556 2134 eo

97 2159 215 2205 pacto
239 2155 446 2206 θερμῶπις
474 2158 575 2190 esset
600 2152 827 2190 dicendum·
866 2166 994 2205 neque
1021 2153 1124 2192 enim
1142 2153 1206 2191 vel
1236 2152 1355 2191 fando
1377 2152 1557 2191 auditum

99 2215 160 2248 est
183 2207 392 2262 θέρμερος.
454 2209 592 2247 Pollux
620 2215 746 2247 tamen
774 2209 845 2251 lib.
866 2212 903 2251 6.
927 2223 960 2248 c.
979 2209 1048 2252 40.
1085 2207 1138 2251 To*
1165 2207 1209 2249 δὲ
1236 2205 1558 2275 θερμερύνεσθαι

96 2265 166 2306 καὶ
190 2267 384 2319 κιχλιόιᾷν
403 2281 573 2318 κωμικα.
630 2261 737 2303 MSl
726 2268 880 2322 χλιδιᾷν
903 2266 968 2305 vel
985 2267 1226 2320 κυχλοιδιᾷν.
1283 2265 1345 2314 leg
1326 2277 1368 2302 oe
1389 2261 1558 2318 θεμερύ-

97 2326 243 2364 νεσθαι
261 2321 355 2362 καὶ
345 2323 494 2391 χλιὸᾷν,
524 2322 590 2360 vel
608 2323 782 2391 χλοιὸᾇν.
805 2307 870 2362 vel
890 2324 1109 2378 κυλοιδιαν.
1166 2306 1408 2372 Hesychius:
1441 2321 1558 2372 Θὲμε-

99 2393 182 2430 ρον,
213 2375 372 2431 σεμνον,
401 2374 479 2429 ἀφ’
498 2395 545 2419 ου
562 2394 629 2419 και
647 2376 690 2420 τὸ
709 2376 987 2431 σεμνύνεσθαι,
1024 2364 1329 2444 θεμερύνεσθαι.
1376 2376 1557 2443 Θεμέρη,

98 2435 263 2487 βεβαία,
296 2433 441 2486 σεμνη,
474 2431 686 2487 ευσταθής.
745 2432 1070 2490 Θεμερόφρονας,
1101 2447 1299 2483 συνετους,
1331 2445 1555 2485 σωφρονας.

98 2490 176 2528 Sed
200 2497 244 2528 ut
273 2491 497 2542 planissime
523 2498 695 2539 constet3
726 2506 824 2544 opus
847 2499 904 2531 est
934 2499 979 2531 ut
1007 2490 1194 2543 strophen
1221 2496 1260 2529 et
1281 2488 1558 2540 antistrophen

96 2546 200 2585 inter
218 2560 258 2584 se
277 2548 539 2586 conferamus:
570 2549 610 2587 in
632 2549 774 2600 quibus
798 2548 839 2588 hi
858 2562 997 2588 versus
1015 2547 1259 2600 respondent
1279 2559 1328 2585 ex
1349 2545 1528 2584 adverso.

316 2606 378 2643 Εκ
407 2601 449 2646 δ’
480 2605 618 2657 ἔπληξέ
647 2621 724 2656 μου
753 2603 826 2646 τάν
854 2607 1088 2674 θεμερωπιν
1117 2605 1230 2645 αἰδῶ.

321 2662 511 2713 Νεοχμοῖς
539 2661 583 2703 δὲ
610 2660 746 2715 νόμοις
775 2659 877 2710 Ζεύς
905 2658 1092 2713 ἄθέσμως
1117 2655 1316 2714 κρατύνει.

96 2728 172 2767 Ubi
193 2743 267 2781 pro
289 2725 475 2783 αθέσμως
494 2746 544 2771 ex
564 2733 792 2773 necessitate
821 2730 933 2770 metri
955 2730 1106 2783 conjeci
1123 2729 1332 2782 legendum
1355 2742 1437 2766 esse
1460 2724 1557 2768 αθε-
1582 2728 1615 2762 O
1639 2729 1684 2764 77

95 2800 184 2832 τως·
224 2786 352 2833 Quam
375 2788 642 2839 conjecturam
660 2789 833 2829 firmavit
854 2786 1088 2840 HesychiuS.
1147 2788 1325 2836 Aeeteos,
1356 2782 1557 2837 οἷθέσμως,

153 2846 297 2882 Ioannes
335 2847 503 2885 Mutatus.
1223 2842 1278 2886 47
