1838 3230
324 151 424 200 576
812 147 1274 194 ANNOTATIONES.

325 277 414 358 eufm
431 263 581 315 primo,
610 261 751 302 deinde
780 259 1139 318 Παρθαμασπάτην
1169 271 1308 315 vocat3
1334 265 1396 305 uti
1425 271 1466 306 et:
1491 266 1624 307 noster‘
1649 270 1764 311 etiam

322 334 365 358 ln
382 333 438 359 1ᾛὸ

434 374 531 428 Pag.
559 347 655 417 270
685 376 748 416 16.
776 375 833 428 τῷ
857 369 937 425 ιβ”
924 373 999 414 ε’τει
1020 378 1090 424 τῆς
1117 374 1346 431 βασιλείας]
1374 377 1638 431 Hieronymus
1661 379 1768 432 apud

322 432 557 481 Eusebium,
595 430 696 469 bella
727 429 826 469 haec
860 430 1074 470 Orientalia
1113 447 1136 472 a
1169 434 1338 487 Trajano
1370 440 1500 486 gesta,
1539 434 1591 473 ad.
1623 448 1768 479 annum

323 488 551 542 ejusdemv.
570 488 704 526 refert.

440 547 533 595 Pag.
564 547 658 585 270.
688 546 754 585 21.
783 541 998 597 ὄγαμβρός
1015 540 1141 585 αὐτου
1158 541 1216 586 ἐπ’
1234 541 1416 600 οἷδελφῇ]
1451 548 1534 588 Ser.
1557 542 1766 603 ἀδελφιδῆ.

326 600 602 638 Consobiinae.
663 599 831 651 Trojano
872 607 910 639 et
944 601 1150 652 sanguine,
1197 607 1235 639 et
1267 589 1456 640 affinitate
1494 602 1654 655 junctus
1683 608 1768 643 erat

324 657 544 704 Adrianus,
576 660 674 693 teste
694 656 776 694 Ael.
796 657 1022 707 Spartiano,
1051 657 1090 694 in
1119 657 1279 697 Αᾶιὶθη.
1335 656 1520 697 Adriano
1548 667 1660 711 pater
1678 657 1768 698 Ae-

325 711 401 751 lius
416 710 644 761 Adrianus,
675 722 927 762 cognomento
945 712 1061 767 Aftr,
1079 712 1181 767 fuit,
1211 713 1460 752 consobrinus
1481 714 1648 766 Trajani
1665 712 1766 767 Imp.

324 769 376 807 Et
399 768 519 818 paulo
541 773 642 819 post.
672 767 844 820 Denique
868 768 1016 822 suffi'ao
1000 778 1111 806 ‹rante
1132 767 1258 819 Sura,
1289 768 1343 807 ad
1368 771 1581 808 amicitiam
1603 770 1769 823 TraJ‘am‘

321 823 529 877 pleniorem
553 821 686 872 rediit,
717 833 824 874 nepte
840 838 907 874 per
933 838 1101 862 sororem
1121 825 1284 876 Trajani
1314 840 1438 864 uxore
1455 835 1629 896 accepia.
1686 827 1768 865 Ea·-

325 880 413 918 dem
436 879 517 917 fere
537 878 656 917 habes
683 879 790 930 apud.
817 879 1015 917 Dionem
1004 894 1045 917 m
1073 879 1264 920 Adriano:
1293 878 1492 949 Αὸριανὸς
1519 881 1561 921 δὲ
1583 879 1665 923 ὕπο
1694 881 1768 934 μὲν

330 938 530 988 Τραϊανοῦ
548 950 622 975 ουκ
635 931 880 1002 ἒσεποιήθη·
910 930 964 988 ἦν
982 934 1064 1006 μὲνρ
1076 934 1151 989 γοὶρ
1168 939 1328 1002 πολίτης
1347 933 1489 985 αυτοῦ,
1519 937 1587 978 και
1611 937 1768 1006 ἐπετρο-

256 1022 258 1026 -
325 990 464 1043 πεύθη
494 987 562 1031 ὑπ’
591 986 736 1041 αὐτοῦ,
778 989 917 1044 γένους
944 988 994 1032 θ’
1022 992 1064 1032 οἱ
1089 988 1292 1033 ἐκοινώνει
1318 992 1386 1032 καὶ
1405 989 1625 1046 ἀδελφιδῆν
1643 990 1768 1035 αὐτοῦ

326 1048 344 1089 ἒ
371 1062 387 1087 ε
414 1044 566 1099 «μήκει.

346 1064 367 1101 y
389 1063 410 1101 y
445 1106 533 1155 Pag
565 1107 659 1146 270.
689 1108 754 1146 22.
785 1103 841 1151 εἰς
858 1100 1027 1156 δρόμον]
1060 1103 1227 1142 Omnino
1245 1103 1465 1154 legendum,
1496 1103 1552 1152 εἰς
1568 1099 1765 1156 δρόμωνα.

324 1166 371 1198 ut
397 1173 446 1197 ex
479 1161 730 1209 sequentibus
766 1166 939 1211 apparet.
1004 1162 1170 1198 Cursum
1197 1167 1326 1199 autem
1355 1160 1555 1212 publicum
1576 1167 1616 1199 et
1633 1161 1766 1212 Equis,

323 1215 606 1266 vehiculisque,
628 1223 665 1254 et
686 1216 859 1266 Navigiis
879 1216 992 1254 etiam
1013 1217 1182 1265 stetisse,
1216 1223 1382 1268 apparet
1400 1230 1450 1254 ex
1469 1215 1628 1254 Sidonio
1647 1216 1769 1268 Apol-

324 1272 393 1310 lin.
414 1271 576 1322 Epistol.
597 1272 665 1309 lib.
689 1276 723 1312 1.
746 1273 818 1322 Ep.
842 1271 879 1312 5.
937 1272 1089 1310 Tricini
1109 1270 1328 1311 Cursoriam
1349 1273 1423 1322 (sic
1442 1272 1596 1323 navigio
1611 1270 1766 1326 nomen)

324 1326 507 1377 ascendi,·
539 1343 616 1380 qua
633 1329 673 1365 in
689 1325 901 1364 Eridanum
923 1326 1024 1365 brevi
1043 1325 1214 1365 delatus:
1245 1334 1315 1368 etc.
1373 1328 1447 1366 Ubi
1468 1328 1650 1367 Sidonius
1673 1326 1770 1368 Cur-

324 1384 491 1431 soriam,
522 1381 718 1436 (subaudi
735 1396 874 1421 navem
885 1380 918 1434 ,)
954 1396 1070 1433 quam
1096 1383 1237 1421 Graeci
1259 1380 1444 1434 δρόμωνα
1472 1389 1629 1422 vocant.
1687 1383 1768 1421 Ha-

323 1452 414 1478 rum
435 1451 527 1477 vero
553 1439 728 1488 Remiges
753 1435 1040 1491 δρομωνάριοι,
1071 1439 1216 1477 Latinis
1245 1439 1358 1477 etiam
1383 1439 1629 1477 Dromonarii
1651 1439 1767 1478 dicti:

322 1494 469 1545 quibus
498 1493 737 1533 Theoderici
776 1494 927 1545 scripta
954 1494 1130 1545 Epistola
1162 1501 1293 1544 extat,
1333 1495 1438 1546 apud
1478 1494 1765 1546 cassiodorum,

324 1550 474 1588 variar.
507 1551 577 1590 lib.
605 1554 643 1592 2.
688 1561 738 1587 ex
767 1563 844 1601 qua
870 1551 1040 1600 paucula
1070 1550 1190 1599 haec,
1235 1551 1286 1588 ad
1314 1550 1561 1602 propositum
1587 1557 1768 1590 nostrum

324 1606 565 1657 spectantia,
605 1606 786 1657 proferre
817 1619 897 1644 non
928 1606 1131 1656 gravabor.
1194 1605 1245 1644 Et
1271 1605 1356 1645 ideo
1387 1606 1530 1644 Comiti
1557 1605 1768 1645 Sacrorum

324 1661 598 1714 Lar-gitionum
631 1672 763 1700 nostra
789 1663 985 1714 praecepit
1019 1662 1252 1711 auctoritas,
1293 1671 1334 1699 ut
1370 1663 1412 1700 in
1439 1659 1651 1700 hostiliensi
1678 1660 1767 1701 loco

327 1719 510 1757 constitui
529 1716 719 1768 debeatis;
747 1727 932 1771 quatenus
945 1716 1087 1771 fiscali
1106 1717 1344 1755 humanitate
1377 1718 1552 1766 recreati,
1581 1732 1769 1756 excursus

327 1788 414 1812 cum
444 1772 650 1812 veredariis
674 1789 743 1826 per
773 1771 923 1811 alveum
955 1771 1056 1812 Padi
1085 1788 1189 1811 more
1212 1771 1327 1811 solito
1343 1772 1544 1828 faciatis,
1574 1782 1617 1811 ut
1643 1771 1767 1811 diviso

327 1827 481 1879 labore,
511 1830 616 1883 equis
642 1827 810 1881 publicis
844 1827 978 1867 debeat
1007 1827 1222 1867 subveniri:
1250 1834 1326 1868 etc.
1383 1828 1618 1892 iiujusmodi
1638 1835 1768 1867 autem

325 1885 509 1935 navigio,
538 1886 673 1923 relicta
697 1891 788 1948 post
808 1898 849 1923 se
866 1885 987 1923 classe
1009 1884 1174 1937 reliqua,
1205 1884 1320 1923 celer
1309 1884 1413 1923 1tatis
1433 1897 1548 1922 causa
1564 1883 1631 1922 hic
1651 1897 1768 1923 usum

326 1940 447 1978 fuisse
469 1941 702 1993 Trajanum,
731 1940 859 1979 innuit
880 1941 1040 1980 Auctor.

439 1994 535 2048 Pag
564 1999 758 2039 271.16.
806 1993 963 2050 αναιρεῖ
987 1991 1060 2037 οὐν
1091 1995 1274 2049 ἕκαστος]
1309 1992 1648 2049 801.οῗναιρείτω,
1685 1994 1768 2034 sive

329 2066 421 2092 αναι
452 2067 486 2104 ῃ.

424 2066 540 2159 QPag.
567 2110 660 2149 271.
691 2110 756 2149 23.
789 2104 1066 2174 Φουρτούνου,
1102 2106 1170 2148 καὶ
1201 2103 1415 2161 Γαογαρη]
1445 2106 1505 2153 Ex
1527 2106 1767 2145 Graecorum

326 2163 560 2202 formatione
578 2163 798 2213 nominum,
827 2160 1064 2217 Γαργάριος,
1095 2163 1343 2202 scribendum
1365 2169 1482 2201 esset:
1515 2162 1586 2201 sed
1601 2175 1674 2200 nec
1693 2174 1766 2200 vo-

328 2220 424 2257 calis
440 2219 592 2272 longa
580 2233 623 2258 m
649 2218 808 2267 ultima,
840 2227 1045 2259 accentum
1073 2220 1117 2258 in
1141 2219 1445 2273 antepenultima
1472 2217 1552 2258 hoc
1575 2218 1664 2256 loco
1683 2216 1766 2267 pati

356 2281 466 2314 otest.

325 2289 352 2327 P
442 2332 657 2382 Pag.272.
687 2333 752 2372 16.
781 2330 944 2384 ταυρὲας
966 2330 1170 2383 summan]
1198 2329 1370 2384 ταυρείῃ,
1389 2342 1458 2368 seu
1473 2326 1629 2380 ταυρὲη,
1652 2325 1767 2379 (sub-

331 2386 445 2435 audi,
484 2383 599 2439 δορα)
636 2386 753 2424 Pellis
786 2393 844 2425 est
873 2387 1066 2425 Taurina.
1104 2388 1347 2437 sumiturque
1382 2386 1457 2436 pro
1492 2383 1631 2434 quovis
1657 2396 1767 2421 exea

329 2444 433 2480 sacto
463 2443 631 2490 scutica,
669 2443 838 2494 Clypeo,
880 2443 1055 2492 Casside,
1098 2450 1172 2484 etc.
1238 2443 1324 2480 Hoc
1360 2453 1453 2478 vero
1496 2441 1608 2488 loco,
1648 2439 1768 2489 Tym-

328 2511 483 2561 panum·
503 2498 611 2548 quod
638 2511 687 2536 ex
715 2499 817 2550 pelle
853 2499 969 2536 etiam
1011 2499 1165 2537 taurina
1201 2499 1370 2545 factum,
1411 2496 1561 2546 signare
1587 2493 1762 2532 videtur:

333 2567 411 2604 quo
435 2554 548 2591 etiam
570 2567 684 2591 sensu
698 2554 818 2593 habes
834 2554 939 2605 apud
959 2555 1125 2594 Leonem
1144 2555 1242 2605 Imp,
1273 2552 1480 2590 Constitut.
1501 2555 1539 2592 7.
1556 2556 1594 2588 et
1618 2549 1767 2587 Mauri-

332 2610 436 2647 cium
456 2609 648 2660 strategio.
664 2610 730 2649 lib.
751 2614 787 2653 1
817 2610 906 2648 vide
921 2609 1004 2647 Nic.
1024 2610 1202 2659 Rigaltii,
1233 2615 1271 2647 et
1294 2608 1352 2646 Jo.
1379 2607 1537 2645 Meursii
1567 2604 1766 2643 Glossaria

332 2665 374 2702 in
406 2664 568 2717 Ταυρέα.
630 2666 719 2704 Non
746 2666 879 2717 itaque
909 2665 1086 2703 assentiri
1120 2677 1280 2716 possum
1311 2663 1506 2711 Reinesio,
1544 2661 1764 2698 Var.1.ect.

333 2721 360 2759 l.
377 2724 415 2761 3.
444 2721 512 2758 ubi
541 2721 814 2760 animadve1tit
846 2722 886 2760 in
913 2720 1076 2760 Palladii
1103 2721 1203 2760 Hist.
1234 2721 1348 2758 Laus.
1374 2720 1625 2768 interpretem
1654 2716 1765 2754 Gent.

335 2776 440 2817 Herv
444 2783 570 2827 etum,
598 2791 642 2816 eo
665 2778 771 2830 quod
793 2777 968 2831 Ταυρέαν
986 2790 1066 2816 non
1090 2775 1287 2817 Senticam
1301 2805 1314 2826 ,
1344 2774 1414 2813 sed
1441 2773 1653 2812 Taurinam
1676 2768 1765 2823 pel-
