1838 3230
595 157 1082 208 ‚ANNOTATIONES
1465 163 1567 212 573

108 281 213 322 mim
237 277 460 326 ἀπεθέωσε.
517 279 618 319 Cum
647 277 752 318 enim
777 278 886 316 omni
910 277 1148 329 flagitiorum
1178 289 1318 329 genere
1342 276 1565 330 poll-uisset,

108 334 252 380 ἕαυτδν
279 336 302 380 ὅ
327 335 452 385 ἔθεος
469 339 692 382 τελευταῖον
713 331 939 383 οἷπεθέωσε,
965 335 1096 388 inquit
1120 334 1341 383 Cedrenus3
1369 333 1496 374 Deum
1525 349 1567 374 se

107 395 232 449 ipsum
246 403 439 447 postremo
459 391 652 446 appellari
662 393 795 445 jussit.

217 449 314 504 Pag.
341 452 439 492 262.
473 452 537 503 13,
566 445 790 499 φιλόσοφος
811 445 960 502 ἄκρος]
990 448 1074 487 Imo
1093 443 1321 502 μυιοθήρας
1348 446 1566 486 solertissi-

105 518 206 546 mus.
261 504 526 547 Bibliotheca
545 511 674 544 tamen
692 505 976 556 impensissime
1002 504 1240 556 reparandas
1263 504 1438 555 curavit,
1469 504 1566 544 licet:

104 562 228 603 libros
247 563 432 614 neglexit.
489 561 587 600 Vide
609 563 838 600 Suetonium
862 562 904 600 in
923 561 1166 611 Domitiano,
1196 562 1273 601 Tit.
1303 565 1374 604 20.

214 617 316 672 Peg.
346 621 440 662 262
473 621 539 660 16.
573 617 642 658 καὶ
676 617 877 667 ἕξαίτασεν
907 614 1050 666 αὐτόν]
1099 619 1287 656 Joannem
1323 618 1562 669 Apostolum

102 675 177 714 sub
198 675 422 715 Domitiano
439 674 618 713 Patmum
635 675 802 713 insulam
822 676 1034 725 relegatum
1057 675 1197 714 scribit
1213 675 1422 724 irenaeus,
1455 675 1563 728 apud

100 731 312 773 Eusebium
323 746 336 783 5
364 733 528 770 Romam
544 745 641 770 vero
662 732 899 770 accersitum
919 732 1038 770 fuisse
1057 731 1198 770 nullibi
1216 731 1390 770 invenio.

213 789 316 842 Pag.
347 791 444 831 262.
474 791 543 831 22.
568 788 697 839 ἐφίλει
714 786 779 829 τὸν
799 785 1020 841 ὀρχηστήν]
1051 790 1168 827 uxori
1188 788 1348 839 quidem
1373 788 1458 840 ejus
1480 790 1560 827 Do-

99 845 230 884 mitiae
248 843 465 898 percharus
486 845 606 883 fuisse
627 844 857 896 perhibetur
873 845 982 883 Paris
1004 845 1083 883 Iste
1111 845 1286 883 Histrio:
1322 844 1399 883 hoc
1424 846 1561 897 itaque

99 902 252 951 occiso,
284 915 369 941 eam
389 901 617 953 repudiavit
637 902 882 940 Domitianus
908 908 1008 940 teste
1035 902 1175 950 Dione,
1204 908 1242 940 et
1255 902 1423 942 Zonara.
1479 903 1560 941 No-

98 963 181 997 ster
201 964 327 997 tamen
349 958 399 996 de
419 957 560 997 Paride
581 973 602 996 a
626 958 845 997 Domitiano
865 958 1093 997 muneribus
1115 965 1254 1002 aucto,
1286 965 1324 996 et
1353 958 1404 996 ad
1421 958 1560 997 Antio..

100 1013 230 1053 chiam
246 1013 494 1054 incolendam
512 1014 560 1053 ab
585 1016 724 1053 eodem
746 1016 878 1063 misso,
901 1015 969 1053 ubi
987 1015 1144 1053 tandem
1165 1020 1347 1054 mortuus
1362 1021 1402 1055 et
1423 1017 1558 1066 sepul-

97 1077 162 1109 tus
191 1077 266 1121 est,
307 1071 577 1110 suavissimam
606 1071 738 1110 statim
774 1072 932 1123 profert
957 1071 1307 1114 narratiunculam.
1376 1071 1557 1112 Paridem

97 1133 227 1166 tamen
259 1127 380 1167 istum
409 1127 718 1177 pantomimum,
760 1135 799 1167 et
827 1128 999 1174 Palatio,
1039 1134 1078 1167 et
1106 1129 1198 1167 urbi
1227 1128 1433 1166 universae
1461 1129 1556 1166 olim

96 1184 383 1234 gratissimum,
414 1185 561 1223 Romae
587 1185 785 1236 sepultum
814 1185 971 1237 jacere,
1001 1191 1141 1223 testem
1167 1185 1358 1225 habemus
1378 1185 1558 1238 locuple·

95 1246 177 1280 tem
195 1241 439 1290 Martialem3
468 1241 510 1279 in
532 1240 610 1279 hoc
629 1241 672 1278 in
689 1241 856 1280 eundem
874 1242 1172 1292 Epigrammate.

315 1297 501 1350 Quisquis
518 1295 754 1336 Flaminiam
778 1299 867 1336 teris
890 1299 1031 1348 viator,

310 1353 411 1395 Noli
423 1352 553 1392 nobile
569 1355 775 1405 praeterire
794 1353 991 1394 Marmor.

317 1409 436 1449 Urbis
457 1407 637 1456 deliciae,
667 1408 855 1464 Salesque
873 1409 975 1454 Nili.

308 1466 414 1516 Ars,
445 1475 480 1504 et
493 1467 652 1518 gratia,
683 1464 814 1516 lusus,
844 1477 879 1505 et
898 1464 1092 1520 voluptas,

309 1521 489 1562 Romani
509 1520 646 1568 decus,
678 1532 713 1560 et
737 1521 851 1562 dolor
873 1523 1053 1562 Theatri:

308 1578 446 1632 Atque
467 1592 598 1617 omnes
615 1593 787 1624 veneres,
823 1576 1118 1632 Cupidinesque,

308 1633 406 1674 Hoc
423 1643 511 1672 sunt
530 1633 711 1684 condita,
742 1650 818 1689 quo
837 1636 958 1673 Paris
970 1664 980 1684 ,
1009 1632 1223 1687 sepulchro.

206 1691 301 1742 Pog·
330 1692 424 1733 263.
457 1692 498 1732 3.
529 1687 637 1737 ὅστις
659 1689 844 1742 βασιλεύς
862 1687 1024 1742 ἐξώρισε
1039 1689 1108 1731 *cdv
1130 1687 1252 1732 αὐτόν
1274 1688 1551 1746 Ιουβενᾶλιον]

90 1743 294 1797 Ipsissima
311 1745 410 1785 haec
428 1746 550 1785 habes
578 1746 686 1798 apud
712 1747 896 1798 Suidam,
927 1747 975 1785 de
1001 1747 1213 1796 Juvennle,
1240 1748 1282 1786 in
1306 1749 1551 1802 Pentapolim

89 1801 261 1853 Libyae,
289 1803 352 1842 vel
374 1809 420 1842 ut
438 1802 516 1851 alii,
545 1802 586 1840 in
603 1803 738 1842 oasim
762 1803 952 1856 Aegypti,
983 1803 1032 1841 ob
1051 1804 1244 1853 Paridem,
1260 1805 1441 1857 relegato.
1470 1808 1550 1846 Un-

91 1857 142 1898 de
163 1871 276 1910 eum,
306 1857 528 1899 Histrionis
550 1858 746 1909 Exulem,
777 1867 897 1899 vocat
911 1859 1097 1898 Sidonius
1114 1860 1335 1914 Apollinar.
1357 1863 1483 1907 Carm.
1507 1869 1548 1908 9.

307 1915 392 1955 Nec
411 1916 480 1970 qui
499 1914 694 1954 consimili
717 1914 854 1956 deinde
872 1930 980 1966 casu,

305 1970 383 2011 Ad
398 1972 506 2023 vulgi
523 1981 669 2010 tenuem
694 1975 894 2026 strepentis
912 1987 1062 2021 auram,

303 2026 508 2085 Iraiifuit
526 2027 747 2068 Histrionis
764 2027 892 2070 Exul.

195 2082 296 2137 Peg.
326 2088 424 2128 268.
457 2086 522 2127 15.
550 2079 604 2137 ἦν
623 2085 904 2138 κεκτισμένον]
939 2087 1024 2125 Scr-
1054 2084 1296 2140 ἔκτισμὲνον.

202 2143 300 2194 Peg.
327 2145 421 2184 263.
452 2145 520 2184 20.
550 2145 756 2194 πανταχοῦ
769 2145 897 2183 ποιῶν
921 2142 1154 2195 τελέσματα]
1185 2145 1334 2183 Locum
1360 2140 1469 2180 hunc
1493 2155 1543 2182 ex

86 2202 226 2236 nostro
256 2197 468 2250 descripsit
497 2196 589 2236 Chr.
622 2198 736 2240 Alex.
765 2205 925 2250 auctor3
962 2200 1075 2253 cujus
1111 2202 1308 2252 interpres
1333 2197 1546 2250 τελέσματα

86 2253 222 2292 reddit
244 2252 470 2306 Vectigalia
478 2271 490 2304 ς
519 2255 698 2295 ridicule.
758 2256 814 2296 De
836 2257 1048 2309 Apollonio
1070 2270 1165 2297 vero
1188 2257 1266 2295 hoc
1285 2256 1440 2295 'relenta
1456 2257 1544 2307 plu·
1619 2294 1625 2297 ,

86 2309 188 2348 rima
211 2310 325 2349 etiam
346 2309 466 2350 habes
480 2311 588 2364 apud
611 2313 670 2353 Jo.
693 2312 889 2362 Tzetzem,
921 2314 1081 2355 Centur.
1104 2318 1143 2356 2.
1163 2313 1263 2352 Hist.
1287 2316 1354 2354 60.
1382 2313 1439 2350 De
1467 2313 1544 2350 Te-

86 2365 292 2407 lesmatum
317 2380 412 2406 vero
452 2368 788 2407 conficiendorum
823 2369 967 2419 modo,
999 2383 1214 2422 eorumque
1244 2369 1417 2416 viribus,
1448 2368 1543 2409 vide

88 2420 303 2485 doctissimi
326 2423 408 2463 Jac.
435 2425 636 2464 Gaffarelli
658 2423 910 2466 Curiositates
938 2425 1166 2476 Ιηαιιᾶἰιαε,
1198 2425 1247 2465 ab
1271 2427 1359 2477 ipso
1390 2425 1543 2464 Gallice

88 2485 269 2530 scriptas.

197 2535 298 2588 Peg.
326 2540 420 2580 263.
455 2541 522 2580 21.
554 2539 610 2587 εἰς
630 2534 904 2591 Βυζούπολιν]
933 2538 1023 2577 chr.
1044 2538 1158 2578 Alex.
1184 2538 1279 2589 legit
1298 2536 1539 2589 disjunctim,

87 2591 222 2638 Βυζοῦ
236 2589 372 2633 uolut:
401 2594 597 2634 Cedrenus
620 2596 736 2634 etiam
761 2596 901 2634 urbem
930 2595 1034 2634 hanc
1056 2609 1077 2633 a
1098 2595 1205 2646 Byzo
1224 2606 1317 2645 rege
1338 2593 1538 2633 conditam

85 2646 194 2698 vult5
224 2648 345 2688 malet
371 2649 582 2702 Byzsntem
605 2652 733 2703 enim,
762 2666 841 2692 non
858 2653 1028 2704 Byzum,
1056 2650 1195 2689 habuit
1221 2649 1480 2689 conditorem.

195 2705 298 2757 Pag-
329 2708 423 2748 264.
451 2707 492 2749 4.
545 2707 613 2749 καὶ
647 2707 691 2750 τὸ
723 2711 802 2749 τῶν
836 2709 993 2756 ἵππων]
1038 2705 1299 2757 Ferocienies‚
1333 2705 1412 2746 hoc
1441 2706 1534 2745 loco

83 2759 374 2811 supplevimus,
405 2775 454 2800 ex
475 2764 619 2815 Glyca‚
651 2772 690 2804 et
714 2765 905 2813 Cedreno.
975 2764 1118 2814 Glycas
1142 2763 1279 2803 Annal.
1308 2777 1395 2816 par.
1423 2765 1462 2806 3.
1484 2763 1534 2803 de

83 2815 294 2869 Apollonio
312 2817 483 2858 Telesta:
509 2819 560 2860 Et
584 2836 701 2875 equos
727 2819 939 2862 indomitos
954 2819 1116 2877 fraenis
1144 2820 1324 2861 coercuit.
1391 2820 1532 2860 Cedre-
