1838 3230
252 163 350 210 408
646 155 932 201 IOANNIS
961 155 1299 200 MALALAE

104 285 136 320 0
161 285 228 322 127
250 277 297 321 τὸ
328 273 515 330 κάθισμα
548 275 642 331 δίχα
673 272 947 329 διαδήματος’
1002 275 1070 317 καὶ
1099 278 1222 318 τοῦτο
1248 273 1368 330 γνοὺς
1396 272 1419 318 ὃ
1450 275 1582 329 δῆμος
1613 276 1702 325 du·-

253 348 382 400 ἦλθεν
400 345 441 386 ἓν
460 347 519 400 τῷ
533 341 695 400 Ἰππικῷ
710 356 720 366 ·
756 343 824 384 καὶ
850 342 916 384 διὰ
934 343 1051 392 θείας
1079 340 1404 400 προσφωνήσεως
1425 341 1555 385 αὗτοῦ
1580 360 1699 397 μετε-

247 413 454 468 χειρίσατο
473 410 524 453 τὰ
541 408 682 464 πλήθη
701 413 776 464 τῆς
793 407 967 462 πόλεως,
994 411 1264 466 παραγγείλας
1284 410 1424 460 αὐτοῖς
1442 410 1500 465 μὴ
1516 408 1582 461 ὥς
1604 409 1699 454 ἴτυ-

246 497 294 537 χε
315 476 495 536 φονεύειν
527 477 553 532 ἢ
583 477 830 535 ε’πέρχεσθαί
843 491 946 520 τισι·
995 479 1061 520 καὶ
1090 476 1293 533 ἡσύχασεν
1317 477 1426 521 ἅπαν
1453 477 1499 520 τὸ
1519 482 1697 534 πλῆθος,

251 545 488 601 αἲτήσαντες
507 545 633 589 αὐτὸν
656 545 827 601 φορέσαι
844 545 891 587 τὸ
911 544 1083 599 στέμμα.
1153 548 1219 588 καὶ
1248 544 1357 596 ἐξότε
1384 543 1596 601 ἡσύχασαν
1628 549 1730 589 καὶὸ

250 612 511 669 ἀνεχώρησαν
537 617 610 655 τοῦ
648 614 1017 669 συναθροίζεσθαι,
1062 612 1238 656 ἐκέλευσε
1276 614 1452 669 κατοχὴν
1484 614 1674 670 γενέσθαι
1685 629 1700 651 ·,

197 691 232 729 c
253 684 318 726 καὶ
338 684 498 724 πολλῶν
514 680 815 737 κρατηθέντων,
852 680 948 729 τοὺς
966 681 1039 734 μέν
1061 679 1354 736 ἐτιμωρήσατο,
1392 681 1488 731 τοὺς
1515 684 1559 725 δὲ
1585 683 1699 740 ἐρευ-

247 748 391 804 μάτισε
413 748 481 791 διὰ
500 753 574 792 τοῦ
596 746 773 804 ἐπάρχου
792 752 866 803 τῆς
884 746 1051 798 πόλεως.
1111 754 1241 791 ταῦτα
1259 751 1303 792 δὲ
1320 749 1494 803 ἔπασχον
1513 751 1577 792 ἐπὶ
1596 755 1699 794 πολ-

249 818 323 867 λὰς
340 815 516 874 ἠμέρας,
553 818 618 858 καὶ
639 814 825 871 πλήθους
843 815 1012 872 ἀπείρου
1045 816 1315 872 φονευθέντος
1349 817 1511 868 εὐταξία
1545 818 1697 874 ἐγένετο

249 883 403 941 μεγάλη
446 886 513 926 καὶ
555 882 686 941 φόβος
715 883 788 926 οὐκ
830 884 962 940 ὀλίγος
1000 884 1043 927 ἐν
1082 883 1509 929 Κωνσταντινουπόλει
1552 887 1621 929 καὶ
1656 887 1699 930 ἓν
1711 895 1756 930 10

250 951 400 1010 ἑκάστῃ
421 950 533 995 πόλει
552 956 626 1007 τῆς
638 950 876 1007 Ῥωμανιάς.

352 1020 476 1064 Μετὰ
497 1021 541 1062 δὲ
570 1020 703 1076 ὀλίγον
729 1019 868 1075 καιρὸν
900 1017 1001 1062 εἶδεν
1032 1020 1074 1062 ἔν
1104 1017 1279 1075 δράματι
1312 1017 1334 1062 ὅ
1366 1019 1489 1070 αὗτός
1509 1020 1701 1076 βασιλεὺς

246 1086 510 1137 Ἀναστάσιος
545 1087 607 1131 ὅτι
635 1088 730 1141 ἔστη
754 1088 935 1130 ἐναντίον
960 1087 1086 1130 αὐτοῦ
1125 1085 1226 1144 ἀνήρ
1258 1104 1317 1137 τις
1347 1088 1516 1142 τέλειος,
1554 1087 1701 1144 εὗσχή-
1736 1133 1739 1135 ,

250 1174 366 1212 μων,
413 1154 628 1209 βαστάζων
669 1154 820 1198 κώδικα
860 1156 1154 1211 γεγραμμένον,
1211 1157 1278 1198 καὶ
1316 1154 1598 1212 ἀναγινώσκων
1633 1159 1702 1199 καὶ

253 1222 487 1274 ἀναπτύξας
517 1228 590 1266 τοῦ
619 1221 789 1272 κώδικος
819 1222 953 1279 φύλλα
986 1223 1099 1266 πέντε
1133 1224 1200 1265 καὶ
1229 1223 1427 1279 ἀναγνοὺς
1459 1224 1600 1268 τὸτοῦ
1618 1230 1699 1279 βα·
1711 1237 1754 1273 15

253 1293 394 1342 σιλέως
418 1291 548 1345 ὄνομα
583 1289 687 1334 εἶπεν
723 1291 849 1348 αὐτῷ,
876 1290 979 1343 Ἴδε,
1025 1291 1092 1333 διὰ
1113 1291 1187 1333 τίεν
1225 1291 1452 1346 ἀπληστίαν
1481 1308 1557 1335 σου
1592 1292 1704 1335 άπα-

105 1369 139 1404 0
165 1369 230 1404 128
253 1362 377 1418 λείφω
418 1359 715 1415 δεκατέσσαρα·
775 1361 842 1401 καὶ
885 1363 943 1416 τῷ
981 1359 1069 1416 ῗδίῳ
1099 1357 1286 1416 δακτύλῳ
1316 1359 1442 1402 αὐτοῦ
1486 1358 1700 1415 ἆπῆλειψε,

202 1445 233 1481 D
257 1429 370 1486 φησί.
439 1429 504 1470 καὶ
525 1428 746 1481 διυπνίσθη
766 1427 987 1481 ταραχθεὶς
1016 1424 1037 1468 ὃ
1066 1425 1188 1475 αὐτὸς
1211 1424 1474 1477 Ἀναστάσιος
1491 1427 1699 1480 βασιλεύς,

254 1498 331 1543 καὶ,
352 1492 728 1552 προσκαλεσάμενος
751 1492 967 1548 Ἀμάντιον
997 1493 1068 1536 τὸν
1108 1492 1440 1551 κουβικουλάριον
1469 1497 1535 1538 καὶ
1577 1512 1701 1551 πραι-

254 1562 421 1608 πόσιτον
455 1561 676 1619 διηγήσατο
717 1561 828 1621 αὐτῷ
855 1561 928 1616 τὴν
954 1566 1027 1605 τοῦ
1059 1559 1267 1619 ὁράματος
1304 1561 1516 1605 ὀπτασίαν.
1588 1562 1755 1613 ὅστις20

345 1687 380 1723 7.
404 1684 635 1732 ἕρευμοῖτισε]
655 1684 891 1721 Conferendus
904 1682 1043 1718 videtur
1055 1683 1202 1718 Tzetzes
1218 1683 1262 1718 ad
1283 1685 1458 1730 Lycophr.
1481 1685 1624 1721 v.1285.
1648 1686 1702 1720 iu-

343 1733 474 1767 dicatus
496 1734 538 1766 ab
561 1732 737 1777 Ducangio
761 1743 795 1766 v.
821 1730 958 1775 ῥεῦμα,
992 1726 1011 1765 ὃ
1037 1727 1243 1774 Λυκόφρων
1274 1733 1446 1774 φαίνεται
1476 1729 1610 1774 μεταξύ
1636 1730 1703 1772 τοὶς

345 1777 617 1823 Συμπληγάδας
634 1778 728 1814 εἶναι
750 1777 858 1822 λέγων
877 1775 1111 1820 Καλχηδόνος
1133 1777 1194 1811 καὶ
1219 1778 1442 1819 Βυζαντίου,
1469 1773 1518 1815 ὥς
1541 1775 1636 1812 εἶναι
1658 1777 1701 1813 τὰ

342 1823 536 1868 λεγόμενον
558 1821 641 1869 παρ’
673 1823 838 1864 ἰδιώταις
868 1821 1067 1869 βαρβάροις
1092 1821 1219 1871 ῥεῦμα.
1274 1822 1407 1864 Quibus
1429 1822 1603 1858 addendus
1623 1822 1703 1858 Ma-

343 1870 426 1904 lalas
448 1881 551 1916 supra
573 1881 606 1916 p.
631 1869 688 1905 44.
712 1870 752 1904 Α.
847 1870 901 1905 16.
934 1866 998 1903 Ἰδὲ
1022 1869 1088 1902 Ox.

256 1980 331 2016 dem
353 1981 425 2016 sine
445 1982 646 2017 Diademate
667 1982 830 2017 ascendit.
887 1981 989 2024 Quod
1021 1982 1079 2017 ubi
1108 1979 1233 2027 populo
1265 1983 1379 2016 notum
1397 1980 1483 2022 fuit,
1507 1980 1543 2015 in
1565 1980 1702 2026 Hippo-

256 2027 404 2061 dromum
427 2039 536 2062 omnes
558 2040 594 2063 se
618 2029 851 2062 contulerunt:
874 2030 1075 2073 turbamque
1098 2029 1234 2062 tandem
1256 2030 1373 2069 totam,
1397 2025 1519 2060 divinis
1540 2026 1607 2061 suis
1628 2037 1703 2061 ser-

255 2072 427 2112 monibus,
451 2073 638 2117 Imperator
660 2073 724 2107 sibi
746 2074 960 2107 concinavit:
993 2087 1050 2108 eos
1073 2073 1209 2118 insuper
1231 2073 1406 2113 hortatus,
1438 2083 1481 2104 ne
1502 2071 1551 2105 sic
1574 2077 1702 2106 temere

256 2118 293 2152 in
311 2117 444 2162 quosvis
475 2117 661 2159 irruentes,
694 2118 782 2152 ultra
807 2119 926 2152 caedes
949 2122 1137 2164 patrarent.
1193 2117 1281 2151 Tum
1310 2128 1393 2151 vero
1416 2116 1574 2151 tumultus
1597 2116 1701 2151 omnis

260 2162 451 2207 acquievit3
475 2163 666 2197 obtestante
688 2164 788 2197 etiam
811 2164 916 2209 ipsum
940 2164 1084 2209 popeilo,
1108 2163 1157 2197 uti
1177 2166 1381 2207 resumptum
1403 2161 1567 2197 Diadema
1588 2173 1702 2196 rursus

260 2211 420 2252 gestaret.
445 2207 514 2241 Ubi
537 2208 675 2252 primum
698 2214 809 2242 autem
822 2210 963 2243 tumuitu
988 2210 1104 2243 sedato
1129 2208 1273 2253 populus
1295 2207 1425 2241 domum
1448 2219 1538 2241 suam
1561 2207 1702 2252 quisque

259 2265 296 2287 se
319 2258 515 2297 receperat,
537 2252 710 2287 seditiosos
733 2255 965 2298 comprehendi
993 2254 1095 2298 jussit
1115 2254 1323 2298 Imperator;
1356 2263 1495 2296 quorum
1525 2251 1702 2287 nonnullos

260 2297 431 2343 suppliciis
453 2298 608 2342 subjecit,
630 2298 712 2332 alios
735 2310 817 2331 vero
841 2299 927 2332 Urbi
950 2300 1131 2333 Praefecto
1153 2298 1189 2331 in
1212 2297 1394 2332 custodiam
1417 2297 1568 2331 tradidit.
1604 2297 1702 2330 Haec

260 2348 371 2378 autem
394 2354 466 2377 cum
489 2355 551 2388 per
573 2342 685 2388 plures
707 2342 779 2377 dies
802 2345 951 2388 perpessi
974 2345 1129 2385 fuissent,
1146 2343 1280 2377 infinita
1303 2342 1468 2377 hominum
1490 2341 1702 2376 multitudine

261 2388 338 2423 neci
361 2388 464 2430 data,
489 2393 602 2422 secuta
624 2392 676 2422 est
696 2387 775 2421 inde
798 2390 981 2432 tranquilla
1004 2389 1144 2423 maxime
1167 2399 1277 2422 rerum
1299 2387 1425 2428 facies;
1453 2391 1625 2431 metusque
1646 2386 1703 2420 in-

261 2444 344 2478 gens
367 2432 674 2478 Constantinopoli,
705 2432 921 2478 omnibusque
943 2435 1028 2469 adeo
1052 2434 1236 2468 Romaniae
1259 2432 1415 2473 urbibus,
1438 2431 1604 2466 hominum
1627 2431 1703 2466 ani-

262 2478 322 2514 mis
343 2478 489 2512 incussus
512 2483 573 2513 est.

352 2523 539 2568 Imperator
559 2527 671 2557 autem
694 2523 904 2565 Anastasius,
939 2535 1005 2557 non
1028 2524 1130 2557 multo
1155 2527 1229 2568 post
1262 2526 1433 2566 tempore,
1463 2532 1527 2567 per
1556 2533 1701 2556 somnum

263 2568 370 2610 vidit,
402 2580 422 2601 e
443 2568 580 2612 regione
601 2568 664 2602 sibi
687 2568 888 2609 adstantem,
931 2569 1038 2602 virum
1072 2569 1236 2613 quendam
1267 2567 1415 2601 adultum
1460 2571 1702 2611 ornatumque3

264 2613 323 2657 qui
354 2613 501 2647 codicem
534 2613 692 2658 scriptum
723 2614 854 2655 serem,
884 2614 1040 2657 legebat:
1073 2614 1163 2647 soliis
1185 2617 1296 2646 autem
1330 2613 1478 2657 quinque
1500 2611 1700 2657 per-volutis,

263 2659 417 2702 lectoque
440 2658 653 2702 Imperatoris
676 2658 828 2698 nomine3
850 2659 980 2699 „Ecce
1002 2658 1148 2702 (inquit)
1172 2659 1215 2692 ob
1238 2657 1466 2692 insatietatem
1488 2662 1602 2698 tuam,
1625 2658 1703 2700 [an-

265 2703 336 2746 nos]
362 2703 612 2746 quatuordecim
636 2703 783 2737 deleo:“
817 2703 979 2748 simulque
1001 2716 1057 2738 eos
1079 2703 1187 2747 digito
1212 2702 1384 2747 expunxit.
1431 2705 1462 2737 A
1484 2713 1594 2737 somno
1620 2712 1700 2736 vero

263 2752 480 2790 experrectus
518 2749 705 2793 Imperator
749 2753 784 2782 et
817 2750 1103 2793 perterrefactus,
1161 2748 1348 2782 Amantium
1379 2747 1630 2782 Cubicuiarium
1664 2751 1702 2780 et

263 2792 498 2837 Praepositum
528 2793 573 2827 ad
605 2806 640 2828 se
680 2794 835 2835 vocavit,
877 2793 932 2828 cui
964 2794 1054 2839 quod
1094 2804 1155 2839 per
1201 2804 1345 2828 somnum
1381 2792 1516 2829 viderat
1557 2790 1698 2837 aperuit.
