1838 3230
308 202 406 249 706
624 234 631 239 .
892 160 1162 260 BENTLEH

306 311 461 361 tendes,
491 316 591 349 utet
618 307 691 348 alia
719 321 818 360 quae
844 308 1032 360 deinceps
1061 322 1082 346 a
1111 321 1174 347 me
1200 307 1473 359 proferentur.-
1497 305 1616 358 quod
1642 311 1751 362 certo

305 368 452 407 indicio
472 373 627 406 estnon
658 380 680 402 a
699 365 897 413 Librariu,
927 364 997 403 sed
1023 364 1071 402 ab
1091 363 1285 416 Hesychio
1314 363 1402 430 ipso
1433 369 1642 415 peccatum
1657 359 1752 401 esso.
1822 360 1827 403 Ϊ

305 424 427 476 Atqui
446 422 496 461 ad
513 422 619 460 hunc
636 421 795 460 modum
817 420 986 459 edidjsse
1006 419 1162 458 debuit.
1191 415 1463 468 Εδεκατενσα,
1491 434 1572 472 την
1585 414 1753 470 δεκάτην
1822 447 1824 450 -

306 476 550 534 ἐπραξάμην.
587 475 622 527 †
642 472 921 525 Διατεύονται,
953 476 1183 525 μερίζονται.
1214 481 1254 513 et
1272 470 1532 524 Διατεύοντο,
1559 473 1755 527 ἐμερίζον-
1827 472 1829 474 ’

307 551 365 576 το.
407 537 476 573 Ea
495 532 706 572 similitudo
735 537 794 571 est
816 533 855 582 δ[
877 538 914 570 et
939 532 980 572 δι
1006 531 1049 569 in
1072 530 1183 570 libris
1212 531 1361 569 calamo
1387 530 1554 578 notatis,
1583 536 1630 569 ut
1644 529 1762 569 haud>
1822 551 1826 559 -

308 591 423 631 facile
453 590 506 628 sit
538 588 778 639 dignoscere.
835 588 932 626 lnde
961 593 1019 626 est
1050 588 1157 638 quod
1184 586 1367 625 mendosa
1395 599 1440 624 ea
1466 585 1650 638 posuerit
1677 598 1753 638 pro
1826 589 1831 599 '

308 646 524 688 Δατέονται
546 650 584 682 et
581 617 818 692 ζ,Διἰτέονίτο,
848 657 948 694 quae
968 643 1073 691 legas
1098 642 1206 694 apud
1223 643 1448 681 Homerum.
1477 641 1510 694 †
1528 644 1756 690 Σικυλλιᾶν,
1814 651 1838 699 ξ

309 719 352 744 το
371 718 464 749 τους
479 697 671 754 κροσσοῦς
694 695 965 739 ἀποσείεσθαι.
1013 699 1184 736 Verbum
1202 698 1279 736 hoc
1296 697 1470 749 reperies
1490 698 1594 736 inter
1611 699 1755 750 Σίβολε
1826 704 1838 716 “

310 762 350 797 et
368 754 538 810 Σιβύνη.
593 756 683 807 lpse
701 755 906 793 literarum
926 754 1022 792 ordo
1042 754 1136 792 satis
1167 760 1392 804 argumento
1411 759 1471 792 est
1493 754 1541 791 ab
1561 752 1756 805 Hesychia

309 814 482 865 positum
505 825 587 850 esse
609 812 840 863 Σιβυλλιᾶν.
876 810 996 862 idque
1024 823 1156 849 errore
1190 810 1392 847 manifesto
1421 823 1494 861 pro
1523 811 1756 877 Σιλλυβιᾶν.

309 868 530 921 Hesychius
550 868 739 919 Σίλλυβα,
764 866 937 918 κροσσοὶ.
975 866 1017 906 οἱ
1043 864 1085 906 δὲ
1118 863 1166 905 τοὶ
1195 861 1370 917 ανθέμιοι
1398 864 1467 905 καὶ
1498 860 1755 918 monendomu-

310 926 455 963 Pollux
473 933 546 963 111.
571 937 606 961 c.
630 935 713 961 xxv.
770 938 866 970 τους
886 920 929 961 δὲ
955 918 1161 969 θυσανους
1177 920 1244 961 καὶ
1265 922 1427 972 σίλλυβα
1445 920 1498 961 οἱ
1503 921 1671 962 παλαιοὶ
1687 935 1756 962 κα-

189 981 222 1015 0
246 982 293 1018 36
315 985 428 1022 λοῦσι
446 979 617 1031 ποιηταί.
674 979 737 1016 Sic
754 979 865 1016 locus
882 978 956 1016 iste
973 978 1160 1027 legendus
1179 983 1238 1015 est
1257 991 1307 1015 ex
1324 976 1459 1015 codice
1478 976 1558 1015 MS.
1595 977 1662 1029 qui
1679 977 1757 1015 fuit

311 1039 364 1076 Is.
388 1036 528 1075 Vossii.
588 1030 764 1075 Θύσανοι
788 1040 917 1072 autem
937 1047 1025 1071 cum
1044 1033 1198 1071 Polluci
1214 1039 1296 1071 tum
1315 1031 1512 1083 Hesychio
1529 1038 1621 1071 sunt
1642 1045 1758 1086 κροσ-

313 1093 394 1133 σοί.
425 1092 455 1144 †
487 1089 717 1144 Ερεθὲντα,
747 1090 790 1130 ἐν
818 1088 933 1130 υδατι
964 1085 1242 1142 ἀποπνιγέντα.
1299 1087 1533 1141 Εραθέντι,
1550 1088 1759 1141 ληφθέντι.

312 1146 534 1187 Portentosi
561 1160 721 1186 errores.
778 1146 934 1193 Primo,
974 1146 1147 1196 oportuit
1178 1145 1368 1197 scriptum
1397 1143 1614 1196 Ερχθέντα.
1671 1144 1759 1196 Ipse

314 1204 416 1243 enim
443 1201 823 1252 311111·Ερχθέντα,
853 1202 896 1242 ἐν
922 1197 1038 1240 υδατι
1064 1200 1258 1254 πνιγέντα.
1316 1201 1375 1238 Ita
1398 1199 1561 1239 Photius
1586 1201 1757 1240 Patriar-

317 1259 450 1298 chain
463 1258 607 1296 Lexico
625 1257 703 1297 MS
735 1258 790 1295 Ita
810 1257 959 1294 Suidas.
990 1258 1117 1295 Locus
1138 1263 1195 1296 est
1215 1257 1254 1294 in
1272 1258 1320 1295 Φ.
1333 1256 1489 1295 Iliadis:

532 1315 625 1352 Νῦν
643 1311 685 1351 δέ
704 1327 750 1363 με
770 1311 959 1379 λευγαλέῳ
979 1309 1116 1367 πότμῳ
1138 1313 1296 1365 είμαρτο
1315 1311 1467 1352 ἁλῶναι

531 1364 729 1436 Ερχθέντ’
743 1368 785 1408 ἐν
804 1364 956 1435 μεγάλῳ
974 1371 1160 1436 ποταμῷ,
1191 1384 1246 1414 ως
1262 1369 1385 1407 παῖδα
1403 1364 1618 1421 σνφορβόν,

535 1426 592 1463 Ον
615 1419 665 1475 ῥά
683 1419 722 1462 τ’
747 1423 910 1470 ἔναυλος
931 1419 1113 1474 ἄποέρσει
1129 1426 1289 1474 χειμῶνι
1309 1438 1501 1473 περωντα.

315 1480 476 1527 Iterum,
504 1478 606 1516 illud
619 1478 825 1530 Εραθέντι
843 1478 992 1517 librarii
1018 1485 1221 1530 peccatum
1242 1484 1300 1517 est
1320 1492 1395 1529 pro
1417 1476 1624 1531 Ερεθέντι.
1654 1477 1756 1518 Con-

318 1542 397 1573 stat
424 1534 502 1572 hoc
534 1548 583 1573 ex
613 1535 889 1572 elementorum
912 1534 1060 1572 ordine.
1116 1534 1195 1581 Qui
1224 1534 1380 1584 quidem
1409 1539 1466 1571 est
1488 1547 1599 1572 error
1617 1541 1758 1574 aucto-

317 1591 395 1640 ris,
424 1604 497 1641 pro
518 1589 744 1642 Λῖρεθέντι.
774 1594 827 1630 Αι
848 1596 888 1628 et
907 1592 943 1628 E
962 1589 1066 1642 apud
1089 1590 1259 1627 Graecos
1279 1603 1357 1628 non
1376 1589 1561 1627 differunt
1580 1603 1757 1641 pronun-

319 1647 506 1692 ciatione3
536 1645 585 1683 de
607 1658 682 1697 qua
709 1659 753 1683 re
785 1653 921 1697 postea
946 1646 1062 1696 plura
1091 1645 1275 1685 dicemus.
1333 1646 1433 1683 Ecce
1460 1645 1533 1682 alia
1561 1652 1757 1686 monstras

318 1700 351 1754 †
381 1704 613 1752 Επαλογῆς,
655 1702 854 1752 σπουδῆς,
895 1697 1204 1748 ἄνταποδόσεως.
1270 1701 1398 1748 Quam
1429 1700 1601 1752 turpiter
1628 1708 1758 1746 autem

317 1757 384 1795 hie
404 1771 444 1795 se
464 1757 590 1794 dedit!
622 1756 719 1794 adeo
749 1757 902 1808 quidem
935 1762 981 1794 ut
997 1755 1163 1795 hominis
1178 1771 1238 1795 me
1257 1756 1404 1808 pudeat
1422 1757 1639 1808 pigeatque.
1696 1759 1758 1796 Si-

321 1813 478 1864 quidem
500 1808 810 1860 Ανταποδόσεως
831 1819 889 1851 est
910 1811 1149 1864 ἐπαλλαγῆς,
1178 1819 1215 1850 et
1235 1814 1401 1852 Σπουδ
1373 1828 1423 1864 ης
1442 1818 1499 1850 est
1522 1811 1758 1866 ἐπειγωλῆς·

320 1868 502 1920 putidum
532 1874 659 1906 autem
687 1882 800 1906 suum
827 1868 1021 1936 ἒπαλογῆς
1051 1866 1138 1920 Ipse
1166 1867 1307 1906 habeat
1335 1882 1460 1907 secum
1487 1878 1691 1922 semeique
1699 1884 1761 1908 se-

319 1922 496 1976 pulchro.
553 1927 579 1969 -Ξ-
613 1920 820 1974 Αχινᾶων,
858 1926 937 1963 τῶν
976 1920 1161 1975 ἄχιδάων.
1226 1923 1434 1971 Hercules,
1479 1928 1585 1963 tuam
1623 1924 1759 1963 fidem!

324 1979 520 2016 enimvero
535 1993 613 2016 non
632 1980 679 2017 ab
703 1979 880 2017 omnibus
902 1980 1091 2030 portentis
1113 1979 1314 2017 Graeciam
1342 1978 1524 2018 liberasti.
1579 1979 1670 2018 Erat
1688 1979 1760 2018 ho-

323 2035 436 2071 minis
457 2034 601 2071 eruditi
619 2035 674 2072 sic
696 2035 886 2074 edidisse.
917 2032 1114 2087 Εχινάων,
1141 2038 1219 2075 τῶν
1237 2032 1459 2087 Εχινάδων
1514 2033 1631 2074 Verbi
1646 2035 1758 2075 sedes

322 2088 363 2126 in
383 2089 540 2127 Homeri
558 2090 716 2127 Boeotia
737 2098 814 2138 est3

542 2145 594 2184 Οἷ
609 2141 646 2184 δ’
667 2145 709 2185 ἐκ
727 2144 950 2214 Δουλιχίοιο
972 2141 1157 2197 Εχινᾶων
1174 2141 1224 2185 θ’
1249 2142 1404 2199 ἱεράων.

205 2197 237 2231 5
259 2198 306 2232 20
328 2200 359 2253 †
377 2197 548 2249 Ηθὲσει,
579 2196 716 2249 οἷνθεῖ,
755 2198 909 2255 ἀγνοεῖ,
947 2204 1116 2256 παρορᾷ.
1180 2201 1322 2240 Adeste
1346 2201 1425 2239 huc
1452 2199 1692 2252 conjectores
1719 2208 1758 2241 et

326 2256 559 2306 interpretes
580 2262 860 2307 portentorum.
916 2257 1064 2307 Negant
1081 2270 1246 2308 usquam
1270 2257 1479 2308 quidquam
1499 2258 1758 2296 monstrosius

325 2310 484 2350 vidisse.
540 2312 696 2350 Scilicet
711 2311 807 2350 haec
826 2325 919 2351 vera
938 2314 1132 2364 scriptula
1149 2319 1227 2363 est,
1253 2312 1471 2381 Ληθέσσει,
1501 2308 1623 2363 οἷηθεῖ
1666 2313 1759 2364 Ety-

328 2366 547 2417 mologicon
574 2367 1066 2418 1111181111111.Αηθέσσειν,
1106 2365 1284 2420 ἀγνοεῖν,
1313 2364 1481 2419 οἷπείρως
1511 2366 1621 2418 ἔχειν.
1677 2373 1760 2420 Λη-

328 2426 441 2471 θεῖν,
470 2419 704 2473 λανθάνειν,
739 2419 1075 2491 avenwvnpoveiv.
1131 2423 1376 2475 Hesychius
1364 2436 1468 2490 ipse:
1496 2419 1675 2474 Ληθειν,
1703 2440 1756 2476 μη

328 2473 541 2527 ιη’θεῖσθαι,
571 2495 623 2547 μη
646 2482 763 2519 νοεῖν.
791 2480 885 2536 lege.
907 2475 1072 2529 οἷηθεῖν,
1096 2495 1149 2531 μη
1175 2480 1364 2519 εἰθίσθαι.
1393 2475 1628 2530 Αήθεσκον,
1649 2480 1759 2529 (lege

328 2529 560 2584 ἀήθεσσον)
597 2531 815 2585 ασυνήθεις
845 2536 962 2587 ἦσαν.
1014 2534 1046 2586 †
1077 2532 1272 2586 Ελεντήν,
1321 2534 1460 2575 ἔλαιον.
1526 2534 1626 2572 Mira
1661 2547 1758 2573 vero

330 2588 585 2627 Grammatici
619 2591 801 2630 eruditio.
873 2591 1030 2628 Poteras
1071 2589 1177 2628 haud
1208 2590 1326 2641 paulo
1362 2590 1520 2640 melius,
1565 2587 1758 2663 Ελεητυν,

330 2642 459 2692 ἕλεονς
487 2644 676 2694 siquidem
695 2646 892 2684 Homerici
915 2645 1018 2684 illius
1039 2646 1294 2683 meminisses:

551 2696 636 2740 Ου’κ
655 2699 770 2742 όπιδα
789 2701 1021 2754 φρονέοντες
1039 2700 1098 2741 ἐνὶ
1115 2700 1254 2753 φρεσὶν
1273 2696 1363 2741 οὔδ’
1382 2697 1551 2752 ἕλεητυν.

331 2753 362 2804 †
383 2758 551 2823 Ατρεμῆ,
575 2754 700 2823 υγεία.
758 2758 856 2795 Pace
877 2757 981 2808 quod
1002 2763 1066 2795 tua
1095 2756 1272 2806 dicatur,
1308 2757 1503 2808 Hesychi‚
1537 2757 1577 2794 in
1593 2755 1655 2794 his
1671 2768 1759 2794 ver-

330 2808 391 2847 bis
417 2807 532 2851 ουδὲν
557 2809 676 2864 νγιές.
740 2812 928 2865 Imposuit
953 2813 1024 2852 tibi
1043 2813 1276 2865 depravatus
1297 2814 1435 2866 aliquis
1464 2811 1609 2852 codex.
1639 2824 1758 2864 opor-
