1838 3230
297 145 395 195 568
814 141 1278 188 ANNOTATIONES.

298 257 472 296 Silanum
495 264 532 297 et
553 257 792 297 Antoninum
814 257 922 298 Coss.
941 258 1100 298 invenio
1119 258 1225 312 apud
1235 258 1443 299 Eusebium
1455 273 1468 310 ;
1497 258 1568 299 sed
1583 258 1742 301 biennio

298 320 387 352 ante
408 314 601 354 Neronem
619 315 923 366 Imperatorem:
950 328 1090 368 nempe
1112 315 1164 354 ad
1189 329 1251 355 an.
1271 329 1346 355 vu.
1369 315 1522 355 Claudii
1542 315 1645 369 Imp.
1703 318 1706 320 ’

412 382 508 432 Pag.
538 379 633 422 250.
665 384 730 422 17.
776 376 998 434 ὁλοπὸλιος]
1026 383 1130 422 Nero
1148 382 1316 421 sufflavo
1350 389 1436 420 erat
1452 383 1619 436 capillo,
1648 389 1744 425 teste
1785 406 1787 408 ·

299 436 503 476 Suetonio:
534 449 635 474 anno
666 438 767 474 enim
800 437 937 476 aetatis
968 451 1059 477 suae
1087 438 1258 478 secundo
1288 443 1327 475 et
1347 438 1546 478 tricesimo
1565 446 1744 480 mortuus

299 499 370 531 est.
430 492 527 539 Quis
546 505 639 530 vero
659 490 934 546 δασυπώγωνα
955 507 1042 533 eum
1060 495 1180 533 fuisse
1203 492 1433 544 crediderit,
1462 507 1552 534 cum
1568 496 1743 535 nondum

298 547 419 589 moris
437 555 520 586 erat
538 547 703 586 barbam
724 549 856 587 alere?
889 549 1110 589 Hadrianus
1134 550 1236 589 enim
1259 550 1356 600 Imp.
1374 551 1640 590 Romanorum
1661 553 1744 604 pri-

298 618 386 644 mus
401 603 562 646 barbam
582 604 699 654 aluit,
743 605 801 643 uti
821 605 892 643 Dio
916 612 1103 645 testatur.
1145 606 1185 644 in
1207 607 1396 644 Traiano:
1444 603 1646 660 Λδριανός
1669 605 1756 663 yde*

298 663 452 713 πρῶτος
471 663 627 715 γενειᾷν
656 659 861 709 κατέδειξε.
919 662 1056 712 Neque
1075 661 1154 699 1100
1175 667 1336 699 ornatus
1361 675 1498 710 causa3
1528 662 1598 701 sed
1620 669 1667 702 ut
1691 664 1748 702 fa-

299 717 396 755 eiem
416 716 652 754 maculosam
677 716 960 766 dissimularet;
989 717 1183 755 referente
1205 716 1520 768 AeLSparliano,
1547 719 1588 756 in
1609 719 1748 758 Adria-

299 787 371 812 no:
412 771 574 810 Statura
590 771 672 827 fuit
690 787 871 826 procerus
890 779 963 811 etc.
991 773 1184 823 promissa
1202 771 1346 821 barba,
1376 782 1418 811 ut
1437 771 1613 822 vulnera,
1650 790 1749 829 quae

300 830 340 868 in
351 826 469 882 facie
485 826 685 866 naturalia
703 838 823 874 erant,
852 836 998 879 tegeret.
1053 841 1192 866 verum
1211 826 1483 867 characterem
1499 830 1664 868 Neronis
1682 830 1748 869 hic

299 884 455 937 profert
484 890 624 924 auctor
650 898 671 923 a
699 883 877 922 Suetonii
904 883 1060 934 penitus
1079 883 1299 933 diversum;
1342 883 1417 922 nisi
1438 884 1546 936 quod
1572 881 1748 939 ἆνθηρο-

300 937 514 994 πρόσωπον
533 953 621 979 eum
639 940 746 989 facit,
778 939 838 978 uti
860 945 900 978 et
919 939 1139 991 Suetonius,
1167 940 1242 979 Tit.
1263 940 1327 983 51.
1350 940 1465 980 vultu
1477 940 1648 994 pulchro
1665 955 1747 990 ma-

302 998 361 1047 gis
381 1010 498 1048 quam
522 1002 703 1035 venusto.

413 1066 514 1117 Pag.
543 1063 638 1105 250.
671 1065 733 1106 18.
777 1058 978 1115 οἶγνοήσας
999 1060 1057 1104 ὅτι
1082 1059 1337 1117 ἐσταυρώθη]
1366 1064 1556 1116 ineptiae:
1586 1077 1750 1116 quomo-

303 1120 357 1158 do
378 1120 478 1157 enim
499 1118 694 1157 Christum
720 1120 810 1157 neci
830 1119 1014 1158 traditum
1037 1120 1217 1170 ignorare
1240 1121 1423 1172 potuerit,
1451 1134 1539 1159 cum
1552 1120 1632 1174 jam
1656 1122 1750 1160 olim

302 1177 450 1216 Pilatus
468 1174 518 1212 ad
534 1174 751 1223 Tiberium,
780 1176 960 1214 Tiberius
977 1189 1074 1214 vero
1097 1176 1146 1214 ad
1163 1178 1346 1215 Senatum
1368 1177 1418 1214 de
1440 1176 1751 1216 Christianorum

305 1233 498 1283 dogmate,
525 1231 710 1268 nimirum
729 1237 772 1269 ut
790 1231 894 1270 inter
913 1239 1063 1270 caetera
1081 1246 1190 1270 sacra
1211 1234 1467 1284 reciperetur,
1495 1233 1749 1284 retulissent?

305 1295 351 1327 ut
367 1293 532 1326 testatur
549 1287 753 1336 Eusebius,
770 1303 874 1340 χρον.
886 1304 975 1328 καν.
1008 1284 1186 1329 Πιλάτου
1210 1289 1374 1342 Τιβερίῳ
1393 1286 1441 1328 τοὶ
1460 1287 1559 1330 κατὰ
1577 1286 1646 1330 τᾶν
1664 1293 1751 1330 Σω-

304 1347 406 1396 τῆρα
426 1339 712 1395 ἀναγαγόντος,
742 1343 809 1383 καὶ
836 1347 910 1383 τοῦ
930 1347 1177 1396 Χριστιανῶν
1201 1341 1413 1397 δόγματος,
1449 1344 1626 1398 Τιβέριος
1655 1342 1753 1399 πρός

305 1398 381 1453 τήν
400 1395 618 1451 σύγκλητον
637 1396 959 1453 ἐκοινολογήσατο
983 1399 1073 1453 περὶ
1097 1402 1170 1452 τῆς
1192 1400 1248 1447 εἰς
1273 1401 1446 1452 Χριστὸν
1461 1401 1638 1448 πίστεως.

410 1465 508 1519 Pag.
536 1466 632 1508 251.
661 1469 700 1508 'l.
733 1461 903 1520 α’νήγαγε
920 1462 976 1506 δι’
997 1466 1174 1518 Αξιμον]
1203 1467 1261 1504 Ita
1278 1466 1415 1504 habuit
1433 1467 1527 1505 Cod.
1547 1466 1626 1507 MS.
1646 1466 1752 1505 forte

306 1522 529 1572 legendum,
558 1518 624 1561 διὰ
644 1522 848 1573 Μαξίμου,
878 1523 937 1560 uti
957 1535 1090 1574 supra.
1148 1523 1292 1562 Verum
1309 1521 1382 1560 hae
1400 1536 1526 1573 nugae
1546 1528 1656 1562 sunt:
1686 1523 1752 1561 Pi-

307 1580 411 1618 lutus
434 1578 554 1627 enim,
586 1578 758 1627 Caligula
778 1577 907 1616 adhuc
937 1578 1175 1629 imperante,
1207 1579 1282 1617 sibi
1300 1584 1467 1617 mortem
1495 1579 1751 1618 consciverat.

308 1635 462 1674 Helvio.
490 1648 540 1672 ex
554 1633 744 1686 Josepho:
784 1647 900 1685 quem
916 1633 1018 1674 vide.

423 1692 518 1742 Pag.
548 1690 642 1732 252.
673 1694 712 1733 2.
750 1688 770 1731 ὃ
798 1687 875 1730 ἀπὸ
900 1684 1162 1742 φιλοσόφων]
1204 1688 1283 1741 Qui
1312 1687 1572 1742 Philosophus
1589 1688 1752 1742 fuerat.-

311 1746 448 1786 eodem
468 1746 586 1784 modo
606 1745 790 1794 dicitur,
807 1742 932 1786 (inimi
950 1742 1138 1796 ὑπάτων,
1168 1746 1274 1797 apud
1301 1746 1559 1793 recentiores,
1589 1745 1639 1784 de
1664 1745 1752 1784 viro

312 1803 542 1850 Consulari3
573 1807 610 1839 et
628 1800 648 1842 ὃ
668 1798 745 1842 ἀπὸ
761 1803 978 1854 νοταρίων,
1007 1802 1109 1839 infra
1140 1802 1245 1854 apud
1269 1809 1466 1850 nostrum,
1495 1801 1565 1841 lib.
1597 1804 1658 1843 18.
1689 1815 1757 1840 eo-

313 1859 399 1897 dem
423 1859 536 1897 etiam
556 1857 659 1897 libro
680 1858 728 1896 de
750 1858 900 1896 Eulalio
922 1858 1111 1909 quodam,
1147 1858 1214 1909 qui
1243 1872 1292 1896 ex
1312 1858 1433 1896 divite
1454 1871 1607 1909 pauper
1626 1857 1755 1894 factus

311 1915 459 1960 suerat,
491 1921 629 1952 auctor
655 1910 773 1952 verb'a
803 1913 972 1963 habens,
1003 1927 1089 1952 eum
1116 1910 1195 1954 οἷπὸ
1224 1910 1408 1966 εὐπόρων
1435 1918 1562 1951 vocat.
1628 1912 1757 1950 Simili

313 1970 426 2008 eliam
445 1970 656 2007 locutionis
677 1983 816 2020 genere
846 1970 952 2020 apud
981 1970 1196 2008 Cedrenum
1223 1970 1414 2021 Didymus
1445 1981 1608 2018 caecus,
1637 1966 1659 2008 ὁ
1675 1964 1755 2008 nimi

314 2022 522 2077 ὀμματων,
552 2025 678 2063 dictus
707 2032 764 2063 est
785 2025 826 2063 in
857 2027 1083 2064 Constantio
1115 2032 1153 2064 et
1184 2026 1395 2066 Constante
1425 2025 1553 2076 Impp.
1618 2019 1755 2078 Τούτῳ

314 2085 368 2137 τῷ
389 2080 463 2121 ἔτει
480 2079 655 2132 Δίδυμός
677 2097 755 2132 τις,
793 2079 995 2134 ἐλλόγιμος
1015 2078 1138 2134 ἆνήρ,
1171 2078 1251 2122 eino
1281 2077 1485 2133 ὀμμάτων,
1516 2079 1753 2133 ἐγνωρίζετο.

427 2146 523 2200 Pag.
553 2149 647 2190 252.
676 2151 713 2189 8‘.
745 2143 932 2200 οῗνήρχετο
955 2148 997 2189 ἐν
1015 2151 1068 2204 τῇ
1089 2144 1234 2203 Ρώμῃ]
1265 2148 1345 2185 Sub
1373 2146 1537 2186 ClaudIo
1558 2146 1654 2199 imp.
1674 2147 1753 2184 Ro-

316 2217 417 2243 mam
432 2204 584 2241 venisse
603 2203 763 2241 Petrum
782 2210 960 2242 asserunt
979 2204 1168 2243 Eusebius
1192 2211 1226 2242 et
1242 2204 1428 2243 Zonaras-

429 2259 524 2311 Pag.
552 2259 646 2301 252.
677 2261 740 2300 10.
790 2256 952 2299 Εὔοδον
991 2258 1061 2300 τόν
1095 2259 1332 2311 ἐπίσκοπον]
1380 2260 1439 2297 Ita
1474 2258 1589 2296 etiam
1634 2270 1755 2308 supra

320 2329 406 2354 eum
434 2315 611 2353 vocavit:
642 2314 890 2351 scribendum
916 2321 1072 2361 tamen,
1104 2312 1306 2356 Evo'diov:
1337 2314 1396 2353 uti
1420 2326 1471 2353 ex
1494 2312 1684 2362 Eusebio,
1718 2319 1756 2351 et

317 2371 541 2423 Nicephoro
561 2369 786 2409 Patriarcha
805 2376 981 2422 apparet.

434 2440 526 2489 Pag.
557 2438 654 2481 253.
687 2436 752 2480 14.
787 2435 855 2476 καὶ
870 2439 1034 2486 ποιῆσαι
1051 2431 1157 2491 αὐτῷ
1175 2435 1249 2489 τὴν
1268 2432 1500 2489 ἀπόκρισιν]
1534 2424 1780 2486 οἷπόκρισις,’

320 2499 365 2532 ut
390 2493 625 2545 plurimum,
662 2491 924 2546 Responsum,
958 2490 1036 2529 hoc
1061 2498 1187 2530 tamen
1216 2493 1305 2530 loco
1339 2492 1518 2530 nuncium
1549 2489 1756 2540 significat3

320 2550 379 2588 uti
404 2556 441 2587 et
458 2548 550 2586 alibi
571 2548 685 2586 etiam
717 2548 822 2600 apud
850 2552 1048 2586 nostrum:
1085 2547 1177 2585 hinc
1209 2544 1522 2599 οἷποκρισιάριος,
1561 2545 1668 2597 apud
1693 2559 1756 2583 re-

323 2606 538 2653 centiores,
569 2618 642 2655 pro
658 2605 811 2653 Legato.
869 2603 1066 2642 Ecclesiae
1090 2603 1260 2653 primum
1290 2603 1351 2651 hi,
1380 2609 1512 2654 postea
1526 2615 1621 2640 vero
1642 2600 1757 2639 etiam

320 2661 590 2712 privatorum,
621 2659 789 2698 ministri
817 2659 871 2697 sic
897 2658 1016 2707 dicti,
1047 2659 1187 2709 quibus
1222 2659 1468 2710 negotiorum
1497 2670 1760 2710 quorumcun-

323 2730 399 2769 que
414 2715 709 2754 tractandorum
733 2728 826 2754 cura
848 2714 1050 2753 commissa
1067 2714 1153 2752 fuit.

434 2771 529 2824 Pag·
560 2771 654 2815 254.
686 2774 750 2814 18.
780 2767 1047 2826 καρηκομώων
1066 2769 1170 2822 ἐστὶ]
1201 2764 1583 2825 5·οι“.-καρηκομᾶων.
