1838 3230
269 187 334 232 86
659 175 954 223 lOANNIS
984 176 1324 220 MALALAE

127 309 159 343 O
185 309 252 345 106
274 297 550 357 θρυλούμενοι
574 297 701 340 ἕνεκεν
725 299 798 350 τῆς
827 292 1077 352 Πασιφάης,
1109 294 1297 351 γυναικὸς
1317 299 1391 339 τοῦ
1412 295 1586 344 Μίνωος
1603 298 1727 348 βασι-

275 369 375 418 λέως
396 370 463 411 καὶ
490 371 564 411 τοῦ
586 363 753 421 Ταύρου
776 368 850 406 τοῦ
882 364 1074 420 νοταρίου
1104 363 1252 419 αὖτῆς·
1290 364 1332 414 ἐξ
1361 358 1408 406 οὗ
1443 363 1548 407 ἔτεκε
1562 370 1731 419 μοιχευ-Δ

276 442 399 481 θεῒσα
428 436 517 479 υἶὸν
543 434 616 477 τὸν
642 431 847 487 κληθέντα
874 429 1177 488 Μινώταυρον,
1213 429 1468 487 μεσάσαντος
1492 435 1544 489 τῇ
1570 431 1728 491 μοιχείᾳ

276 510 350 560 τῆς
371 505 558 560 πορνείας
585 504 659 544 τοῦ
680 498 894 544 Δαιδάλου
913 501 979 543 καὶ
1000 503 1073 543 τοῦ
1102 498 1275 557 Ἰκάρου.
1348 498 1369 543 ὃ
1389 501 1434 543 δὲ
1454 501 1628 550 Μίνωος
1645 504 1730 554 βα-

279 573 412 623 σιλεὺς
442 572 517 626 τὴν
537 567 763 626 Πασιφάην
794 568 1033 618 ἀποκλείσας
1063 569 1104 611 ἐν
1135 573 1192 626 τῷ
1225 570 1494 627 κουβουκλείῳ
1522 568 1625 624 μετὰ
1653 566 1761 613 δύοὸ

280 643 478 684 δουλίδων
501 644 687 695 παρεῖχεν
709 636 812 694 αὐτῇ
836 635 1016 694 τροφήν,
1054 637 1122 679 καὶ
1147 637 1277 680 εἴασεν
1299 637 1427 692 αὐτὴν
1455 639 1553 690 ἐκεῖ,
1589 636 1732 692 μηκέτι

281 708 468 764 ἑωρακώς
499 705 639 761 αὐτήν.
712 707 777 748 καὶ
802 707 928 760 ἐκείνη
957 704 1205 760 θλιβομένη,
1244 703 1299 755 ὥς
1320 709 1494 748 λυθεῖσα
1515 709 1589 761 τῆς
1607 709 1732 759 βασι-

281 782 393 831 λικῆς
412 776 541 828 ἀξίας,
578 772 685 832 νόσῳ
705 778 909 828 βληθεῖσα
927 771 1110 816 ἐτελεύτα
1123 787 1132 796 ·
1169 771 1190 815 ὃ
1212 775 1255 816 δὲ
1271 775 1482 823 Δαίδαλος
1499 775 1567 816 καὶ
1586 771 1732 817 δ’Ίκα-

282 861 354 900 ρος
372 842 657 902 ἐφονεύθησαν
671 856 681 865 ·
718 840 740 885 ὃ
759 841 1005 899 μέν”Ικαρος
1022 839 1181 898 φεύγων
1197 845 1271 896 τῆς
1287 846 1495 899 φρουρᾶς,
1532 839 1588 892 ὥς
1606 842 1728 894 πλέει,

281 915 503 967 ἐποντίσθη
516 945 529 964 ,
566 910 587 953 ὃ
613 911 656 953 δὲ
675 911 885 962 Δαίδαλος
905 907 1077 967 ἐσφάγη.
1139 911 1228 968 περὶ
1249 910 1294 953 δὲ
1314 915 1387 966 τῆς
1401 907 1628 969 Πασιφάης
1647 909 1732 962 ἐξέ-
1743 921 1788 956 10

280 985 381 1024 θετο
403 983 540 1036 δρᾶμα
565 978 587 1022 ὃ
610 979 835 1035 Εὐριπίδης
858 976 879 1021 ὃ
898 975 1080 1033 ποιητής.

231 1058 262 1092 C
379 1049 447 1091 Ἐν
478 1048 616 1097 αὐτοῖς
638 1049 681 1089 δὲ
701 1054 786 1096 τοΐς
810 1045 973 1102 χρόνοις
992 1045 1199 1103 εΗροικλής
1228 1044 1249 1088 ὅ
1272 1045 1460 1101 τελεστὴς
1492 1043 1514 1088 ὃ
1538 1045 1733 1101 μυστικὸς

286 1117 445 1167 ἄθλους
467 1115 664 1170 ποιήσας,
703 1115 894 1158 ἀπελθὼν
912 1116 953 1157 ἐν
980 1119 1032 1172 τῇ
1052 1112 1199 1171 Λιβύῃ
1214 1112 1331 1174 χώρᾳ
1357 1113 1552 1167 συνέβαλε
1569 1119 1627 1173 τῷ
1640 1114 1734 1157 Ἀνὲ

286 1186 425 1238 τέωνι,
463 1186 530 1227 καὶ
562 1184 672 1242 αὐτῷ
697 1183 783 1226 ὄντι
813 1187 1017 1241 μυστικῷ,
1066 1187 1248 1226 ποιοῦντι
1277 1184 1320 1225 δὲ
1347 1180 1465 1239 γήινά
1492 1199 1596 1226 τινα.
1666 1184 1734 1225 καὶ

285 1252 453 1309 νικήσας
473 1252 597 1295 αὐτὸν
620 1250 641 1294 ὃ
661 1250 867 1307 Ἡρακλῆς
886 1250 1097 1308 ἐφόνευσεν
1123 1249 1269 1294 αὐτόν·
1298 1250 1408 1300 ὅστις
1421 1248 1638 1307 (Ηρακλῆς,
1657 1268 1732 1304 με·
1744 1263 1788 1298 15

285 1322 339 1364 τὰ
361 1321 434 1376 τὴν
453 1322 566 1374 νίκην
587 1318 695 1378 νόσῳ
719 1321 888 1374 βληθείς
902 1352 914 1371 ,
945 1318 1090 1361 ἑαυτὸν
1118 1321 1173 1368 εἷς
1194 1323 1275 1375 πῦρ
1302 1319 1421 1374 ἔβαλε
1443 1321 1509 1361 καὶ
1529 1317 1733 1362 ἐτελεύτα·

142 1400 174 1437 Ο
201 1401 266 1437 107
289 1391 379 1446 περὶ
397 1383 444 1432 οἷ
466 1390 651 1444 Δίδυμος
673 1386 694 1430 ὃ
717 1386 957 1444 σοφώτατος
978 1385 1274 1443 συνεγράψατο.
1345 1391 1418 1430 τοῦ
1438 1387 1483 1428 δὲ
1506 1387 1625 1430 Ἰλίου
1643 1385 1735 1430 τότε

287 1459 521 1513 ἐβασίλευσε
545 1456 648 1511 μετὰ
664 1454 886 1511 Δάρδανον
904 1456 1161 1509 Λαομέδων,
1200 1453 1221 1497 ὃ
1245 1455 1372 1497 αὐτοῦ
1390 1452 1491 1503 υἱός.

384 1525 510 1569 Μετὰ
529 1526 573 1567 δὲ
592 1524 780 1578 Σαμψών
797 1522 928 1580 ἡγεῖτο
949 1528 1022 1566 τοῦ
1042 1523 1204 1579 Ἰσραὴλ
1225 1523 1318 1566 Ἰ-Ιλὶ
1339 1521 1359 1565 ὃ
1380 1521 1518 1576 ἱερεύς.

384 1593 453 1636 Ἐν
476 1594 520 1636 δὲ
541 1600 626 1642 τοῖς
654 1592 842 1649 ἀνωτέρω
864 1590 1027 1649 χρόνοις
1049 1590 1233 1633 ἐτελεύτα
1264 1589 1284 1633 ὃ
1306 1589 1571 1647 Ἀνδρόγηος,
1609 1586 1790 1638 ὃυῖὸς2ο

289 1666 363 1718 τῆς
382 1659 608 1719 Πασιφάης
629 1662 695 1703 καὶ
723 1664 797 1703 τοῦ
819 1663 1013 1713 Μίνωος,
1050 1660 1248 1714 βασιλέως
1268 1663 1341 1714 τῆς
1362 1657 1552 1716 Κρήτης·
1598 1655 1735 1701 ὡσαύ-

380 1784 434 1818 11.
457 1782 539 1818 Vid.
562 1779 709 1818 Bentlei.
730 1793 766 1826 p.
789 1781 845 1817 27.
918 1779 971 1816 14.
994 1777 1115 1826 γήινα]
1141 1780 1299 1815 Fortasse
1321 1779 1526 1814 conferenda
1550 1790 1640 1824 quae
1660 1781 1736 1813 sunt

381 1839 414 1872 p.
433 1827 487 1864 42.
511 1829 544 1862 D
568 1831 655 1862 extr.
701 1828 864 1872 γητείας,
888 1826 911 1861 i.
938 1839 967 1860 e.
991 1829 1176 1871 γοητείας,
1199 1839 1301 1867 τινας
1323 1824 1626 1861 Schurzfleischius
1649 1824 1734 1859 Not.

378 1874 469 1909 Bibl.
492 1874 568 1909 Vin.
592 1885 627 1918 p.
651 1873 706 1909 65.
731 1885 848 1919 parum
870 1872 1104 1919 probabiliter.

290 1974 386 2008 dalus
409 1977 444 2008 et
466 1975 603 2017 Icarus,
627 1977 671 2010 ob
694 1975 907 2020 Pasiphaen,
929 1974 1053 2010 Minois
1075 1974 1168 2019 regis
1190 1986 1345 2015 uxorem3
1378 1973 1619 2017 Taurumque,
1650 1971 1735 2007 acri-

291 2020 367 2054 bam
391 2020 482 2062 ejus3
517 2032 659 2064 quocum
680 2032 750 2055 rem
772 2022 894 2055 habuit,
917 2021 1103 2065 Pasiphae,
1138 2021 1308 2065 filiumque
1331 2030 1374 2053 ex
1398 2031 1458 2060 eo,
1493 2018 1735 2059 Minotaurum,

290 2065 445 2143 {eperia
479 2065 650 2099 adulterii·
660 2066 818 2107 consciis,
850 2071 953 2110 atque
978 2067 1063 2100 illud
1087 2066 1188 2101 etiam
1212 2064 1500 2111 promoventibus,
1523 2063 1676 2098 Daedalo
1700 2068 1737 2097 et

310 2122 400 2144 caro.
445 2111 521 2146 Rex
543 2122 624 2144 vero
649 2111 759 2146 Minos
791 2123 932 2146 uxorem
954 2123 1045 2145 suam
1068 2112 1103 2145 in
1125 2111 1301 2153 eubiculo,
1339 2121 1406 2144 una
1428 2120 1501 2144 cum
1524 2109 1652 2144 duabus
1675 2120 1736 2143 an-

294 2155 399 2198 cillis,
430 2155 524 2190 victu
539 2157 733 2196 ‘necessario
766 2156 939 2198 adhibito,
973 2157 1099 2191 includi
1118 2156 1238 2201 jussit;
1275 2167 1338 2190 nec
1361 2160 1436 2200 post
1456 2155 1542 2189 illud
1576 2154 1736 2199 temporis

293 2212 440 2246 unquam
461 2201 497 2235 in
519 2208 730 2247 conspectum
750 2202 816 2235 viri
837 2202 941 2235 venit.
990 2202 1184 2244 Caeterum,
1209 2203 1300 2246 quod
1322 2201 1418 2245 regia.
1440 2200 1608 2245 dignitate
1629 2205 1737 2234 exuta

294 2252 400 2289 esset,
438 2247 632 2282 excrucians
654 2259 709 2288 se,
740 2247 776 2281 in
798 2249 948 2281 morbum
969 2246 1109 2290 incidit,
1142 2252 1179 2281 et
1201 2248 1250 2282 sic
1271 2247 1377 2282 vitam
1399 2246 1523 2281 finivit.
1568 2245 1738 2280 Daedalus

293 2297 404 2326 autem
436 2297 471 2327 et
501 2293 614 2327 Icarus
646 2292 770 2327 deinde
800 2292 996 2337 perierunt3
1037 2293 1090 2327 hic
1121 2292 1275 2338 quidem,
1319 2297 1421 2337 rupto
1454 2302 1613 2332 carcere,
1645 2290 1737 2324 inter

292 2338 538 2382 navigandum,
569 2337 652 2372 mari
674 2338 841 2373 demersus
867 2343 938 2378 est3
970 2337 1139 2373 Daedalus
1161 2350 1244 2373 vero
1267 2338 1382 2383 gladio
1406 2337 1545 2373 occisus.
1590 2336 1644 2370 De
1666 2336 1736 2370 Pa-

294 2383 411 2428 siphae
434 2395 516 2417 vero
538 2383 684 2418 fabulam
707 2383 905 2427 conscripsit
927 2383 1109 2428 Euripides
1128 2385 1248 2418 Poeta.

383 2429 505 2463 Iisdem
539 2429 747 2474 temporibus
781 2428 943 2462 Hercules
974 2427 1052 2470 ille,
1088 2429 1250 2463 aerumnis
1272 2428 1337 2463 suis
1360 2428 1487 2468 clarus,
1520 2425 1677 2462 Initiator
1700 2429 1737 2461 et

295 2473 430 2518 Mysta,
464 2475 605 2519 Libyam
639 2475 830 2520 profectus,
860 2485 933 2508 cum
965 2474 1137 2516 Anteone‚
1177 2475 1234 2519 qui
1263 2475 1335 2519 ipse
1357 2478 1465 2517 mysta
1487 2471 1572 2513 fuit,
1604 2472 1735 2506 Terre-

294 2522 446 2563 stresque
477 2520 635 2564 quasdam
666 2524 756 2555 artes
789 2518 961 2560 exercuit,
1007 2531 1202 2563 congressus
1235 2526 1296 2553 est.
1354 2519 1464 2558 Quem
1496 2529 1569 2551 cum
1604 2517 1736 2552 vicisset

294 2563 468 2606 Hercules,
494 2565 636 2600 occidit:
662 2570 740 2611 post
757 2565 933 2600 victoriam
948 2575 1042 2606 vero,
1063 2565 1179 2598 morbo
1198 2568 1392 2608 correptus,
1416 2563 1556 2607 seipsum
1573 2562 1607 2596 in
1623 2563 1735 2608 ignem

294 2610 462 2652 conjecit;
486 2610 546 2644 ubi
568 2613 761 2656 absumptus
781 2610 892 2656 periit.
938 2610 1034 2643 Haec
1057 2613 1165 2643 autem
1189 2621 1210 2643 a
1229 2609 1373 2653 Didymo
1396 2608 1637 2652 sapientissimo
1654 2620 1735 2643 con-

293 2654 419 2698 scripta
449 2661 536 2690 sunt.
591 2657 763 2702 Regnavit
785 2656 830 2690 ad
851 2656 948 2690 Ilium
980 2659 1062 2689 tunc
1085 2654 1264 2700 temporis,
1300 2659 1377 2699 post
1398 2653 1614 2696 Dardanum,
1646 2653 1735 2688 filius

292 2699 363 2743 ejus
387 2701 591 2736 Laomedon.

383 2745 538 2781 Israelem
561 2759 664 2790 vero,
689 2752 766 2793 post
787 2747 1020 2792 Sampsonem,
1049 2745 1218 2789 judicavit
1240 2745 1296 2779 Eli
1319 2746 1486 2780 sacerdos.

383 2791 608 2836 Temporibus
640 2798 751 2828 autem
774 2791 973 2838 supradictis
996 2795 1146 2826 mortuus
1177 2795 1228 2826 est
1249 2792 1469 2836 Androgeus,
1503 2790 1627 2826 Minois
1649 2790 1735 2823 Cre-

293 2839 350 2868 tae
372 2836 463 2880 regis
487 2848 529 2871 ex
551 2837 720 2885 Pasiphae
742 2838 841 2874 filius.
887 2837 1040 2872 Mortuus
1063 2839 1114 2872 est
1135 2837 1238 2872 etiam
1259 2837 1371 2872 Minos
1392 2837 1485 2883 ipse:
1513 2836 1574 2882 qui
1594 2835 1734 2871 moritu-
