1838 3230
422 159 1066 221 CHRONOGRAPHIA.
1119 162 1170 207 1..
1200 162 1274 208 lx.
1485 168 1585 219 225

110 281 241 339 μηνὸς
263 279 423 339 ἀγῶνας
443 277 715 340 ἀκροαμάτων
735 282 805 325 καὶ
824 285 1073 339 θυμελικῶν,
1098 288 1310 342 σκηνικῶν,
1335 282 1499 330 πάντων
1518 288 1587 351 καὶ

112 350 313 407 ἀθλητῶν
332 352 399 395 καὶ
424 350 586 394 ἱππικὸν
605 350 756 407 ἀγῶνα.

213 411 594 476 Καῗκατὲφθασεν
624 421 666 462 ἓν
688 420 910 479 Ἀντιοχείᾳ
941 422 983 463 ἒν
1013 425 1064 478 τῇ
1094 421 1263 482 δευτέρᾳ
1285 424 1490 483 παρουσίᾳ
1508 423 1587 467 αὖ-

112 491 188 532 ‘mii
224 485 247 531 ὃ
277 487 464 544 γαμβρὸς
490 492 564 530 τοῦ
595 487 723 531 αὐτοῦ
754 487 1004 545 Αὐγούστου
1028 490 1276 547 Ἀγρίππας,
1313 494 1381 536 καὶ
1413 490 1586 548 ἕξεχόΐσε

80 559 190 600 5τοῦ
217 559 396 599 παλαιοῦ
425 556 592 599 ἱππικοῦ
621 556 673 599 τὰ
694 555 871 611 χώματα
901 557 1002 615 ἅπερ
1031 557 1131 614 εἶχεν
1161 561 1206 602 ἐκ
1231 563 1314 603 τῶν
1342 560 1484 618 πρῴην
1505 560 1585 618 φό-

110 629 222 680 βων·
258 625 326 667 καὶ
351 622 559 680 ἐθεώρησε
590 624 666 681 τὴν
691 624 951 681 πολύτροπον
973 627 1078 670 θέαν
1102 626 1123 670 ὅ
1144 627 1291 679 αὐτός·
1325 631 1392 672 καὶ
1411 628 1585 684 θαυμά-

113 709 192 744 σας
211 693 384 749 ἔξῆλθεν
404 694 570 737 ἐκεῖθεν.
644 693 771 737 ἔκτισε
802 695 846 736 δὲ
866 694 1008 754 πρῴην
1030 696 1078 739 τὸ
1103 696 1204 740 αὐτὸ
1226 698 1400 741 παλαιὸν
1419 699 1583 742 ἱππικὸν
1607 709 1638 744 C

112 763 182 806 καὶ
209 761 260 805 τὸ
286 761 463 805 παλαιὸν
483 759 684 805 παλάτιον
703 764 746 805 ἐκ
767 768 849 806 τῶν
873 766 987 807 ῗὸιίον
1008 767 1185 815 Κοΐντος
1211 767 1306 822 [δὲ]
1340 768 1587 820 Μαρκιανὸς

113 830 190 889 ῥὴξ
204 827 430 885 Ῥωμαίων,
451 832 666 874 κατελθών
689 833 731 874 ἐν
744 831 964 893 Ἀντιοχείᾳ
984 837 1059 888 τῆς
1077 835 1232 889 Συρίας
1254 835 1356 889 πρὸς
1382 837 1586 880 Φίλιππον

58 909 104 945 10
115 899 188 943 τὸν
204 896 422 956 βαρύπουν
453 899 524 943 τὸν
545 898 773 951 Μακεδόνα
796 900 868 943 τὸν
895 899 1166 955 βασιλεύοντα
1194 903 1235 945 ἐν
1259 902 1480 966 Ἀντιοχείᾳ
1512 922 1586 948 τυ-

112 971 250 1012 πῶσαι
272 965 429 1025 φόρους
449 966 608 1011 διδόναι
629 968 754 1012 αὐτὸν
771 967 996 1024 Ῥωμαίοις.
1469 970 1471 973 ’

212 1035 386 1093 Ἐγένετο
414 1037 608 1091 βασιλεὺς
625 1036 835 1090 Ῥωμαίων
855 1043 1018 1093 πρῶτος
1041 1040 1109 1081 καὶ
1130 1036 1258 1094 μόνος
1276 1042 1342 1083 καὶ
1364 1040 1587 1098 ὄργιοφάν-

113 1121 189 1161 της
213 1102 234 1148 ὅ
268 1104 394 1155 αὐτὸς
423 1103 641 1156 θειότατος
665 1105 935 1161 Αὔγουστος·
972 1109 1039 1150 καὶ
1062 1107 1324 1165 ἐχρημάτιζεν
1346 1109 1492 1153 ἑαυτὸν
1513 1109 1587 1154 οὕ-

113 1190 220 1227 τως,
268 1173 516 1229 Αὔγουστος
552 1177 720 1230 Καῖσαρ
757 1173 1026 1226 Ὀκταβιανὸς
1066 1182 1341 1234 τροπαιοῦχος
1387 1180 1587 1232 σεβαστός
1611 1190 1644 1225 O
1668 1191 1738 1226 292

59 1251 104 1288 15
116 1241 310 1300 κραταιὸς
328 1240 585 1299 ι’μπεράτωρ,
632 1241 729 1297 ὅπερ
754 1243 860 1285 ἐστὶν
884 1242 1166 1302 αὐτοκράτωρ.
1237 1249 1305 1288 καὶ
1331 1248 1590 1302 ἐβασίλευσεν

114 1310 137 1354 ὃ
164 1310 290 1361 αὐτὸς
311 1309 559 1367 Αὔγουστος
577 1310 629 1353 τὰ
659 1309 793 1353 πάντα
812 1310 880 1365 ἴτη
901 1309 975 1361 νς’.
1044 1317 1097 1370 τῇ
1126 1315 1171 1356 δὲ
1197 1315 1280 1373 θέα
1307 1314 1463 1374 ὑπῆρχε
1493 1335 1589 1361 κον-

114 1378 297 1435 δοειδής,
331 1377 500 1432 λεπτός,
538 1377 768 1436 ἅπλόθριξ,
806 1378 1096 1437 εὐόφθαλμος,
1134 1381 1303 1440 εὕρινος.

211 1448 286 1492 Ἓν
308 1448 354 1490 δὲ
379 1448 507 1491 αὐτοῦ
526 1449 715 1507 βασιλείᾳ
736 1447 864 1491 ἔκτισε
885 1449 932 1492 τὸ
953 1450 1060 1510 ἱερὸν
1081 1456 1156 1494 τοῦ
1177 1452 1282 1501 Διὸς
1299 1453 1341 1494 ἐν
1362 1457 1414 1510 τῇ
1429 1451 1580 1512 Ῥώμῃ,
1605 1470 1637 1504 Ῑ)

117 1514 352 1567 ἅνανεώσας
379 1518 448 1560 καὶ
479 1516 528 1561 τὸ
557 1515 847 1572 Καπετώλιον,
886 1516 1061 1574 ποιήσας
1095 1520 1147 1563 τὰ
1178 1519 1392 1578 ἀμφότερα
1427 1523 1587 1580 φοβερὰ

60 1587 332 1643 ξοκτίσματα.

211 1685 245 1720 1.
278 1680 429 1718 πάντων
452 1682 565 1718 omisit
587 1682 716 1718 chron.
740 1684 861 1719 Pasch.
889 1697 922 1730 p.
948 1686 1025 1722 192.
1048 1686 1090 1721 Β.
1146 1685 1361 1733 Comparatis
1384 1698 1417 1732 p.
1443 1687 1519 1722 105.
1544 1687 1586 1730 B,

211 1729 243 1764 C
281 1729 461 1774 legendum
492 1733 576 1775 puto
607 1731 800 1774 τραγικῶν.
848 1731 976 1765 Ibidem
1003 1735 1054 1766 est
1076 1731 1245 1767 ἱππικῶν.
1362 1734 1394 1768 8.
1429 1733 1590 1774 Κοΐντος

209 1774 252 1812 δὲ
274 1773 493 1820 Μαρκιανὸς
516 1774 585 1820 ρὴξ
604 1772 817 1821 Ῥωμαίων]
856 1776 1001 1818 „Locus
1032 1778 1225 1813 mendosus:
1266 1777 1306 1814 δὲ
1338 1778 1420 1812 mihi
1456 1779 1589 1814 omnino

209 1821 402 1865 παρέλκειν
436 1821 587 1855 videtur.
634 1822 781 1863 Quinam
805 1834 890 1856 vero
914 1823 1002 1865 sint,
1036 1834 1120 1868 quos
1144 1824 1200 1859 hic
1222 1829 1409 1865 memorat,
1443 1825 1591 1865 Quintus

211 1868 411 1905 Marcianus
446 1871 483 1901 et
515 1867 694 1912 Philippus
717 1869 893 1913 Barypus,
926 1868 1135 1904 doctioribus
1158 1870 1394 1915 inquirendum
1418 1871 1591 1917 permitto.

209 1913 317 1949 Forte
345 1910 536 1956 Ῥωμαίων
567 1914 758 1956 redundat,
792 1919 828 1948 et
862 1913 930 1958 ρὴξ
964 1926 1151 1960 cognomen
1183 1922 1245 1951 est.
1293 1918 1400 1951 Certe
1424 1917 1590 1951 Marcium

210 1959 342 2005 Regem
365 1960 524 1994 habemus
548 1959 626 1994 Cos.
650 1959 685 1994 in
709 1959 820 1995 Fastis
843 1960 979 2003 Siculis,
1004 1961 1048 1995 ad
1071 1962 1172 1997 finem
1194 1961 1407 2009 Olympiadis
1425 1964 1591 1998 chxwf‘

212 2005 279 2041 Ch.
371 2007 428 2041 18.
452 2003 594 2050 αὐτοῦ]
620 2007 667 2052 τῇ
690 2003 808 2042 αὐτοῦ
831 2007 886 2041 ed.
912 2007 1051 2042 Veneta.

119 2096 214 2179 {agdi
236 2096 428 2178 οῗιιιίῐεῐίἱ,
461 2096 677 2143 Thymelici,
709 2097 869 2142 Scenici,
893 2098 1058 2135 Athletici
1080 2101 1117 2134 et
1138 2099 1345 2146 Equestres,
1377 2100 1506 2146 populo
1529 2110 1592 2134 ex-

181 2155 262 2179 eren
279 2154 332 2178 ur.

214 2190 371 2235 Agrippa
392 2200 496 2232 vere,
536 2188 680 2234 Augusti
704 2201 830 2234 gener,
873 2190 1088 2227 Antiochiam
1112 2191 1258 2227 secundo
1281 2191 1413 2234 visens,
1457 2191 1593 2225 Circum

84 2253 98 2264 ·
122 2238 294 2278 veterem,
319 2247 340 2270 a
362 2236 543 2271 ruderibus
560 2236 734 2270 ruinarum
758 2235 929 2281 prioribus
952 2241 1067 2273 terrae
1090 2238 1235 2272 motibus
1257 2238 1446 2278 factarum,
1468 2248 1594 2282 repur-

124 2281 201 2328 gari
238 2280 395 2316 curavit:
434 2281 494 2316 ubi
529 2293 601 2315 cum
627 2281 741 2316 Ludos
766 2283 869 2317 hosce
893 2283 1005 2319 varios
1029 2295 1154 2319 summa
1178 2295 1251 2318 cum
1275 2283 1495 2318 admiratione
1517 2294 1594 2327 spe-

124 2330 271 2369 enasset,
295 2326 417 2362 exinde
434 2326 597 2362 discessit.
644 2327 780 2362 Circum
799 2332 911 2364 autem
934 2330 1024 2364 hunc
1043 2336 1195 2364 veterem
1212 2329 1290 2363 olim
1308 2329 1462 2363 condidit
1484 2328 1596 2367 Quin-

125 2375 180 2407 tus
203 2372 418 2413 Marcianus,
442 2373 520 2407 Dux
545 2373 735 2415 Romanus,
759 2385 833 2408 cum
855 2375 1070 2410 Antiochiam
1094 2375 1240 2420 Syriae,
1265 2375 1413 2418 vectigal
1436 2373 1596 2407 Romanis

125 2417 340 2464 pendendum
359 2419 519 2465 Philippo
542 2419 698 2465 Barypo,
722 2418 915 2464 Macedoni,
939 2421 983 2456 ad
1006 2421 1222 2456 Antiochiam
1244 2420 1404 2465 regnanti
1426 2419 1598 2453 indicendi

125 2473 229 2499 causa
251 2465 454 2499 advenisset.

215 2508 309 2545 Idem
351 2510 573 2546 divinissimus
611 2511 804 2556 Angustus,
848 2511 1076 2547 Romanorum
1118 2512 1303 2557 imperator
1335 2514 1373 2545 et
1405 2510 1595 2545 Monarcha

126 2553 252 2600 primus
264 2580 284 2598 ,.
306 2556 556 2602 Sacrorumque
579 2556 726 2591 Antistes
750 2561 845 2593 erat:
884 2558 1121 2603 cognomenta
1145 2561 1255 2593 autem
1279 2557 1344 2590 ista
1366 2555 1430 2590 sibi
1452 2568 1594 2601 arroga-

126 2598 200 2634 vitc
245 2602 423 2648 Augustus
446 2604 575 2638 Caesar
601 2603 829 2646 octavianus,
866 2605 976 2639 victor
1002 2610 1171 2650 augustus
1194 2604 1360 2643 invictus,
1398 2603 1596 2647 imperator,

128 2644 219 2690 quod
243 2645 442 2693 (Graecis)
465 2653 584 2691 sonat,
630 2645 879 2694 αὐτοκράτωρ.
925 2650 1110 2695 Imperavit
1135 2653 1247 2683 autem
1271 2650 1439 2692 Augustus
1462 2648 1497 2682 in
1520 2648 1596 2682 uni-

125 2701 258 2725 versum
281 2702 385 2727 annos
407 2704 479 2732 mvl.
525 2695 616 2730 Erat
639 2706 722 2730 vero
746 2700 877 2731 statura
900 2700 1020 2738 curta,
1051 2694 1210 2741 gracilis,
1249 2693 1415 2738 capillitio
1438 2694 1529 2729 lento
1555 2705 1596 2728 ac

126 2739 309 2782 porrecto,
333 2737 480 2783 pulchris
502 2740 627 2783 oculis,
650 2753 731 2775 naso
757 2741 919 2786 eleganti.

219 2781 274 2816 Eo
294 2782 484 2828 imperante
505 2785 599 2820 Jovis
630 2786 760 2821 Fanum
796 2790 986 2822 extructum
1010 2790 1082 2829 est,
1120 2783 1393 2831 Capitoliumque
1426 2783 1596 2819 instaura-

126 2830 215 2863 tum:
241 2832 419 2874 utrumque
442 2830 632 2868 aedificium
655 2832 758 2879 plane
781 2832 994 2880 stupendum.

183 2881 330 2916 Ioannes
365 2881 532 2917 Malam.
1266 2882 1286 2920 1
1293 2877 1319 2921 5
