1838 3230
395 168 1019 216 CHRONOGRAPHIA.
1077 170 1311 218 LXVIII.
1491 178 1591 228 455

117 291 193 345 τῆς
222 292 302 345 σῆς
321 285 577 348 ἦμερότητος
621 290 689 332 καὶ
715 288 835 345 ἡμῶν
873 295 956 334 τῶν
995 291 1170 348 γνησίως
1193 290 1304 348 ὖμᾶς
1337 292 1590 350 ἀγαπώντων

116 355 327 414 πρόδηλόν
355 359 466 402 ἐστι·
536 359 604 401 καὶ
635 358 674 402 οἳ
699 359 843 415 ἐχθροὶ
874 360 920 403 δὲ
948 358 1142 417 ἑκατέρας
1169 363 1375 413 πολιτείας
1407 381 1588 408 καταπε-

117 430 288 470 σοῦνται
321 424 476 483 ταύτης
513 426 589 475 σὺν
613 431 700 486 θεῷ
721 428 950 484 γενομένης.
1023 429 1091 472 διὰ
1112 428 1262 486 τάχους
1291 434 1427 476 τοίνυν
1448 434 1588 476 ἐπικα-

117 493 375 551 ταλήψονται
398 495 439 539 οἱ
457 493 645 553 ἡμέτεροι
664 498 925 553 πρεσβευταί,
964 497 1194 556 ὀφείλοντες
1215 499 1510 558 ἀναπληρῶσαι
1533 503 1588 545 τὰ

83 562 222 620 ὄπρός
247 562 474 621 ἀσφάλειαν
500 568 576 620 τῆς
604 562 778 622 εῗρήνης.
850 564 1058 621 εὐχόμεθα
1086 572 1186 624 γοῦν
1227 570 1270 612 ἐν
1290 574 1457 621 πολλοῖς
1475 568 1580 629 χρό·
1605 576 1635 610 C
1663 626 1666 629 Ι

115 649 202 683 νοις
218 631 291 687 τὴν
309 632 508 689 πατρικὴν
529 631 646 687 ὑμῶν
665 632 854 677 διάθεσιν
874 634 1185 693 περισώζεσθαι.

214 702 303 744 Καὶ
332 702 580 758 ἐκπεμφθεὶς
609 699 690 745 ὑπὸ
728 701 939 758 Ῥωμαίων
968 703 1089 747 πάλιν
1113 703 1343 763 Ῥουφῖνός,
1391 706 1587 764 δευτέρας·

113 767 365 825 ἀποκρίσεως
383 772 750 827 καταπεμφθείσης
769 772 811 814 ἒν
834 779 918 822 τοῖς
934 776 1154 829 Περσικοῖς
1174 775 1358 831 μέρεσιν,
1395 770 1487 833 εὗρε
1507 776 1580 819 τὸν
1605 779 1638 814 0
1664 781 1732 816 192

111 837 284 892 βασιλέα
305 841 482 894 Περσῶν
502 839 732 882 ἀναδυὲντα
750 841 855 898 πρὸς
886 841 936 884 τὰ
965 840 1142 892 δόξαντα
1166 844 1320 899 μεταξύ
1339 844 1477 888 αὐτῶν
1498 846 1584 888 ἕνε-

56 914 179 949 mxcv
207 911 283 962 τῆς
308 905 481 964 εἰρήνης.
553 909 837 965 φημισθέντος
862 910 940 967 γὰρ
968 909 1141 965 τούτου,
1180 911 1238 962 ὥς
1265 917 1347 956 τῶν
1371 917 1582 970 Σαμαρει-

109 978 193 1018 τῶν
209 973 421 1029 Ῥωμαίων
456 975 826 1032 ἇγανακτηθέντων
852 977 932 1021 ὑπὸ
965 983 1039 1022 τοῦ
1060 981 1262 1035 βασιλέως
1278 981 1580 1036 Ἰουστινιανοῦ,

109 1041 166 1094 ὥς
186 1043 502 1101 προγέγραπται,
540 1044 751 1102 φυγόντων
769 1048 837 1089 καὶ
859 1045 1125 1091 ἀπελθόντων
1145 1049 1248 1106 πρὸς
1267 1047 1464 1105 Κωάδην,
1496 1055 1580 1105 βα-

107 1111 223 1155 σιλέα
242 1116 420 1169 Περσῶν
431 1145 446 1167 ,
484 1113 565 1157 ἀπὸ
585 1119 660 1170 τῆς
687 1113 845 1159 ἑαυτῶν
867 1114 1007 1172 χώρας
1025 1119 1327 1173 Παλαιστίνης,
1366 1120 1433 1161 καὶ
1453 1119 1577 1174 ἐπαγ-

106 1181 350 1236 γειλαμένων
382 1181 495 1241 αὐτῷ
528 1191 778 1238 συμμαχεῖν·
812 1184 860 1227 τὸ
893 1185 938 1227 δὲ
965 1188 1128 1239 πλῆθος
1155 1185 1291 1230 αὐτῶν
1321 1182 1373 1243 ἦν
1396 1185 1580 1242 χιλιάδες

53 1248 382 1306 15πεντήκοντα,
419 1251 702 1307 ἐπηγγείλαντο
735 1253 780 1295 δὲ
810 1256 892 1296 τῶν
918 1256 1097 1310 Περσῶν
1132 1259 1300 1308 βασιλεῖ’
1333 1254 1575 1313 προδιδόναι

105 1317 182 1373 τὴν
213 1317 372 1362 ἑαυτῶν
398 1317 566 1374 χώραν,
602 1320 678 1376 τὴν
706 1321 992 1376 ΙΙαλαιστίνην
1021 1327 1161 1366 πᾶσαν
1203 1326 1269 1366 καὶ
1300 1324 1397 1375 τοὺς
1434 1322 1573 1381 ἁγίους
1595 1329 1628 1363 Ι)

103 1384 280 1441 τόπους,
325 1385 442 1431 πόλιν
471 1387 646 1443 ἔχουσαν
665 1387 878 1446 διαφόρων
904 1390 1108 1445 βασιλέοιν
1131 1394 1395 1449 χαρίσματα·
1414 1398 1574 1449 χρυσοῦ

103 1472 146 1497 τε
176 1455 254 1513 γὰρ
283 1459 448 1512 πλῆθος
480 1457 584 1499 πολὺ
615 1459 683 1500 καὶ
713 1459 844 1501 λίθων
880 1460 1023 1514 τιμίων
1055 1461 1341 1517 ἀναρίθμητος
1368 1461 1573 1517 ποσότης“

102 1525 170 1566 καὶ
202 1522 384 1575 ἀκούσας
408 1529 541 1568 ταῦτα
570 1524 592 1569 ὃ
622 1527 815 1581 βασιλεὺς
842 1530 1042 1586 Περσῶν,
1080 1531 1148 1571 καὶ
1174 1532 1356 1580 πεισθεὶς
1375 1537 1461 1580 τοῖς
1478 1531 1572 1587 παρ’

46 1592 242 1636 Ξθαῦτῶν
273 1593 523 1649 λεγομένοις,
560 1593 710 1651 ἂνεὸύη
738 1597 829 1652 περὶ
860 1596 908 1639 τὸ
939 1601 1108 1652 ποιῆσαι
1141 1597 1193 1640 τὰ
1216 1596 1364 1641 πάκτα.
1438 1598 1573 1655 ἀφορ-

100 1661 190 1716 μὴν,
214 1662 260 1704 δὲ
288 1661 430 1716 λαβὼν
464 1665 554 1720 περὶ
574 1668 658 1706 τῶν
689 1662 985 1722 χρυσοῤῥύτων
1023 1669 1105 1708 τῶν
1147 1664 1396 1723 εὗρεθίντων
1429 1665 1572 1725 πρῴην

101 1730 167 1771 ἐπὶ
191 1729 464 1773 Ἀναστασίου
495 1736 571 1773 τοῦ
602 1733 830 1785 βασιλέως,
869 1732 1000 1775 ὄντων
1027 1731 1107 1776 ὑπὸ
1137 1732 1386 1789 Ῥωμαίους·
1422 1730 1473 1789 ἦν
1492 1735 1571 1792 γὰρ

101 1796 244 1857 πρῴην
274 1797 326 1841 τὰ
358 1798 466 1841 αὐτὰ
495 1799 570 1856 ὅρη
598 1798 678 1843 ὑπὸ
698 1800 773 1856 τὴν
794 1804 971 1855 Περσῶν
993 1803 1220 1846 πολιτείαν·
1256 1803 1309 1846 τὰ
1329 1804 1374 1846 δὲ
1390 1802 1572 1861 χρυσόρ-

101 1866 208 1924 ῥυτα
239 1865 316 1924 ὅρη
345 1864 518 1925 ὑπάρχει
552 1868 706 1923 μεταξὺ
735 1873 821 1912 τῶν
858 1867 966 1927 ὅρων
994 1869 1214 1929 Ἀρμενίων
1247 1870 1457 1927 Ῥωμαίων
1503 1875 1572 1916 καὶ

190 1955 228 1991 3.
251 1952 447 2000 γινομένης
471 1954 539 1990 Ox.

99 2021 194 2067 quod
214 2021 423 2057 Clementiae
446 2023 592 2058 Vestrae
613 2024 823 2071 Nostrique‚
850 2025 937 2071 (qui
960 2026 1030 2061 Vos
1053 2025 1151 2061 unice
1173 2025 1380 2072 diligimus,)
1405 2027 1571 2073 tempori-

98 2069 182 2111 bus,
212 2067 305 2103 inter
326 2069 443 2104 orbem
473 2075 654 2116 utrumque
688 2072 763 2105 Pax
799 2071 893 2106 facta
915 2072 1043 2114 suerit,
1085 2071 1236 2107 omnibus
1268 2073 1480 2107 manifestum
1506 2078 1568 2107 est.

98 2113 205 2155 Quod
236 2118 273 2150 et
303 2115 445 2154 favente
475 2115 549 2150 Deo
581 2116 760 2162 utriusque
791 2117 955 2152 Nostrum
985 2117 1127 2153 inimicis
1160 2118 1300 2153 exitium
1330 2119 1482 2153 futurum
1507 2122 1570 2155 est.

95 2159 226 2205 Legati
245 2160 364 2207 itaque
387 2161 511 2196 Nostri
532 2162 641 2208 primo
666 2174 802 2208 quoque
826 2167 979 2209 tempore
1002 2164 1168 2206 aderunt,
1198 2176 1268 2210 quo
1293 2164 1338 2199 ad
1361 2164 1463 2199 Pacis
1486 2175 1570 2198 con-

96 2204 342 2250 firmationem,
377 2207 608 2253 quodcunque
637 2209 862 2243 necessarium
887 2210 974 2252 erit,
1012 2210 1186 2245 Effectum
1209 2210 1301 2245 dent.
1348 2210 1459 2245 Nobis
1483 2221 1568 2244 vero

97 2251 150 2287 uti
174 2251 326 2287 Paterna
346 2257 461 2288 vestra
483 2254 667 2289 affectione
691 2266 791 2300 quam
815 2254 999 2290 diutissime
1020 2256 1093 2290 frui
1115 2256 1219 2291 liceat
1242 2266 1431 2302 precamur.

188 2297 310 2333 Missus
333 2304 446 2334 autem
477 2300 631 2335 secundis
655 2312 731 2335 cum
762 2300 871 2335 literis
893 2301 1127 2348 Imperatoriis
1158 2302 1194 2336 in
1226 2301 1398 2335 Persidem
1422 2300 1565 2335 Rufinus

98 2342 228 2388 Regem
250 2344 384 2380 invenit
414 2345 506 2381 circa
529 2347 624 2392 pacis
646 2346 719 2381 illas
743 2347 952 2382 conditiones
984 2347 1130 2383 invicem
1153 2348 1316 2382 ineundas
1340 2347 1440 2391 longe
1464 2346 1567 2381 aliter

97 2400 134 2422 ze
155 2389 347 2425 habentem.
406 2391 502 2426 Inter
523 2393 608 2428 haec
632 2393 719 2427 enim
743 2393 956 2436 Samaritae,
993 2393 1115 2439 quibus
1138 2394 1350 2439 Imperator,
1388 2393 1440 2426 uti
1462 2403 1567 2438 supe-

99 2433 168 2468 rius
189 2434 313 2470 dictum
337 2441 410 2480 est,
433 2437 581 2473 infensus
605 2443 702 2481 erat,
726 2439 770 2473 ad
794 2440 915 2474 Persas
937 2441 1161 2484 transfugae,
1199 2439 1341 2482 (eorum
1365 2442 1478 2472 autem
1502 2449 1567 2472 nu-

98 2480 317 2517 merabantur
339 2482 380 2517 L.
404 2483 542 2529 Miltia)
574 2484 702 2519 auxilia
723 2496 782 2519 sua
806 2485 968 2520 adversus
991 2487 1160 2520 Romanos
1184 2484 1292 2519 Coadi
1316 2483 1407 2528 Regi
1430 2483 1567 2518 obtule-

96 2530 200 2567 runt3
234 2526 271 2562 in
291 2540 328 2563 se
349 2528 489 2575 insuper
517 2530 724 2576 recipientes
748 2530 964 2566 Palaestinae
999 2531 1105 2566 totius
1129 2530 1357 2576 proditionem
1380 2529 1565 2564 Locorum-

97 2582 165 2616 que
186 2571 235 2606 ibi
256 2572 457 2609 Sanctorum
489 2576 698 2618 faciendam3
732 2575 767 2610 in
791 2589 857 2623 qua
880 2578 967 2612 urbe
989 2577 1198 2611 diversorum
1233 2575 1364 2620 Regum
1386 2574 1565 2610 recondita

97 2621 198 2652 erant
218 2618 466 2662 Anathemata3
502 2622 560 2656 ubi
583 2622 687 2657 etiam
710 2622 784 2657 auri
815 2627 853 2658 et
874 2622 1012 2668 argenti
1034 2622 1084 2657 vis
1106 2621 1271 2664 maxima,
1307 2620 1565 2666 lapillorumque

97 2663 323 2716 pretiosorum
352 2665 487 2702 infinita
518 2673 595 2702 erat
624 2668 814 2713 congeries.
871 2669 970 2703 Haec
999 2668 1060 2702 ubi
1088 2666 1239 2702 audisset
1270 2667 1449 2702 Persarum
1472 2666 1562 2708 Rex,

96 2709 231 2744 illorum
254 2708 354 2744 dictis
382 2710 483 2747 fidem
505 2714 632 2748 habens
654 2725 772 2760 pacem
797 2715 999 2749 confirmare
1030 2713 1260 2754 detrectavit,
1296 2717 1438 2758 arrepta
1461 2712 1563 2747 etiam

96 2754 141 2789 de
163 2755 376 2790 Aurifodinis
397 2758 652 2803 occasiuncula,
676 2771 765 2806 quae
786 2759 955 2796 Anastasii
977 2758 1055 2794 olim
1079 2758 1285 2803 temporibus
1307 2757 1479 2800 inventae,
1503 2769 1563 2792 ex-

97 2800 176 2834 inde
198 2801 349 2836 Romano
374 2810 546 2840 cesserant
565 2805 731 2851 imperio3
768 2817 842 2840 cum
866 2805 959 2851 prius
982 2809 1110 2839 montes
1140 2804 1196 2838 isti
1215 2803 1302 2849 juris
1325 2803 1455 2839 Persici
1477 2803 1563 2839 fuis-

97 2851 181 2882 sent.
230 2846 365 2884 Montes
388 2854 499 2885 autem
529 2850 564 2884 hi
587 2851 751 2894 auriferi,
787 2851 966 2887 Armeniae
989 2850 1162 2886 Romanae
1184 2850 1505 2896 Persameniaeque
1527 2850 1562 2884 in
