1838 3230
259 169 354 219 158
580 168 582 171 ’
650 165 946 212 IOANNIS
973 168 1313 213 MALALAE

255 285 383 330 αὗτοῦ
402 287 621 341 κατέλαβεν
637 286 699 328 ἐπὶ
714 283 974 342 Ἰεροσόλυμα
990 287 1095 342 μετὰ
1111 285 1355 345 Ζοροβάβελ
1374 287 1552 339 ἐξελθεῖν
1565 301 1576 313 ·
1610 283 1713 346 σκῆ-

253 373 362 411 πτρα
395 357 439 398 δὲ
467 354 541 398 δύο
575 353 721 410 ἥμισυ,
757 353 903 413 ἄνδρες
930 357 998 399 καὶ
1025 365 1209 413 γυναῖκες
1225 358 1291 399 καὶ
1317 357 1481 409 παιδία,
1520 356 1593 400 τὸν
1621 352 1714 413 ἇρι-

253 424 367 478 θμὸν
398 422 591 481 μυριάδες
619 423 757 475 πέντε,
795 421 953 479 ἔμειναν
977 426 1033 475 εἲς
1060 425 1113 468 τὰ
1141 425 1325 482 Περσικοὶ
1355 425 1438 484 ῗὸίᾳ
1465 422 1711 481 προαιρέσει,

200 503 232 538 D
257 492 510 550 φοβηθέντες
533 490 585 534 τὰ
611 489 710 533 ὄντα
729 490 831 547 ἔθνη
850 492 974 550 πέριξ.
1044 493 1098 536 τὰ
1121 494 1165 536 δὲ
1186 494 1299 536 ἐννέα
1318 493 1443 550 ἥμισυ
1463 493 1711 548 ἐπανῆλθον,

255 559 397 610 καθὼς
421 557 628 614 Τιμόθεος
651 557 671 601 ὃ
687 558 971 618 χρονογράφος
991 560 1288 618 συνεγράψατο.
1359 560 1534 604 ἀπέλυσε
1562 561 1608 604 δὲ
1635 560 1746 611 ati-5

253 627 351 678 τοὺς
370 632 442 670 τοῦ
461 626 620 681 Δανιὴλ
643 625 886 682 αἰτήσαντος
906 627 1043 672 αὐτόν.

354 695 479 738 Mer&
496 696 540 738 δὲ
555 695 602 738 τὸ
625 694 855 739 ἀπολέσθαι
873 697 947 753 τὴν
965 698 1175 749 βασιλείαν
1192 700 1274 740 τῶν
1301 698 1463 741 Λυδῶν
1496 696 1537 739 οἶ
1565 692 1716 752 Σάμιοι

107 772 139 805 Ο
162 770 229 807 201
253 761 722 820 θαλασσοκρατήσαντες
743 765 1009 818 ἐβασίλευσαν
1027 771 1108 809 τῶν
1124 770 1258 820 μερῶν
1279 766 1447 809 ἐκείνων,
1504 766 1571 807 καὶ
1589 763 1716 808 ἀκού-

253 850 329 883 σας
349 832 452 887 μετὰ
466 829 642 890 χρόνους
661 834 801 889 Κῦρος
827 831 847 876 ὃ
870 834 1062 886 βασιλεὺς
1079 838 1269 891 Περσῶν,
1307 829 1598 891 ἐπεστράτευσε
1621 832 1710 876 κατ’

255 901 413 955 αὐτῶν,
449 903 515 943 καὶ
546 901 769 955 συμβαλὼν
797 900 936 952 αὐτοῖς
965 903 1170 961 ναυμαχίᾳ
1202 899 1436 958 πολεμήσας
1462 898 1625 957 ἡττήθη
1645 903 1711 944 καὶ
1726 905 1769 941 10

255 969 397 1027 ἔφυγε,
436 971 502 1011 καὶ
528 968 664 1012 ἐλθών
692 971 748 1019 εἷς
774 969 849 1025 τὴν
864 967 1008 1026 χώραν
1027 970 1154 1014 αὐτοῦ
1181 968 1359 1026 ἐσφάγη·
1394 971 1484 1026 περὶ
1514 963 1563 1012 οὗ
1591 970 1713 1012 πολέ-
1744 1011 1747 1013 ε

254 1055 335 1094 μου
369 1035 512 1094 Κύρου
539 1039 605 1080 καὶ
629 1042 710 1080 τῶν
733 1039 901 1092 Σαμίων
923 1036 944 1081 ὃ
966 1036 1206 1096 σοφώτατος
1226 1036 1485 1094 Πυθαγόρας
1513 1035 1534 1080 ὃ
1557 1035 1714 1092 Σάμιος

188 1141 190 1143 ,
255 1104 564 1163 συνεγράψατο·
611 1104 722 1155 ὅστις
755 1107 821 1148 καὶ
859 1104 964 1149 εἶπεν
999 1108 1124 1150 αὐτὸν
1151 1110 1294 1163 Κῦρον
1329 1103 1525 1149 τεθνάναι
1561 1107 1615 1156 εἲς
1641 1106 1714 1149 τὸν

255 1172 444 1229 πόλεμον.
516 1177 648 1216 ταῦτα
678 1174 722 1216 δὲ
751 1171 887 1217 πάντα
911 1177 978 1218 καὶ
1007 1174 1028 1219 ὃ
1058 1175 1188 1233 σοφὸς
1209 1174 1450 1233 Ἀφρικανὸς
1472 1171 1714 1231 ἐχρονογρά-

253 1259 372 1300 φησε.
1724 1246 1769 1283 15

199 1317 233 1353 Ε
357 1309 481 1354 Μετὰ
502 1310 546 1352 δὲ
565 1309 638 1365 τὴν
656 1310 866 1363 βασιλείαν
889 1308 1033 1367 Κύρου
1068 1308 1089 1354 ὃ
1116 1309 1204 1360 υἱὸς
1237 1309 1364 1353 αὗτοῦ
1383 1311 1561 1367 Δαρεῖος
1593 1306 1614 1352 ὅ
1645 1311 1721 1367 καὶ,

254 1376 488 1433 Καμβύσης
508 1380 573 1420 καὶ
596 1377 710 1420 ἄλλοι
731 1380 873 1421 πολλοὶ
897 1380 1162 1433 ἐβασίλευσαν
1183 1378 1417 1434 Ἀσσυρίων.
1487 1378 1549 1420 ἐπὶ
1567 1378 1613 1419 δὲ
1631 1381 1712 1420 τῶν

251 1445 411 1502 χρόνων
447 1450 520 1495 τῗς
551 1447 761 1500 βασιλείας
790 1448 996 1504 Δαρείου,
1041 1451 1115 1490 τοῦ
1144 1446 1236 1489 υἶοῦ
1266 1444 1433 1503 Κύρου,
1480 1442 1712 1502 ἐφιλοσόφει

255 1514 351 1571 παρ’
364 1513 552 1569 εἙλλησιν
568 1513 896 1570 Ἀναξίμανδρος.
958 1514 1069 1565 ὅστις
1089 1513 1171 1558 εἷπε
1189 1514 1263 1570 τὴν
1281 1519 1355 1571 γῆν
1374 1513 1501 1569 με’σην
1519 1511 1617 1556 εἶναι
1636 1517 1711 1557 τοῦ

253 1581 407 1632 παντὸς
425 1580 594 1636 κόσμου,
615 1584 699 1624 ’καὶ
718 1582 791 1625 τὸν
808 1581 922 1638 ἣλιον
942 1583 1014 1626 οῧκ
1035 1581 1189 1626 ἐλάττω
1207 1587 1281 1638 τῆς
1301 1586 1375 1638 γῆς
1390 1579 1596 1638 ὑπάρχειν,
1635 1581 1768 1638 rip-20

252 1651 330 1706 χὴν
361 1651 405 1692 δὲ
433 1654 515 1692 τῶν
541 1648 704 1693 πάντων
737 1650 863 1707 ἀέρα·
900 1652 941 1702 ἐξ
974 1651 1099 1694 αὐτοῦ
1130 1651 1318 1706 γενέσθαι
1349 1649 1484 1692 καὶτὰ
1504 1645 1638 1692 πάντα
1657 1652 1713 1700 εἲς

137 1726 170 1763 V
192 1728 237 1764 67
261 1718 386 1761 αὐτὸν
417 1715 680 1761 ἀναλύεσθαι.
751 1720 818 1760 καὶ
839 1719 913 1775 τὴν
929 1723 1000 1762 τοῦ
1022 1716 1245 1775 ἀνθρώπου
1264 1718 1403 1773 ψυχὴν
1421 1717 1560 1774 ἀερίαν
1577 1719 1643 1760 καὶ
1663 1712 1712 1761 τὸ

258 1791 340 1830 πᾶν
374 1790 532 1841 πνεῦμα
569 1783 828 1843 ἀπεφήνατο,
863 1785 1037 1843 μάταιον
1062 1787 1254 1843 λογισμὸν
1274 1785 1428 1842 πλάνης
1444 1783 1709 1844 παρεισάγων.

351 1882 382 1917 1.
407 1883 570 1927 σκῆπτρα
592 1882 675 1925 Ch„
700 1881 894 1927 cedrenus,
917 1884 1100 1929 σκῆπτρον
1123 1884 1191 1919 ΟΧ.

260 1960 360 2002 duce,
383 1960 648 2005 Hierosolymam
670 1966 841 2007 repetere.
884 1962 983 1997 Duae
1005 1966 1117 1997 autem
1138 1961 1258 2003 tribus,
1292 1971 1366 1995 cum
1389 1958 1539 2001 dimidia,
1561 1958 1711 1994 virorum

260 2006 391 2041 scilicet
426 2017 499 2039 cum
533 2007 694 2040 uxoribus
732 2006 915 2053 liberisque
956 2007 1203 2054 quinquaginta
1234 2006 1357 2048 millia,
1394 2006 1502 2050 (quia
1531 2005 1582 2040 ita
1615 2004 1712 2050 ipsae

262 2052 460 2093 voluerant,
484 2062 605 2096 nempe
621 2058 804 2086 metuentes
827 2053 890 2087 sibi
914 2065 934 2088 a
958 2053 1199 2088 circumvicinis
1222 2051 1424 2097 gentibust)
1446 2050 1482 2084 in
1498 2049 1639 2085 Perside
1653 2061 1712 2084 re-

261 2102 464 2132 manserunt.
511 2096 675 2142 Reliquae
693 2103 805 2132 autem
829 2099 936 2133 tribus
959 2111 1099 2141 novem,
1123 2110 1196 2133 cum
1214 2097 1369 2138 dimidia,
1393 2097 1428 2130 in
1451 2095 1598 2142 patriam
1619 2107 1711 2130 suam

261 2143 457 2178 redierunt:
483 2141 585 2176 sicuti
606 2143 742 2187 scripsit
764 2142 961 2179 Timotheus
983 2144 1281 2190 Chronographus‚
1326 2141 1481 2176 Liberati
1503 2147 1616 2176 autem
1633 2144 1712 2175 sunt

260 2188 403 2228 Judaei,
434 2187 575 2222 Daniele
597 2187 813 2231 impetrante.

353 2233 483 2267 Everso
507 2236 617 2267 autem
639 2233 812 2277 Lydorum
833 2245 959 2278 regno,
983 2234 1106 2276 Samii,
1130 2233 1230 2268 maris
1252 2232 1395 2279 imperio
1418 2231 1539 2278 potiti,
1562 2231 1712 2276 regioni-

259 2279 321 2313 bus
343 2278 415 2312 istis
437 2278 690 2325 imperitarunt:
727 2279 817 2323 quod
850 2291 923 2314 cum
947 2285 1067 2325 postea
1089 2279 1249 2324 temporis
1274 2280 1404 2324 Cyrus,
1437 2278 1615 2315 Persarum
1636 2288 1710 2319 reat,

258 2323 498 2366 intellexisset,
523 2334 614 2358 arma
636 2327 755 2358 contra
778 2336 835 2358 eos
857 2325 979 2367 movit,
1013 2324 1250 2370 commissoque
1273 2336 1347 2358 cum
1368 2323 1409 2358 iis
1431 2323 1561 2368 praelio
1584 2321 1710 2363 navali,

260 2369 393 2411 victus,
429 2369 465 2403 in
486 2371 600 2414 fugam
622 2369 788 2403 vertitur:
826 2373 861 2404 et
882 2370 918 2403 in
941 2375 1065 2405 terram
1088 2382 1180 2405 suam
1202 2381 1372 2410 reversus,
1403 2368 1623 2412 interemptus
1647 2370 1711 2402 est.

260 2415 364 2458 Cujus
397 2414 487 2448 inter
509 2415 632 2459 Cyrum
657 2420 692 2449 et
713 2414 843 2449 Samios
876 2415 955 2449 belli
978 2416 1172 2457 historiam,
1214 2413 1474 2460 sapientissimus
1495 2412 1710 2457 Pythagoras

259 2460 391 2494 Samius
409 2459 600 2494 contexuit:
625 2460 682 2505 qui
706 2464 741 2494 et
762 2464 860 2494 autor
883 2465 945 2502 est,
970 2462 1095 2504 Cyrum
1118 2461 1153 2494 in
1174 2459 1246 2505 ipso
1269 2459 1356 2494 bello
1379 2457 1584 2492 occubuisse.
1611 2457 1710 2492 Haec

258 2510 372 2539 autem
395 2505 505 2540 omnia
527 2505 725 2547 Africanus,
748 2505 784 2539 in
806 2506 1091 2551 Chronographia
1113 2516 1190 2547 sua,
1214 2505 1279 2540 scri
1304 2508 1341 2538 ta
1360 2503 1511 2548 reliquit.

352 2550 443 2595 Cyro
466 2550 623 2585 successit
652 2551 688 2585 in
710 2562 815 2596 regno
839 2551 1048 2595 Assyriorum
1077 2550 1166 2584 filius
1189 2550 1260 2593 ejus
1316 2549 1428 2590 arius,
1467 2548 1527 2594 qui
1549 2551 1586 2582 et
1607 2547 1710 2582 Cam-

261 2595 377 2639 byses:
419 2599 455 2629 et
476 2596 584 2637 hunc,
625 2596 683 2630 alii
705 2596 826 2641 plures.
871 2596 1093 2640 Temporibus
1121 2599 1233 2629 autem
1254 2594 1345 2639 regis
1366 2593 1485 2635 Darii,
1525 2593 1588 2628 filii
1611 2591 1709 2638 Cyri,

260 2639 378 2674 floruit
399 2640 489 2674 inter
513 2642 665 2676 Graecos
690 2641 933 2676 Anaximander
955 2641 1188 2685 Philosophus.
1235 2639 1359 2673 Docuit
1380 2639 1429 2681 is,
1455 2639 1598 2674 Terram
1615 2648 1711 2672 mun-

261 2685 298 2718 di
321 2685 425 2719 totius
448 2698 520 2720 esse
541 2686 723 2728 Centrum3
757 2687 871 2721 Solem
893 2697 975 2720 vero
997 2686 1071 2732 ipsa
1093 2690 1187 2719 terra
1209 2685 1312 2719 nihilo
1334 2684 1493 2719 minorem
1517 2695 1606 2719 esse=
1641 2683 1710 2716 Ae·-

262 2741 333 2764 rem
357 2736 468 2764 autem
490 2743 601 2766 rerum
623 2733 765 2767 omnium
788 2744 859 2767 esse
881 2732 1109 2777 Principium3
1150 2742 1193 2765 ex
1216 2741 1285 2775 quo
1307 2729 1416 2764 omnia
1439 2733 1548 2764 ortum
1571 2728 1709 2769 ducunt,

263 2779 301 2809 et
322 2773 356 2807 in
380 2787 477 2820 quem
498 2778 723 2812 resolvuntur.
770 2776 932 2823 Spiritum
953 2781 1134 2823 praeterea
1156 2787 1404 2820 quemcunque,
1426 2775 1602 2821 ipsamque
1622 2771 1708 2807 adeo

263 2818 413 2856 Animam
435 2820 620 2858 Humanam
639 2822 776 2860 Aeriam
799 2835 891 2866 esse,
920 2822 1122 2865 affirmavit3
1161 2821 1306 2857 futiliter
1327 2820 1408 2856 satis
1431 2826 1467 2857 et
1489 2819 1604 2865 inepte
1630 2817 1709 2863 phi-
