1838 3230
277 179 378 228 362
667 174 963 220 IOANNIS
993 176 1339 222 MALALAE

276 297 447 351 γελῶσα.
517 294 585 337 καὶ
612 291 792 349 ἓχόλεσεν
822 291 844 336 ὅ
870 293 1081 349 βασιλεύς,
1119 295 1180 339 ὅτι
1199 295 1371 354 ἔκραξαν
1390 298 1480 354 περὶ
1499 294 1644 355 Κύρου
1663 299 1731 342 καὶ

277 362 380 417 μετὰ
403 364 718 406 Κωνσταντίνου
741 362 866 405 αὐτὸν
883 362 1068 420 ἔκραξαν,
1106 363 1161 415 ὥς
1187 363 1472 408 ἆνανεώσαντα
1491 365 1566 421 τὴν
1589 363 1730 409 πόλιν·

277 432 345 473 καὶ
366 428 670 486 κατεσκευάσθη
700 432 839 473 λοιπὸν
872 433 938 475 καὶ
969 430 1118 488 ἔπλάκη
1144 431 1199 483 ὥς
1219 433 1368 489 Ἕλλην
1390 432 1412 476 ὅ
1433 433 1557 483 αὐτὸς
1574 437 1728 491 Κῦρος,

224 505 255 539 Β
278 500 346 542 καὶ
378 497 586 554 ἐδημεύθη
618 501 791 549 παυθεὶς
822 503 896 554 τῆς
925 499 1063 556 ἀρχῆς.
1134 503 1201 544 καὶ
1227 501 1474 559 προσφυγὼν
1496 501 1645 558 ἐγένετο
1663 503 1731 544 καὶ

278 567 404 616 αὐτὸς
425 571 575 619 παπᾶς,
613 569 679 608 καὶ
699 567 890 623 ἐπέμφθη
918 570 974 618 εἷς
993 568 1066 624 τὴν
1093 571 1290 627 Φρυγίαν,
1329 571 1546 620 ἐπίσκοπος
1562 567 1763 625 ysaiae-5

276 652 345 684 νος
373 636 427 684 εἷς
454 635 502 677 τὸ
530 633 743 690 λεγόμενον
771 633 1009 680 Κοτυάειον.
1078 633 1184 692 ἦσαν
1213 638 1290 695 γὰρ
1322 638 1360 680 οἱ
1387 638 1504 681 αὗτοὶ
1531 640 1732 688 Κοτυαεΐς

277 707 439 746 πολῖται
458 701 726 759 φονεύσαντες
747 702 988 754 ἐπισκόπους
1015 705 1238 762 τέσσαρας·
1274 706 1321 749 τὸ
1344 707 1388 749 δὲ
1409 704 1636 749 Κοτυάειον
1654 704 1732 749 πό-

275 775 338 820 λις
360 772 442 813 ἐστὶ
462 775 534 826 τῆς
560 773 744 827 Φρυγίας
763 773 956 827 ἐπαρχίας
977 775 1272 831 Σαλουταρίας.
1343 776 1410 817 καὶ
1439 774 1636 828 κατέλαβε
1656 773 1730 828 τὴν

274 840 497 882 Κοτυαὲων
525 837 642 882 πόλιν
676 841 889 890 ἐπίσκοπος
916 839 972 884 ὢν
1004 839 1026 884 ὅ
1059 841 1180 891 αὐτὸς
1212 844 1351 898 Κῦρος
1383 842 1461 899 πρὸ
1496 845 1579 885 τῶν
1609 840 1731 897 ἁγίων

274 908 502 964 γενεθλίων.
568 905 727 964 γνόντες
757 909 801 951 δὲ
822 909 861 951 οἱ
889 913 962 964 τῆς
990 907 1143 959 πόλεως
1169 900 1348 966 κληρικοὶ
1376 912 1443 952 καὶ
1469 914 1631 952 πολῖται
1667 908 1729 952 ὅτι
1742 919 1785 952 10

277 973 334 1026 ὥς
354 974 530 1032 Ἕλληνα
560 975 738 1031 ἔπεμψεν
766 976 889 1019 αὖτόν
923 975 944 1019 ὃ
976 976 1187 1030 βασιλεύς,
1225 979 1295 1020 ἵνα
1322 976 1539 1035 ἀποθάνῃ,
1575 979 1618 1022 ἓν
1644 985 1730 1027 τοῖς

275 1042 402 1100 ἆγιόις
421 1046 641 1100 γενεθλίοις
657 1046 847 1102 ἐξαίφνης
867 1040 939 1088 οὗν
959 1047 1001 1088 ἒν
1020 1050 1071 1103 τῇ
1092 1047 1280 1105 ἐκκλησίᾳ
1295 1045 1465 1102 ἔκραξαν
1477 1046 1589 1104 αὐτῷ
1601 1061 1731 1102 προσ-

276 1116 480 1167 ομιλῆσαι.
553 1115 620 1155 καὶ
659 1113 931 1169 ἀναγκασθεὶς
965 1114 1145 1169 ἀνῆλθεν
1172 1112 1385 1170 ὁμιλῆσαι·
1430 1116 1498 1157 καὶ
1522 1113 1626 1168 μετὰ
1655 1117 1730 1157 τοῦ

156 1190 189 1224 O
213 1189 258 1227 65
283 1183 422 1223 δοῦναι
443 1178 602 1236 εἰρήνην
629 1183 935 1238 προσωμίλησεν
955 1181 1096 1232 οὕτως.
1161 1182 1370 1240 Ἀδελφοί,
1406 1181 1432 1238 ἦ
1456 1182 1634 1239 γέννησις
1657 1185 1731 1224 τοῦ

223 1259 254 1293 C
277 1253 378 1291 θεοῦ
414 1250 479 1291 καὶ
510 1253 694 1305 σωτῆρος
722 1247 837 1305 ἡμῶν
863 1250 997 1305 Ἰησοῦ
1026 1254 1212 1307 Χριστοῦ
1245 1254 1376 1307 σιωπῇ
1406 1248 1621 1306 τιμάσθω,
1668 1248 1729 1292 ὅτι
1742 1253 1784 1289 15

275 1317 378 1374 ἀκοῇ
399 1316 505 1374 μόνῃ
528 1316 766 1373 συνελήφθη
791 1319 831 1360 ἓν
851 1322 902 1375 τῇ
932 1316 1025 1378 ἆγίᾳ
1048 1319 1242 1377 παρθένῳ
1270 1318 1389 1376 λόγῳ.
1455 1315 1609 1376 αὗτῷῆ
1631 1315 1732 1368 δόξα

274 1387 330 1435 εἷς
362 1385 457 1435 τοὺς
489 1387 662 1435 αἰῶνας·
699 1383 819 1440 ἀμήν.
889 1388 956 1427 καὶ
983 1387 1235 1442 εὖφημηθεὶς
1255 1391 1460 1441 κατῆλθε,
1498 1388 1564 1428 καὶ
1583 1385 1731 1443 ἒζιιεινεν

273 1455 356 1496 ἐκεῖ
369 1453 442 1503 ἕως
461 1451 661 1496 θανάτου.
725 1456 791 1496 καὶ
813 1452 1059 1511 προηγάγετο
1090 1453 1264 1510 ἔπαρχον
1291 1455 1495 1508 Ἀντίοχον
1517 1453 1588 1496 τὸν
1611 1451 1730 1495 Χού-

277 1523 404 1574 ζωνα,
440 1522 511 1564 τὸν
533 1520 690 1577 ἔγγονον
706 1520 910 1577 Ἀντιόχου
932 1526 1005 1564 τοῦ
1025 1520 1245 1574 Χούζωνος
1262 1527 1335 1566 τοῦ
1356 1520 1546 1578 μεγάλου,
1583 1519 1629 1570 ὃς
1648 1538 1730 1563 πα-

275 1590 412 1646 ρέσχεν
430 1591 472 1632 ἓν
487 1589 706 1649 Ἀντιοχείᾳ
727 1595 777 1648 τῇ
802 1588 954 1647 μεγάλῃ
977 1588 1216 1647 προσθήκην
1241 1589 1465 1648 χρημάτων
1501 1592 1557 1639 εἰς
1585 1588 1631 1631 τὸ
1660 1589 1727 1630 ἷπ-
1737 1594 1785 1629 20

274 1657 390 1702 πικὸν
425 1658 571 1701 καὶτὰ
596 1657 800 1714 Ὀλύμπια
844 1660 910 1701 καὶ
952 1658 1023 1701 τὸν
1061 1661 1304 1713 ΖΗαὶόυμᾶν.
1376 1659 1443 1701 καὶ
1481 1656 1564 1712 μετ’
1605 1656 1730 1700 αὐτὸν

365 1780 400 1814 6.
426 1779 597 1820 Κοτιοιεῒς
618 1779 688 1815 ox.
784 1780 839 1815 13.
862 1777 951 1819 τοῦ]
976 1777 1018 1814 τὸ
1043 1778 1169 1812 chron.
1193 1789 1228 1823 p.
1252 1778 1331 1813 318.
1358 1776 1399 1811 C.
1503 1779 1556 1813 16.
1581 1774 1730 1821 συνελή-

367 1826 452 1870 φθη
476 1823 514 1859 ἐν
537 1825 583 1870 τῇ
607 1821 692 1872 ἁγίᾳ
713 1824 888 1872 παρθένῳ
910 1823 1029 1869 λόγῳ]
1058 1850 1082 1866 ,,
1093 1825 1208 1869 Lego,
1232 1822 1358 1868 λόγος,
1382 1822 1453 1856 sive
1476 1822 1599 1868 potius,
1624 1819 1645 1858 ὁ
1668 1822 1730 1858 λό-

365 1883 440 1915 γος.
486 1870 567 1905 Chr.
602 1871 697 1905 Alex.
731 1871 854 1913 habet,
890 1870 1103 1916 συνελήφθη
1128 1883 1154 1906 ε.
1177 1883 1208 1904 τ.
1233 1882 1269 1905 οι.
1290 1867 1486 1914 παρθένῳ·
1520 1866 1628 1914 λόγος
1658 1868 1729 1915 γάρ

367 1911 425 1961 ἦν,
471 1915 571 1964 αὐτῷ
593 1914 616 1962 ἡ
642 1916 733 1961 δόξα
755 1922 822 1952 etc.
833 1919 857 1938 ‘⁶
903 1916 969 1952 ch.

278 2021 373 2053 rator
397 2021 507 2052 autem
528 2018 635 2054 iratus
658 2018 701 2053 ad
724 2019 829 2061 haec,
868 2019 1075 2064 Cyrumque,
1098 2017 1189 2052 urbis
1210 2017 1496 2058 Instauratorem,
1519 2015 1596 2062 pari
1619 2017 1730 2051 accla-

278 2063 436 2098 mantium
469 2065 585 2108 plausu
617 2077 690 2099 cum
722 2065 941 2099 Constantino
973 2064 1140 2098 celebrari
1173 2064 1397 2107 dedignatus3
1437 2073 1532 2105 eum,
1571 2066 1728 2107 tanquam

280 2110 450 2143 Graecum
473 2109 658 2151 hominem,
696 2110 870 2155 religionis
901 2110 1104 2156 postulavit:
1143 2114 1178 2143 et
1202 2109 1382 2143 honoribus
1411 2108 1561 2143 omnibus
1583 2111 1730 2149 exutum,

278 2154 376 2189 bonis
401 2154 502 2188 etiam
525 2155 724 2199 publicatis,
758 2156 864 2201 ipsum
889 2156 1015 2200 asylum
1046 2160 1218 2200 petentem
1241 2154 1517 2199 comprehendit,
1554 2152 1730 2187 clericum-

280 2212 346 2244 que
368 2200 445 2233 fieri
469 2200 592 2244 coegit.
639 2200 678 2233 In
702 2201 886 2245 Phrygiam
918 2201 1039 2235 deinde
1064 2201 1272 2246 Episcopus,
1311 2201 1356 2233 ad
1379 2199 1582 2243 cotyaeum,
1616 2197 1730 2241 Phry-

278 2245 358 2290 giae
389 2245 554 2279 Salutaris
583 2246 721 2286 urbem,
763 2247 874 2280 missus
906 2252 974 2281 est:
1022 2248 1116 2290 cujus
1146 2245 1238 2280 urbis
1266 2245 1397 2279 incolae
1427 2248 1573 2288 quatuor
1591 2243 1730 2286 jamjam

278 2291 467 2336 Episcopos
489 2303 565 2325 suos
589 2302 608 2324 e
631 2290 738 2324 medio
762 2293 975 2326 sustulerant.
1021 2292 1197 2325 Instabant
1218 2294 1290 2324 tum
1312 2288 1429 2323 Sancti
1450 2289 1616 2330 Natales,
1656 2299 1731 2322 cum

279 2337 390 2381 Cyrus
406 2336 594 2381 Episcopus
613 2336 799 2380 Cotyaeum
825 2338 973 2371 advenit.
1021 2338 1140 2371 Clerus
1163 2339 1284 2377 autem,
1306 2334 1514 2380 populusque
1533 2334 1731 2377 Cotyaeen-

278 2382 342 2423 sis,
368 2383 474 2426 probe
494 2383 636 2415 scientes
659 2381 785 2426 Cyrum
810 2382 1013 2427 Episcopum
1037 2394 1076 2416 eo
1101 2384 1144 2416 ab
1167 2382 1374 2426 Imperatore
1396 2378 1524 2413 missum
1547 2378 1647 2420 ideo,
1679 2378 1731 2412 uti

277 2432 439 2472 tanquam
464 2428 620 2462 Graecus
650 2428 747 2460 homo
770 2428 1042 2470 interficeretur,
1080 2427 1153 2472 ipso
1178 2425 1434 2459 Genethliorum
1465 2424 1521 2458 die
1544 2424 1732 2470 derepente

278 2484 389 2507 omnes
420 2472 455 2506 in
480 2473 635 2507 Ecclesia.
656 2483 741 2506 voce
772 2472 840 2506 alta
864 2473 1107 2513 exclamantes,
1142 2471 1333 2506 concionem
1367 2470 1410 2503 ab
1434 2481 1474 2503 eo
1498 2470 1573 2504 fieri
1597 2470 1729 2514 petive-

277 2524 368 2552 runt.
416 2519 563 2552 Coactus
586 2518 703 2563 itaque
726 2518 767 2551 ab
792 2517 851 2559 εἰς,
874 2518 910 2551 ἰιι
935 2518 1138 2552 Concionem
1161 2515 1331 2550 ascendit:
1355 2519 1391 2548 et
1414 2526 1531 2559 pacem
1554 2515 1648 2560 prius
1665 2526 1729 2559 po-

277 2563 357 2608 pulo
382 2567 557 2608 precatus,
599 2562 785 2608 hujusmodi
817 2563 859 2596 ad
884 2575 940 2597 eos
971 2563 1173 2597 Concionem
1206 2560 1335 2595 habuit.
1384 2561 1544 2603 Fratres,
1582 2561 1729 2595 Natales

279 2610 365 2650 Dei,
390 2614 424 2643 et
444 2610 637 2644 Salvator-is
653 2610 760 2644 nostri
779 2609 857 2642 Jesu
877 2609 1027 2649 Christi,
1047 2620 1116 2652 par
1136 2612 1207 2648 est,
1229 2607 1280 2640 uti
1296 2607 1430 2639 silentio
1448 2608 1665 2646 recolantur-3
1688 2617 1727 2640 eo

279 2655 390 2698 quod,
425 2655 548 2689 auditu
566 2656 657 2697 solo,
689 2655 727 2688 in
751 2655 881 2688 Sancta
913 2654 1073 2699 Virgine,
1105 2657 1299 2696 conceptum
1323 2656 1373 2686 est
1398 2652 1550 2684 Verbum.
1600 2652 1663 2685 Cui
1681 2651 1729 2684 sit

279 2701 409 2744 gloria,
433 2701 468 2733 ἰη
485 2702 623 2734 saccula
638 2701 855 2741 saeculorum,
878 2701 995 2733 Amen.
1042 2698 1196 2732 Omnium
1219 2697 1342 2731 deinde
1366 2697 1536 2740 plausibus
1555 2700 1727 2740 acceptus,

280 2745 473 2786 descendit3
501 2745 618 2791 ibique
639 2746 683 2780 ad
706 2750 845 2779 mortem
867 2756 975 2789 usque
997 2743 1166 2778 remansit.
1214 2742 1413 2776 Praefectus
1433 2746 1545 2776 autem
1568 2740 1728 2775 constitu·-

279 2794 335 2823 tus
366 2795 417 2824 est
438 2790 622 2826 Antiochus
645 2791 806 2833 Chuzon,
839 2790 952 2834 magni
975 2788 1132 2824 Antiochi
1153 2787 1341 2828 Chaonis,
1373 2787 1432 2832 qui
1456 2786 1670 2821 Antiochenis
1691 2785 1728 2818 in

281 2836 469 2871 auctarium
491 2837 650 2883 pecunias
673 2837 787 2881 dedit,
818 2835 999 2883 sumptibus
1021 2834 1056 2870 in
1081 2833 1275 2877 circensia,
1298 2832 1477 2879 Olympia,
1499 2835 1535 2868 et
1557 2831 1728 2875 Majumae
