1838 3230
321 189 419 238 718
1006 166 1277 236 BENTLEH

319 302 426 342 tiam.
482 302 548 341 Sic
564 302 684 354 igitur
699 317 930 356 persuasum
946 303 1095 356 habeo,
1125 305 1222 345 Chio
1240 307 1300 346 illi
1327 314 1366 347 et
1381 307 1552 362 Ephesio
1577 309 1760 362 patriam,

320 371 440 410 genus
459 358 656 409 fortunas,
684 361 900 411 ingenium,
923 362 1076 414 studia,
1093 375 1245 411 mores,
1276 363 1403 402 omnia
1422 364 1590 417 denique
1608 372 1765 417 praeter

317 429 462 453 vnomeu
490 422 529 454 et
546 422 708 454 aetatem
730 416 901 468 disparia
923 417 1057 456 fuisse.
1113 419 1163 457 Et
1181 425 1345 458 aetatem
1376 420 1531 471 quidem
1552 434 1640 460 cum
1661 421 1762 471 dico,

319 484 413 509 cave
436 484 524 509 cum
543 473 674 510 Jonsio
700 478 737 510 et
757 473 935 511 Gerardo
963 474 1099 512 vossio
1129 481 1167 513 et
1182 475 1357 526 Menagio
1386 476 1434 513 ad
1456 476 1609 528 Olymp.
1631 491 1762 517 Lxxn.

318 527 455 565 Jonem
478 526 614 566 Chium
631 526 805 580 rejicias,
835 529 904 581 qui
930 529 973 567 in
1005 531 1314 570 erubescendum
1343 545 1518 571 errorem
1540 533 1764 573 inciderunt

311 596 454 633 insen,
1350 613 1353 615 -

532 638 582 676 Et
608 639 781 689 graviter
798 641 927 690 magni
950 654 1088 691 magno
1108 641 1283 681 cecidere
1300 643 1355 681 ibi
1377 657 1490 683 casu:

318 695 367 734 ab
386 694 589 733 hominum
609 696 828 735 futilissimo
847 698 1011 735 Aemilio
1032 698 1151 735 Porto
1176 697 1351 751 decepti,
1381 700 1449 751 qui
1468 698 1611 738 suidae
1625 699 1762 749 verba,

316 766 473 817 Ηρξατο
492 762 561 812 τοὶς
580 767 800 820 τραγῳδίας
818 764 1017 808 διδάσκει-ν
1036 767 1101 809 ἐπὶ
1121 771 1193 820 τῆς
1220 770 1284 820 πβ
1312 766 1586 821 Ολυμπιᾶδος,
1613 769 1671 808 ita
1688 769 1763 821 La-

314 821 398 859 tina
418 821 530 869 fecit,
558 827 742 870 tanquam
766 824 798 860 si
818 823 887 861 Ion
912 823 1070 876 Olymp.
1088 838 1213 865 Lxxlr.
1244 824 1414 863 scribere
1433 825 1635 877 coepisset.
1691 825 1762 864 At-

317 891 408 942 qui,
440 905 462 929 o
481 891 603 940 bone,
633 893 696 944 πβ
725 898 815 930 sunt
839 907 1004 932 Lxxxn:
1035 900 1072 933 et
1095 894 1328 933 Scholiastes
1344 893 1506 933 —Comici
1526 909 1606 934 non
1625 908 1763 935 nume-

316 960 451 985 rorum
472 954 603 996 notas,
635 962 772 991 verum
793 949 940 999 integra
961 950 1082 988 verba
1107 950 1287 1000 exhibet,
1321 950 1384 991 ἐπὶ
1404 945 1667 1004 ὀγδοηκοστῆς
1693 949 1763 992 καὶ

317 1002 499 1056 δευτέρας
538 1002 798 1054 Ολυμπιάδος.
885 1006 1015 1044 Facile
1044 1006 1165 1056 igitur
1194 1021 1264 1058 per
1304 1012 1469 1044 aetatem
1506 1007 1659 1045 licitum
1688 1013 1760 1056 est,

314 1071 428 1097 usum
452 1066 489 1097 et
509 1060 828 1098 consuetudinem
847 1061 934 1099 Joni
955 1061 1051 1099 Chio
1081 1075 1170 1100 cum
1187 1065 1344 1101 Socrate
1362 1063 1491 1104 fuisse.
1550 1063 1656 1110 Quin
1677 1063 1762 1115 ipse

314 1114 356 1153 in
381 1115 459 1153 suis
491 1115 646 1167 scriptis
676 1117 847 1154 Socratis
877 1118 1112 1156 mentionem
1137 1118 1244 1159 fecit.
1307 1119 1497 1170 Diogenes
1526 1118 1654 1158 Laert.
1683 1122 1762 1160 Ιων

316 1169 359 1210 δὲ
385 1170 405 1211 ὅ
432 1174 531 1218 Χῖος
561 1172 627 1212 καὶ
654 1171 745 1212 νέον
764 1170 860 1212 ὄντα
889 1170 960 1212 τόν
989 1171 1204 1226 Σωκράτην
1234 1175 1290 1221 εἷς
1313 1172 1453 1226 Σάμον
1478 1171 1553 1214 miv
1574 1171 1760 1229 Αρχελᾶῳ

196 1224 227 1258 V
249 1226 296 1261 26
317 1226 559 1278 ἐπιδημῆσαί
578 1240 688 1278 φησι.
746 1228 852 1275 Quid
874 1228 1050 1276 Allatius,
1078 1230 1355 1269 malevolentia
1383 1237 1422 1269 et
1439 1231 1555 1278 livor,
1582 1244 1662 1269 non
1685 1229 1762 1268 ho-

315 1282 407 1321 mo‘?
452 1295 568 1333 quam
591 1283 709 1321 salsus
736 1290 792 1321 est
813 1284 948 1332 animi,
979 1299 1067 1324 cum
1090 1287 1307 1337 Gyraldum
1333 1286 1503 1324 credidit
1527 1286 1698 1338 primum
1718 1285 1760 1325 in

189 1338 222 1373 Ο
245 1339 291 1374 52
316 1353 360 1377 ea
386 1338 570 1390 opinione
593 1337 742 1377 fuisse?
783 1340 884 1377 Ecce
904 1340 976 1377 tibi
995 1355 1014 1378 e
1043 1348 1266 1380 transverso
1287 1342 1445 1381 Suidas:
1473 1342 1708 1394 jampridem
1725 1342 1759 1380 is

312 1395 354 1433 in
383 1389 850 1448 Διθυραμβοδιδάσκαλοι
873 1395 977 1433 idem
1005 1410 1094 1434 cum
1126 1398 1299 1448 Gyraldo
1323 1404 1506 1438 senserat.
1564 1398 1647 1439 Καὶ
1667 1402 1760 1438 Σω-

312 1446 483 1504 κράτους
511 1453 584 1489 τοῦ
611 1447 836 1501 φιλοσόφου
863 1450 943 1491 ἐστὶ
963 1449 1075 1506 λόγος
1094 1453 1149 1500 εἷς
1170 1449 1301 1494 αὐτόν.
1359 1455 1500 1492 Portus
1519 1451 1625 1499 haud
1645 1467 1759 1505 prae-

311 1514 375 1545 ter
404 1507 561 1543 solitum
595 1519 803 1557 perverse3
832 1513 877 1545 ut
897 1506 994 1544 nihil
1019 1508 1156 1558 magis:
1184 1508 1312 1547 Extat
1338 1508 1514 1548 Socratis
1537 1508 1761 1562 Philosophi

315 1563 442 1602 oratio
462 1562 502 1599 in
521 1563 646 1613 ipsum
667 1564 827 1614 scripta.
885 1562 960 1600 Sed
976 1562 1024 1600 de
1043 1564 1196 1615 dialogo
1216 1566 1386 1603 Platonis
1405 1564 1598 1603 intellexit
1617 1565 1755 1614 Lilius3

314 1625 354 1657 et
387 1623 494 1655 reete
525 1617 701 1668 quidem:
745 1632 790 1656 eo
821 1618 947 1656 solum
974 1620 1132 1657 nomine
1158 1621 1397 1672 culpandus,
1430 1620 1535 1671 quod
1565 1627 1758 1659 errantem

314 1675 455 1712 (lucem
478 1679 637 1712 secutus
662 1681 729 1713 est.
761 1674 843 1711 Jam
861 1687 968 1724 vero,
985 1687 1073 1712 cum
1092 1676 1191 1714 illud
1212 1678 1457 1728 exploratum
1481 1676 1532 1715 sit
1551 1676 1600 1715 de
1622 1677 1759 1728 Olym-

312 1729 430 1782 piade
457 1743 621 1778 LXXXII,
650 1729 737 1780 quis
757 1729 908 1768 dubitet
939 1731 1031 1782 quin
1062 1732 1194 1770 Jonem
1216 1732 1432 1784 Aeschylus
1461 1732 1640 1771 anteierit
1656 1739 1758 1772 aeta-

314 1786 382 1824 te'?
424 1785 615 1836 siquidem
645 1786 741 1823 obiit
766 1786 848 1824 fere
876 1788 1209 1838 septuagenarius,
1241 1789 1408 1827 triennio
1438 1789 1547 1839 prius
1576 1789 1627 1826 ad
1645 1789 1759 1827 mini-

315 1855 422 1880 mum
454 1855 571 1892 quam
597 1841 668 1879 Jon
693 1841 743 1878 ad
768 1842 941 1880 studium
964 1843 1169 1893 Tragicum
1198 1857 1238 1882 se
1263 1845 1486 1896 applicaret.
1542 1845 1757 1895 Praeterea,

315 1903 451 1936 narrat
478 1897 551 1934 Jon
581 1895 714 1949 (apud
741 1896 1012 1953 Athenaeum)
1040 1900 1263 1939 convenisse
1292 1914 1333 1939 se
1357 1900 1540 1939 ininsula
1564 1900 1660 1938 Chio
1682 1902 1758 1938 So-

316 1953 497 2006 phoclem
529 1959 702 2004 poetam,
744 1967 832 1991 cum
864 1955 1025 1993 Praetor
1053 1956 1180 1994 sactus
1209 1957 1407 2007 navigaret
1436 1956 1477 1994 in
1508 1956 1691 1995 Lesbum:
1720 1962 1758 1994 et

318 2008 451 2062 (apud
479 2007 756 2064 Plutarchum)
797 2017 985 2049 memorat
1016 2013 1173 2050 solitum
1207 2026 1286 2050 esse
1313 2011 1502 2051 Periclem
1531 2012 1679 2065 jactare
1715 2025 1757 2051 se

317 2063 715 2115 magnificentissime,
761 2066 867 2116 quod
901 2067 1048 2105 Samios
1076 2068 1244 2106 vicisset.
1314 2069 1371 2107 Ea
1399 2081 1495 2106 vero
1527 2074 1631 2118 gesta
1665 2074 1757 2106 sunt

320 2121 479 2172 Olymp.
503 2132 669 2158 Lxxxlv.
699 2134 753 2159 1v.
784 2136 806 2159 a
828 2128 951 2160 morte
974 2123 1158 2175 Aeschyli
1175 2123 1283 2161 annis
1308 2123 1514 2175 quidecim.
1571 2123 1755 2161 Didasca-

318 2177 395 2215 liae
413 2182 564 2215 veteres
581 2176 621 2213 in
642 2175 879 2225 Argumento
897 2178 1119 2231 Hippolyti:
1149 2182 1197 2218 H
1211 2178 1335 2231 σκηνὴ
1353 2182 1425 2219 τοῦ
1447 2174 1641 2231 δράματος
1657 2176 1756 2220 ’ὑπό-

319 2248 441 2273 κειται
471 2231 513 2272 ἓν
545 2228 694 2284 Θήβαις
725 2228 827 2285 (imo
860 2237 1063 2287 Τροιζῆνι)
1093 2234 1157 2276 ἐπὶ
1178 2237 1396 2288 Αμείνονος
1418 2232 1605 2287 ἄρχοντος
1625 2237 1755 2287 Ολυμ-

317 2299 432 2342 πιάδι
459 2304 521 2350 πζ
547 2301 619 2342 ἔτει.
650 2304 684 2342 δ.
756 2303 920 2353 Πρῶτος
949 2300 1195 2358 Εὐριπίδης,
1234 2300 1411 2356 δεύτερος
1437 2306 1593 2354 Ιοφῶν,
1627 2305 1755 2356 τρίτος

320 2362 410 2398 Ιων.
441 2358 577 2409 Itaque
598 2358 753 2409 Olymp.
770 2371 948 2396 Lxxxvn.
975 2373 1028 2400 lv.
1056 2361 1129 2397 Jon
1145 2360 1275 2398 fabula
1298 2359 1462 2399 certavit
1479 2359 1588 2397 annis
1605 2366 1753 2410 septem

318 2420 358 2453 et
379 2414 517 2463 viginti
536 2420 789 2466 posteaquam
815 2413 1032 2465 Aeschylus
1058 2422 1234 2454 mortuus
1253 2421 1323 2456 est.
1378 2415 1554 2466 Denique
1571 2414 1668 2453 haec
1692 2429 1753 2454 so-

317 2470 386 2508 des
405 2469 496 2508 vide
516 2483 564 2507 ex
597 2469 869 2522 Aristophanis
886 2471 1008 2509 Pace:
1039 2503 1040 2506 ,

401 2541 467 2579 Θε.
535 2535 620 2580 Οὕκ
646 2534 699 2590 ἦν
722 2535 789 2592 ἄρ’
810 2535 901 2580 οὐδ’
930 2537 956 2579 ἃ
974 2538 1128 2592 λέγουσι
1146 2538 1235 2593 περὶ
1251 2537 1317 2579 τὸν
1335 2535 1442 2593 οἷὲρα,

531 2597 595 2642 ,Ως
617 2592 774 2648 ἀστέρες
794 2591 995 2648 γινόμεθ’,
1035 2592 1128 2636 ’ὅταν
1144 2610 1201 2643 τις
1221 2591 1427 2648 ἀποθάνῃ,-

405 2653 471 2702 Τρ.
527 2646 724 2690 Μάλιστα.
784 2653 848 2691 Θε.
887 2650 968 2691 Καὶ
986 2651 1044 2699 τίς
1074 2651 1177 2692 ἐστιν
1198 2648 1320 2704 ἀστήρ
1343 2654 1418 2691 νῦν
1439 2650 1537 2702 ἔκεῖς

404 2709 468 2757 Τρ.
528 2709 605 2746 Ιων
631 2705 654 2746 ὅ
675 2709 783 2754 Χῖος.

316 2759 547 2799 Scholiastes
573 2768 680 2800 notat
708 2762 842 2800 Jonem
869 2761 949 2814 jam
975 2767 1138 2800 mortem
1167 2761 1325 2799 obiisse:
1357 2759 1418 2802 ὅτι
1435 2760 1460 2802 o‘
1478 2760 1550 2814 μὲν
1574 2764 1653 2802 Ιων
1672 2758 1751 2813 ’ἤδη

317 2815 484 2868 τέθνηκε
510 2818 643 2870 δῆλον.
691 2817 813 2869 addo,
842 2819 956 2858 etiam
982 2818 1115 2859 eodem
1140 2831 1239 2857 anno
1266 2831 1344 2871 quo
1372 2824 1456 2857 acta
1473 2824 1531 2857 est
1547 2830 1591 2857 ea
1607 2817 1751 2866 fabula,
