1852 3236
0 0 119 141 (q

0 157 24 197 ἱ,

612 194 1029 240 PRAEMONITIO.
1513 215 1566 240 xv

114 313 301 358 convenit
324 311 558 355 Rhetoricae
587 313 781 353 Professio
815 327 905 353 cum
945 311 1078 352 studio
1109 309 1312 352 Historias
1347 310 1565 350 scribendi!

114 384 262 424 Verum
288 381 397 434 siste,
430 382 589 432 Lector,
618 381 839 435 paulisper!
867 381 996 420 Nolim
1022 381 1135 420 abeas
1166 378 1215 419 de
1246 379 1355 417 hisce
1384 393 1433 418 ex
1460 379 1569 418 omni

111 457 228 505 parte
245 463 420 492 securus.
480 450 626 499 Quidni
651 449 725 489 alia
757 462 807 488 ex
834 462 950 488 causa
980 449 1203 501 Cognomen
1232 447 1471 487 MALALAE
1496 461 1567 487 seu

113 517 367 559 RHETORIS
399 517 566 571 adeptus
606 518 656 557 sit
684 516 856 556 Noster?
898 516 988 556 Non
1024 522 1063 556 te
1095 514 1253 567 celabo,
1292 514 1413 556 fuisse
1451 515 1567 556 etiam

111 584 395 626 RHETOREM
422 587 464 625 in
493 587 664 625 Ecclesia
694 584 886 624 Orientali
915 586 973 624 sic
1002 585 1152 624 dictum
1175 584 1404 625 Officialem.
1463 585 1567 623 Hinc

114 651 319 708 Θεόδωρος
344 650 543 703 Διᾶκονος
577 652 712 707 Ρήτωρ
743 653 848 705 apud
886 651 931 693 S.
957 652 1190 692 Maximum
1229 650 1381 709 Confis.
1422 653 1491 705 qui
1529 658 1569 691 et

112 721 318 762 Rhemum
347 735 435 761 eum
461 723 692 775 simpliciter
723 722 823 760 solet
859 721 1076 774 appellare.
1141 720 1245 759 Hinc
1273 721 1375 759 aucti
1407 733 1567 772 quoque

111 787 326 828 Rhetorum
353 789 472 829 titulo
498 789 679 830 Michael
713 788 1064 829 Thessalonicensis
1083 788 1189 842 apud
1218 787 1496 842 Ephraemium
1524 788 1568 826 in

80 879 85 886 >
113 857 311 897 Chronico
332 856 504 908 inedit03
534 856 706 897 Manuel
731 855 976 907 Holobolus,
1008 857 1120 909 cujus
1152 861 1288 894 extant
1310 857 1350 894 in
1376 856 1568 895 membra-

78 966 81 967 γ
110 927 172 965 nis
194 925 379 965 Poemata
398 925 440 964 in
467 925 625 964 laudem
647 923 861 964 Michaelis
891 923 1116 976 palaeologi
1143 924 1242 976 Imp.
1271 922 1442 963 Joannes
1467 924 1566 963 Dia-

111 1008 254 1044 conus,
280 993 460 1046 Scriptor
487 993 598 1033 Vitae
624 991 782 1046 Josephi
808 991 1130 1045 Hymnogmphi5
1161 997 1201 1030 et
1230 987 1301 1045 (ut
1327 991 1424 1029 alios
1451 1005 1567 1043 prae.

110 1063 334 1112 tereamus)
374 1059 562 1115 Georgius
601 1059 741 1100 contis
769 1059 826 1113 (is
852 1073 1028 1113 nuperus
1067 1057 1178 1112 erat)
1217 1059 1258 1097 in
1295 1058 1418 1098 codd.
1445 1073 1567 1099 manu

109 1130 304 1170 exaratis:
333 1126 527 1183 Γεῶργιος
546 1123 691 1176 Κόντις
708 1126 729 1169 ὁ
750 1124 887 1182 Ρήτωρ
913 1130 985 1180 τῆς
1005 1123 1300 1180 Μητροπόλεως
1317 1125 1470 1176 Λῖνου,
1496 1125 1567 1167 καὶ

111 1197 266 1247 ἔκδικος
283 1199 357 1251 τῆς
381 1193 554 1251 μεγάλης
583 1195 798 1247 ἐκκλησίας.
855 1196 902 1234 In
928 1195 1055 1236 codd.
1086 1195 1172 1234 aliis
1198 1199 1237 1238 2.
1272 1196 1379 1248 Οπερ
1410 1196 1568 1248 βιβλίον

108 1265 189 1308 ἐστι
205 1265 402 1320 Πωργίου
423 1262 596 1318 Ρήτορος
613 1263 756 1306 Αἴνου.
815 1264 916 1303 Hinc
943 1277 1099 1316 quoque
1122 1263 1164 1301 in
1184 1262 1358 1302 Ecclesia
1376 1263 1568 1315 Dignitas,

106 1336 190 1375 ταῖν
211 1331 396 1387 Ρητόρων
413 1334 632 1387 Μαΐστωρ,
661 1346 732 1372 seu
749 1328 1018 1381 Διδάσκαλος·
1049 1338 1090 1371 et
1108 1330 1249 1385 Μέγας
1270 1328 1424 1386 Ρήτωρ.
1469 1335 1567 1374 Μα-

106 1398 277 1521 νουῆἶὶό
297 1399 416 1455 μέγας
439 1397 597 1454 Ρήτωρ,
628 1400 695 1453 qui
724 1399 883 1454 scripsit
913 1406 1051 1439 contra
1076 1400 1256 1451 Latinos,
1285 1400 1506 1439 celebratur
1526 1401 1568 1439 in

105 1469 211 1510 volu
235 1469 315 1527 *ine
332 1469 413 1508 MS.
471 1469 535 1507 Sic
559 1467 785 1508 Eustaihius
815 1468 883 1506 ille
917 1468 1217 1518 celeberrimus,
1253 1467 1437 1520 Archiep.
1459 1475 1570 1521 post-

105 1528 268 1578 moduin
302 1534 673 1582 Thessalonicensis.
703 1536 745 1574 in
772 1536 889 1575 titulo
918 1537 1117 1576 Orationis
1138 1537 1217 1575 MS.
1239 1536 1290 1575 ad
1318 1537 1415 1589 Imp.
1435 1538 1570 1590 appel-

105 1601 213 1645 latur
232 1600 483 1653 Διδάσκαλος
506 1606 589 1644 ταῖν
621 1601 824 1656 Ρητὸρων·
861 1603 970 1643 Idem
998 1604 1040 1643 in
1073 1604 1331 1657 inscriptione
1353 1605 1566 1657 Epistolae,

106 1687 207 1727 quae
228 1673 312 1726 ejus
331 1671 625 1711 Commentariis
648 1671 691 1710 in
717 1671 903 1724 Dionysii
928 1671 1142 1725 Periegesin
1170 1673 1419 1725 praefigitur,
1453 1674 1567 1713 Μαΐ-

106 1753 243 1795 στορος
272 1743 352 1781 τῶν
379 1737 566 1793 Ρητόρων
592 1739 711 1778 titulo
730 1745 904 1778 ornatur.
960 1738 1111 1779 Rhetor
1133 1739 1211 1779 hoc
1232 1754 1349 1779 sensu
1369 1748 1565 1794 sumptus,

104 1809 328 1862 appellatur
364 1807 602 1860 quandoque
635 1806 832 1860 Sophiste.
899 1807 945 1845 In
980 1806 1153 1848 Scholiis
1188 1810 1477 1849 recentioribus
1515 1810 1566 1849 ad

104 1873 347 1915 Pindarum.-
377 1871 497 1929 Παροῖ
512 1877 586 1915 τοῦ
602 1872 794 1929 ἡμετέρου
821 1877 1028 1925 Σοφιστοῦ
1058 1873 1146 1929 ἤτοι
1181 1880 1463 1932 μυσταγωγοῦ,
1494 1893 1563 1918 κυ-

76 1936 82 1939 ’
103 1945 180 1997 ροῦ
197 1942 429 1997 Δημητρίου
457 1944 531 1983 τοῦ
563 1942 800 1995 Τρικλινίου.
864 1942 1004 1981 Utrum
1030 1942 1110 1982 hoc
1135 1959 1274 1995 sensu,
1303 1946 1560 1985 RHETORIS

102 2023 170 2050 seu
192 2009 433 2050 MALALAE
458 2010 723 2063 appellatione
751 2010 963 2051 decoratus
985 2011 1034 2051 sit
1054 2019 1188 2053 noster
1209 2011 1560 2067 Chronographus,

101 2092 223 2132 penes
245 2079 391 2119 Doctus
407 2085 493 2119 esto
508 2078 716 2131 judicium.

211 2214 295 2254 Jam
321 2214 372 2254 ad
400 2214 496 2265 alia,
538 2215 699 2264 Lector,
736 2215 951 2267 procedas:
998 2215 1052 2255 At
1084 2217 1315 2270 priusquam
1349 2216 1558 2269 procedas,

105 2281 297 2323 Votorum
317 2282 567 2336 quorundam
595 2282 692 2321 mihi
721 2283 849 2322 Testis
868 2289 975 2332 esto3
1005 2290 1044 2323 et
1070 2284 1187 2334 olim,
1221 2284 1254 2323 si
1283 2298 1457 2336 unquam
1474 2285 1559 2323 vio-

82 2342 259 2401 'lavero‚
287 2350 484 2391 Munitor:
518 2349 710 2391 Votorum
739 2351 987 2403 quorundam
1020 2351 1186 2390 eruditis
1207 2351 1334 2403 Viris,
1363 2351 1468 2405 proh
1490 2352 1560 2391 ‹lo-

99 2417 184 2456 lor!
212 2417 421 2472 hucusque
453 2418 698 2471 ignotorum3
727 2419 797 2459 sed
829 2434 932 2475 quae
957 2421 1039 2472 Ego
1064 2427 1258 2474 perpetuo
1286 2435 1308 2459 a
1333 2421 1473 2474 primis
1492 2421 1556 2460 Li-

98 2486 214 2535 teris,
243 2492 289 2528 ut
308 2487 435 2536 facio,
464 2487 541 2529 feci
563 2502 614 2529 ex
631 2487 770 2532 Corde.
