1838 3230
655 695 999 739 CL.VIRO

133 795 593 855 JOANNI
671 796 1172 870 MILLIO,
1234 802 1290 857 S.
1344 800 1542 858 T.P.‘

311 943 769 994 RICHARDUS
806 945 1250 995 BENTLEIUS
1290 947 1337 995 S.

88 1231 280 1301 Memini
311 1261 515 1313 equidem,
551 1262 649 1301 Milli
682 1263 936 1315 doctissime,
965 1275 1055 1302 cum
1075 1262 1220 1302 abhinc
1241 1263 1327 1302 dies
1351 1266 1554 1317 complus-

89 1320 202 1358 culos
224 1318 566 1358 deambularemus
584 1333 682 1371 una,
712 1326 950 1372 strenueque
976 1320 1026 1357 de
1045 1319 1209 1359 literulis
1236 1320 1382 1359 nostris
1407 1335 1554 1361 sermo-

86 1389 156 1415 nes
173 1374 447 1423 caederemus;
476 1375 533 1414 ibi
552 1376 655 1415 sorte
681 1377 841 1416 fortuna
869 1378 920 1416 de
937 1377 1085 1415 Joanne
1103 1377 1364 1416 Antiochensi
1385 1379 1555 1416 mentio-

85 1445 177 1472 nem
197 1431 319 1471 suisse
334 1432 543 1486 injectam:
574 1447 743 1485 cumque
775 1448 837 1472 me
862 1433 1101 1472 desiderium
1130 1435 1297 1485 cepisset
1315 1434 1461 1472 librum
1484 1434 1552 1471 ad·

86 1488 168 1528 huc
188 1495 383 1528 musteum
403 1489 589 1538 videndi,
621 1490 851 1543 priusquam
873 1490 914 1528 in
935 1491 1064 1529 lucem
1088 1491 1314 1542 publicam,
1344 1496 1384 1529 te
1405 1503 1553 1529 curan-

86 1551 153 1595 te,
183 1545 330 1596 exiret3
361 1559 405 1585 ea
430 1559 493 1585 me
521 1546 608 1596 lege
638 1546 682 1585 id.
711 1547 780 1585 abs
810 1554 848 1586 te
875 1547 1168 1599 impetravisse,
1198 1553 1243 1584 ut
1266 1547 1379 1597 siqua
1408 1547 1450 1584 in
1470 1555 1552 1586 tam

88 1601 306 1653 depravato
330 1603 524 1654 scriptore
550 1603 859 1641 emendationem
886 1609 1060 1641 nostram
1088 1605 1268 1654 accipere
1286 1608 1473 1654 possent,
1506 1617 1550 1641 ea

87 1659 128 1697 in
144 1656 356 1696 schedulas
375 1658 551 1711 conjecta
572 1658 623 1695 ad
643 1664 683 1697 te
711 1659 915 1698 mitterem.
976 1659 1326 1711 Duramxssprofecto
1349 1659 1551 1698 conditio-

87 1728 200 1763 nem,
232 1727 429 1766 quamque
455 1714 554 1752 adeo
575 1715 710 1753 multis
731 1715 779 1754 de
802 1716 929 1754 causis
944 1715 1088 1753 nollem
1111 1722 1321 1767 acceptam.
1377 1716 1476 1754 Nam
1504 1722 1551 1755 ut

89 1770 288 1820 omittam,
319 1770 427 1822 quod
446 1784 498 1810 ex
517 1771 585 1808 illo
604 1771 685 1809 sere
714 1778 892 1823 tempore
920 1786 939 1809 a
970 1772 1123 1810 meliori
1153 1772 1348 1810 librorum
1373 1779 1411 1811 et
1435 1771 1551 1811 char-

85 1827 262 1866 tularum
291 1840 469 1866 mearum
493 1833 623 1879 parte,
665 1835 703 1865 et
739 1829 874 1880 (quod
907 1828 1084 1866 acerbius
1111 1827 1209 1866 mihi
1240 1826 1409 1884 accidit)
1439 1843 1462 1867 a
1485 1828 1551 1881 ju-

86 1883 326 1922 cundissima
346 1890 414 1922 tua
436 1883 721 1922 consuetudine
740 1886 854 1935 longe
873 1884 1093 1937 disjunctus
1111 1885 1206 1933 sim;
1226 1886 1412 1936 quodque
1427 1886 1549 1923 semel

85 1939 278 1979 duntaxat
296 1939 403 1979 hunc
421 1940 601 1979 Malelam
628 1954 845 1993 properans
864 1941 1153 1994 percurrerim,
1182 1955 1255 1980 nec
1277 1949 1320 1980 ut
1340 1941 1549 1991 secundas,

83 2009 183 2048 quas
213 1997 477 2048 sapientiores
507 2011 591 2036 esse
622 1998 754 2047 aiunt,
791 2011 905 2035 curas
938 2005 977 2036 et
1010 1997 1269 2049 cogitationes
1305 1996 1546 2047 adhiberem,

84 2053 169 2092 ullo
201 2052 332 2092 adhue
359 2059 476 2106 pacto
509 2055 705 2106 potuerim
734 2054 904 2092 animum
933 2054 1143 2094 inducere:
1180 2061 1224 2092 ut
1249 2054 1337 2104 illa,
1367 2055 1541 2106 inquam,

84 2115 203 2161 atque
221 2111 297 2149 alia
318 2117 585 2163 praeteream3
615 2110 740 2162 pudet
759 2110 913 2159 hercle,
944 2117 988 2150 ut
1013 2124 1152 2150 verum
1182 2112 1328 2160 fatear,
1357 2111 1545 2163 pigetque

82 2166 207 2205 bonas
236 2165 375 2218 horas,
405 2180 506 2218 quae
536 2166 643 2205 haud
670 2168 790 2219 paulo
820 2168 955 2206 melius
976 2168 1162 2206 collocari
1181 2174 1363 2219 possent,
1393 2167 1432 2204 in
1461 2173 1543 2204 tam

81 2223 237 2273 ingrato
263 2230 302 2263 et
327 2223 493 2275 ignobili
527 2223 663 2262 labore
694 2238 938 2265 consumere.
1004 2224 1078 2262 Sed
1109 2225 1205 2276 quid
1240 2223 1410 2261 faciam?
1450 2222 1542 2261 data

83 2285 144 2318 est
165 2279 283 2319 fides:
310 2281 505 2333 promissa
521 2281 760 2331 flagitantur.
819 2281 957 2331 Video,
987 2281 1093 2333 quod
1110 2280 1206 2319 mihi
1225 2286 1374 2331 egomet
1389 2279 1541 2329 intrivi,

85 2336 334 2376 exedendum
363 2351 460 2378 esse.
530 2338 664 2376 Liceat
690 2337 831 2387 modo,
869 2338 1061 2389 siquando
1093 2339 1131 2376 in
1160 2336 1234 2375 hac
1263 2333 1541 2391 ἄναγκοφαγίᾳ

82 2392 281 2433 fastidium
303 2393 397 2432 mihi
419 2394 666 2444 suborietur,
698 2395 854 2434 aliunde
873 2402 1007 2447 petere
1027 2394 1133 2445 quod
1151 2394 1336 2432 fluentem
1359 2406 1539 2431 nauseam

83 2456 272 2489 coerceat.
330 2450 495 2490 Dabitur
524 2452 658 2503 itaque
686 2458 858 2503 potestas
893 2458 931 2490 et
957 2452 1072 2491 venia
1102 2450 1291 2501 evagandi
1321 2449 1537 2487 identidem

80 2505 348 2556 longiuscule3
378 2507 592 2546 dummodo
622 2522 672 2546 ne
700 2509 816 2560 plane
841 2508 913 2557 ἔξω
933 2511 1012 2548 τῶν
1038 2507 1204 2558 ἐλαιῶν,
1234 2519 1363 2557 neque
1383 2506 1536 2544 levibus

81 2561 131 2601 de
150 2563 291 2602 causis.
346 2563 431 2602 Hoc
452 2571 579 2603 autem
603 2565 703 2603 scias
730 2566 845 2604 velim
863 2566 906 2603 in
922 2564 1082 2616 primis,
1112 2577 1190 2602 non
1210 2562 1306 2602 mihi
1329 2562 1537 2600 consilium

81 2632 165 2657 esse
192 2618 242 2658 de
266 2619 412 2659 Joanne
441 2621 518 2659 isto
549 2622 615 2673 qui
648 2621 806 2674 cujasve
837 2621 979 2670 fuerit,
1022 2621 1178 2672 quando
1211 2620 1376 2668 vixerit,
1421 2625 1489 2656 aut
1514 2632 1535 2656 a

81 2675 227 2726 quibus
253 2675 435 2716 laudatus
459 2677 532 2727 sit,
575 2678 732 2717 omnino
751 2679 918 2719 verbum
944 2679 1094 2716 facere:
1134 2690 1223 2715 cum
1253 2676 1322 2714 diu
1353 2676 1404 2713 sit
1429 2674 1534 2727 quod

82 2745 237 2771 omnem
265 2732 379 2771 istam
412 2735 722 2775 controversiam
752 2735 923 2787 suscepit
961 2733 1217 2772 amicissimus
1246 2739 1381 2772 noster
1418 2738 1535 2783 atque

1578 693 1612 728 Ο

1578 739 1611 774 V

1638 695 1658 728 1

1634 741 1657 776 3

82 2788 372 2829 eruditissimus
398 2790 559 2834 Hodius,
628 2793 787 2846 Quippe
818 2790 925 2831 aliud
963 2797 1038 2842 est,
1077 2791 1259 2843 inquam,
1304 2788 1536 2840 Scriptionis
1561 2797 1592 2830 0
1616 2794 1639 2829 2
