1838 3230
289 186 390 237 240
686 182 973 229 IOANNIS
1001 186 1338 231 MALALAE

290 306 416 350 αὐτοῦ
450 304 554 360 μετὰ
582 303 678 353 τοὺς
703 300 742 358 η’
770 307 902 358 μῆνας
935 307 1160 356 συνειδυίας
1187 308 1253 349 καὶ
1281 311 1355 364 τῆς
1385 309 1573 365 γυναικὸς
1595 309 1737 365 αὐτοῦ,

288 374 431 425 καθὼς
451 372 471 417 ὅ
495 371 733 429 σοφώτατος
756 370 929 428 Κλήμης
950 372 1248 430 συνεγράψατο.

234 477 264 513 c
390 469 462 522 Τῷ
495 464 538 505 δὲ
560 460 887 521 ὀκτωκαιδεκάτῳ
917 462 992 506 ἔτει
1015 469 1087 519 τῆς
1116 466 1324 518 βασιλείας
1350 469 1424 508 τοῦ
1455 466 1581 510 αῧτοῦ
1614 470 1739 522 Τιβε-

287 534 375 589 ρίου
404 533 616 587 Καίσαρος
652 532 717 572 καὶ
746 532 842 585 μηνὶ
870 535 926 588 τῷ
948 530 992 583 ζ’,
1030 531 1236 588 γενόμενος
1255 535 1448 576 ἐνιαυτῶν
1467 536 1560 591 περί
1575 551 1655 578 που
1677 533 1738 591 λγ]

288 599 482 656 ὃἸησοῢς
501 597 697 654 Χριστός,
725 597 745 640 ὃ
769 599 866 648 θεὸς
887 597 1017 654 ἡμῶν,
1049 600 1260 657 παρεδόθη
1286 600 1366 644 ὑπὸ
1381 601 1517 645 Ἰούδα
1529 600 1768 660 Ἰσκαριῶ-ἐ

286 687 384 722 του,
421 671 616 723 μαθητοῦ
651 667 800 718 αὐτοῦ,
838 665 858 709 ὅ
889 667 1010 717 αὐτὸς
1041 668 1176 725 κύριος
1207 671 1273 711 καὶ
1302 670 1437 727 σωτὴρ
1465 668 1606 725 ἡμῶν,
1638 671 1738 726 ’μηνὶ

287 736 449 795 δύστρῳ
485 741 542 793 τῷ
567 737 631 778 καὶ
660 736 819 793 μαρτίῳ
851 733 925 790 κγ’,
975 741 1047 790 τῆς
1078 735 1245 792 σελήνης
1278 736 1447 794 ἐχούσης
1475 737 1631 795 ἡμέραν
1665 736 1738 794 ιγ’·

286 801 336 860 ἦν
365 806 408 848 δὲ
442 803 571 859 ἡμέρα
599 803 782 858 πέμπτη,
833 802 920 859 ὥρα
954 805 1161 861 νυκτερινὴ
1192 806 1364 861 πέμπτη.
1434 808 1501 848 καὶ
1526 806 1739 861 ἀπηνέχθη

287 873 390 930 πρὸς
423 873 493 915 τὸν
513 869 711 927 Καϊάφαν
731 871 913 927 ἀρχιερέα
922 904 936 924 ,
973 872 1157 915 κοίκεΐθεν
1192 872 1361 928 ἐξεδόθη
1380 875 1546 932 Ποντίῳ
1567 873 1740 932 ΙῚιλάτῳ

287 939 472 997 ἡγεμόνι·
509 942 575 982 καὶ
595 936 792 995 εὖθὲωςῆ
823 938 923 995 γυνὴ
957 945 1030 982 τοῦ
1066 941 1191 984 αὐτοῦ
1220 939 1406 984 Πιλάτου
1439 939 1612 996 Πρόκλα
1646 940 1739 997 ἔδή-
1752 958 1796 992 10

288 1014 417 1053 λωσεν
438 1008 548 1066 αὐτῷ
563 1041 576 1060 ,
612 1008 760 1062 Μηδὲν
781 1010 843 1050 σοὶ
866 1009 931 1049 καὶ
959 1013 1015 1065 τῷ
1036 1011 1175 1067 δικαίῳ
1204 1007 1336 1067 τούτῳ
1349 1023 1359 1033 ·
1396 1009 1526 1052 πολλὰ
1546 1009 1623 1066 γὰρ
1642 1009 1741 1052 ἔπα-

289 1083 372 1120 θον
403 1075 577 1132 σήμερον
602 1076 695 1118 κατ’
735 1074 832 1131 ὄναρ
866 1075 922 1117 δι’
954 1075 1090 1120 αὐτόν.
1162 1079 1227 1120 καὶ
1247 1076 1406 1133 γνόντες
1427 1082 1550 1120 τοῦτο
1570 1077 1609 1120 οἳ
1636 1077 1742 1120 Ἰου-

290 1148 421 1198 δαῖοι,
460 1145 695 1196 ἐστασίαζον
726 1142 957 1199 κράζοντες,
991 1140 1136 1201 Ἆρον,
1175 1141 1298 1202 ἆρον,
1336 1143 1575 1202 σταύρωσον
1604 1142 1743 1188 αὐτόν.

292 1216 358 1256 καὶ
392 1211 638 1269 ἐσταυρώθη
665 1209 800 1267 κύριος
829 1210 943 1266 ημῶν
967 1212 1125 1268 Ἰησοῦς
1150 1213 1332 1270 Χριστὸς
1354 1218 1405 1270 τῇ
1423 1213 1501 1270 πρὸ
1524 1210 1564 1268 η’
1591 1217 1744 1256 καλαν-

237 1292 270 1327 D
296 1284 377 1324 δῶν
408 1281 648 1335 ἀπριλλίων,
682 1281 779 1334 μηνὶ
807 1281 966 1338 μαρτίῳ
993 1279 1069 1333 κδ’,
1106 1286 1180 1336 τῆς
1212 1280 1379 1337 σελήνης
1398 1279 1567 1336 ἐχούσης
1583 1279 1738 1336 ἡμέραν
1751 1294 1793 1330 15

141 1363 173 1397 ο
196 1363 266 1399 310
288 1348 361 1392 ιδ’·
399 1345 449 1404 ἦν
469 1349 513 1390 δὲ
531 1346 696 1404 ἧμερινὴ
720 1346 806 1403 ὥρα
831 1348 936 1402 ἕκτη,
959 1351 1031 1402 τῆς
1053 1346 1206 1404 ἡμέρας
1225 1349 1349 1404 οὕσης
1369 1353 1636 1406 παρασκευῆς.
1672 1350 1742 1391 καὶ

288 1418 508 1471 ἐσκοτίσθη
541 1414 562 1458 ὃ
593 1414 728 1470 ἥλιος,
767 1417 832 1456 καὶ
851 1410 900 1469 ἦν
922 1417 977 1465 εἷς
1000 1415 1070 1458 τὸν
1088 1415 1240 1470 κόσμον
1260 1415 1426 1466 σκότος·
1466 1417 1555 1473 περὶ
1573 1411 1622 1458 οὗ
1642 1414 1746 1458 σκό-’

288 1502 386 1535 τους
426 1481 710 1540 συνεγράψατο
742 1480 763 1524 ὃ
794 1481 1035 1538 σοφώτατος
1068 1485 1231 1540 Φλέγων
1258 1483 1278 1527 ὅ
1314 1484 1534 1539 Ἀθηναῖος
1575 1485 1631 1533 εἷς
1663 1483 1739 1539 τὴν

288 1555 396 1595 ἰδίαν
418 1551 544 1594 αὐτοῦ
569 1550 803 1606 συγγραφὴν
819 1554 962 1594 ταῦτα.
1029 1555 1100 1609 Τῷ
1126 1550 1451 1610 ὀκτωκαιδεκάτῳ
1474 1551 1548 1593 ἔτει
1565 1555 1637 1606 τῆς
1657 1556 1739 1605 βα-

289 1622 439 1670 σιλείας
463 1620 651 1674 Τιβερίου
685 1621 894 1674 Καίσαρος
927 1619 1076 1674 ἐγένετο
1111 1619 1284 1673 ἔκλειψις
1303 1618 1416 1674 ἡλίου
1436 1620 1599 1674 μεγίστη
1619 1619 1794 1668 πλέονρο

290 1693 372 1732 τῶν
398 1687 654 1744 ἐγνωσμένων
685 1684 901 1742 πρότερον·
937 1689 1004 1728 καὶ
1024 1687 1096 1736 νὺξ
1115 1685 1291 1745 ὑπῆρχεν
1315 1686 1401 1748 ὥρα
1431 1687 1523 1744 ἕκτῃ
1546 1690 1620 1742 τῆς
1641 1684 1740 1742 ἦμέ-

292 1774 389 1814 ρας,
426 1755 527 1798 ὥστε
547 1757 614 1797 καὶ
634 1754 729 1804 τούς
755 1754 927 1811 ἀστέρας
946 1756 1178 1812 φαίνεσθαι.

386 1887 441 1921 17.
465 1882 567 1931 ἥλιος
588 1887 667 1928 Ch„
691 1886 781 1927 ἴλιος
804 1887 871 1921 Ox,
961 1887 1018 1921 20.
1041 1883 1150 1921 πλέον
1173 1896 1235 1920 om.
1260 1884 1383 1920 Chron.
1406 1884 1528 1919 Pasch.
1547 1895 1582 1931 p.
1598 1884 1676 1921 219.
1694 1883 1736 1927 C,

385 1932 560 1977 Syncellus
582 1945 616 1979 p,
640 1933 718 1968 325.
742 1934 783 1968 A.
828 1933 926 1967 Fort.
948 1933 1088 1967 πασῶν.

295 2044 389 2087 buit,
412 2052 475 2090 per
497 2046 643 2090 spatium
668 2057 732 2080 vm
755 2045 929 2081 mensium:
955 2045 1075 2090 quibus
1099 2044 1247 2086 exactis,
1270 2042 1304 2077 in
1327 2042 1478 2077 cubiculo
1500 2053 1583 2085 suo,
1607 2041 1739 2078 conscia

295 2091 397 2125 etiam
420 2102 545 2132 uxore,
570 2092 696 2126 occisus
721 2098 788 2126 est:
812 2092 899 2126 sicut
921 2091 1180 2136 sapientissimus
1204 2089 1354 2123 Clemens
1375 2087 1508 2133 scriptis
1531 2087 1693 2134 prodidit-

387 2159 484 2192 Anno
508 2162 621 2192 autem
645 2170 755 2201 xvm,
780 2163 816 2194 et
839 2171 950 2193 mense
972 2170 1042 2200 vn,
1067 2156 1266 2203 Imperantis
1290 2155 1438 2197 Tiberii,
1463 2156 1561 2190 Jesus
1585 2155 1739 2190 Christus

291 2204 382 2239 Deus
406 2207 441 2237 et
463 2204 629 2238 servator
651 2205 800 2247 Noster,
837 2216 940 2238 annos
964 2204 1101 2238 circiter
1123 2212 1231 2236 xxxm
1253 2203 1370 2242 natus,
1405 2212 1427 2234 a
1448 2202 1538 2235 Juda
1559 2202 1736 2243 keariota,

292 2249 456 2294 discipulo
479 2259 560 2291 suo,
595 2249 749 2294 proditus
771 2253 843 2290 est3
883 2250 1002 2283 Martii
1025 2259 1134 2289 xxm,
1159 2248 1214 2281 die
1235 2246 1370 2287 Lunae,
1391 2246 1479 2280 feria
1501 2258 1543 2288 v,
1566 2247 1654 2281 hora
1675 2258 1738 2280 no-

291 2300 411 2329 cturna
434 2306 467 2328 v.
513 2294 685 2328 Abductus
708 2306 788 2329 vero
813 2294 879 2328 fuit
903 2295 947 2328 ad
970 2295 1173 2339 Caiapham‚
1196 2291 1394 2326 Pontificem
1416 2291 1618 2325 Maximum:
1642 2291 1739 2325 exin-

291 2341 335 2374 de
357 2344 470 2373 autem
503 2339 624 2373 Pontio
649 2339 759 2373 Pilato
784 2340 938 2373 Praesidi
968 2340 1113 2374 traditus
1139 2337 1213 2371 fuit.
1258 2337 1381 2370 Procla
1402 2348 1485 2370 vero
1509 2335 1616 2370 Pilati
1637 2347 1737 2378 uxor,

290 2386 387 2420 misso
411 2384 522 2419 statim
544 2384 686 2426 nuncio,
711 2396 784 2418 eum
807 2384 953 2426 monuit,
985 2397 1027 2419 ne
1050 2383 1130 2428 quid
1152 2385 1298 2416 tentaret
1319 2381 1478 2416 adversus
1497 2382 1624 2425 justum
1645 2381 1738 2416 illum

290 2431 476 2466 hominem:
523 2430 666 2472 „Multa
690 2430 796 2471 enim,
834 2429 961 2474 inquit,
999 2430 1099 2463 hodie
1121 2439 1182 2472 per
1204 2426 1362 2461 somnium
1386 2437 1484 2472 passa
1504 2438 1575 2461 sum
1595 2433 1738 2472 propter

291 2488 376 2511 eum.
421 2476 542 2510 Judaei
564 2486 659 2516 vero,
684 2476 749 2508 hoc
773 2475 922 2519 cognito,
945 2475 1182 2509 tumultuantes
1205 2472 1451 2506 exclamarunt:
1488 2473 1594 2514 Tolle,
1620 2473 1737 2512 Tolle,-

293 2522 466 2566 Grucifige
500 2533 585 2555 eum.
640 2519 827 2554 Crucifixus
860 2523 909 2553 est
940 2519 1058 2563 itaque
1086 2519 1128 2552 D.
1161 2518 1209 2552 N.
1242 2517 1338 2551 Jesus
1371 2516 1524 2550 Christus
1555 2528 1620 2551 v111
1653 2517 1735 2552 Kal.

291 2567 446 2612 Apriles,
478 2566 599 2600 Martii
621 2576 723 2607 xxw,
748 2565 804 2599 die
826 2564 942 2598 Lunae
964 2576 1043 2604 x1v‚
1066 2565 1150 2597 hora
1172 2563 1227 2596 die
1249 2573 1304 2604 v1,
1329 2574 1403 2596 cum
1425 2566 1512 2597 esset
1534 2562 1736 2603 Parasceve‚

294 2611 386 2654 sive,
421 2611 492 2645 dies
516 2610 796 2656 Praeparationis.
844 2610 904 2644 Sol
926 2620 1008 2643 vero
1031 2609 1153 2642 lumine
1175 2608 1314 2642 orbatus
1338 2613 1406 2649 est,
1439 2612 1475 2642 et
1497 2608 1658 2642 tenebrae
1680 2608 1736 2641 fa-

295 2659 372 2691 ctae
401 2662 478 2690 sunt
500 2668 600 2701 super
622 2660 748 2690 terram
777 2655 974 2690 universam.
1020 2654 1146 2688 Harum
1170 2656 1281 2687 autem
1311 2654 1523 2687 tenebrarum
1545 2652 1581 2686 in
1602 2651 1736 2697 scriptis

294 2702 359 2735 suis
391 2703 541 2737 meminit
573 2701 828 2746 sapientissimus
862 2701 1014 2743 Phlegon
1044 2697 1274 2739 Atheniensis,
1312 2698 1403 2732 hisce
1435 2698 1560 2732 verbis.
1607 2698 1736 2739 „Anno

293 2747 395 2790 regni
416 2747 552 2781 Tiberii
574 2747 729 2781 Caesaris
752 2746 880 2781 decimo
904 2750 1044 2786 octavo,
1067 2742 1213 2787 Eclipsis
1235 2743 1311 2777 solis
1334 2747 1410 2778 erat
1427 2742 1580 2784 maxima,
1604 2741 1735 2787 qualem

294 2791 411 2836 priora
441 2793 552 2826 secula
573 2792 692 2826 videre
721 2793 853 2826 nullam.
899 2791 995 2825 Hora
1017 2788 1103 2824 enim
1132 2787 1201 2823 diei
1223 2793 1322 2824 sexta
1346 2799 1416 2824 nox
1439 2792 1516 2823 erat
1538 2790 1656 2829 tanta,
1696 2790 1737 2821 ut

295 2835 396 2871 etiam
415 2837 537 2872 stellae
560 2840 804 2883 apparerent.“
