1838 3230
304 176 404 224 704
893 173 1168 219 BENTLEII

306 283 549 339 Κύκλωπος,
579 285 641 330 ὅτι
663 291 766 343 τρεῖς
787 285 887 342 εἶχεν
915 284 1156 343 ὄφθαλμοῦς
1180 285 1390 343 σημαίνων
1410 287 1506 339 τούς
1518 285 1753 345 vasis-*5822-

304 341 410 396 φοῦς
432 351 471 383 et
489 357 588 396 quae
616 345 802 396 deinceps
831 352 1064 396 sequuntur.
1123 347 1177 385 Os
1195 346 1381 385 hominis!
1420 346 1594 386 Hoccine
1613 351 1660 386 ut
1674 347 1753 385 Eu-

304 400 453 451 ripides
482 401 547 439 vel
562 402 602 438 in
632 402 792 439 somniis
821 401 991 439 dixerit?
1046 403 1151 441 Bene
1182 403 1351 452 factum,
1381 401 1492 454 quod
1519 403 1752 441 etiamnunc

307 457 480 507 Cyclops
505 457 689 508 supersit.
756 457 875 504 Quod
904 458 936 495 si
962 458 1017 496 ita
1046 472 1145 508 rem,
1175 465 1297 510 prout
1329 458 1676 507 narrat‘Joannes,
1709 469 1753 496 se

305 510 451 550 habere
468 514 704 564 comperias:
733 527 812 550 non
831 526 970 552 recuso
997 514 1111 564 quin,
1142 514 1249 565 quod
1266 514 1514 564 gravissimae
1530 526 1677 566 poenae
1693 513 1752 551 lo-

309 581 356 606 co
383 567 466 605 fore
494 574 628 619 putes,
657 582 728 619 per
760 582 872 606 omne
901 570 1006 608 vitae
1037 575 1190 622 tempus
1218 576 1351 608 noctes
1379 570 1538 620 diesque
1569 567 1753 608 versandi

306 622 403 662 mihi
433 623 511 662 sint
528 630 568 663 et
600 624 798 663 ediscendi
828 624 925 663 adeo
944 625 1111 664 Annales
1131 625 1174 664 hi
1189 625 1415 676 Volusiani,
1444 625 1623 664 Malelaui
1644 623 1753 678 volui

307 679 455 718 dicere.

419 758 512 807 Pag.
545 760 639 800 210.
698 759 760 806 Ως
787 756 812 798 o‘
841 755 966 808 σοφὸς
999 754 1223 810 Εὐριπίδης
1249 759 1379 811 δρᾶμα
1404 757 1494 812 περὶ
1520 760 1594 799 τοῦ
1627 753 1754 808 αὐτοῦ

309 811 544 866 Μελεάγρου
564 813 732 862 ἐξέθετο.
790 814 970 864 Meleagri
989 814 1157 852 Fabulae
1176 816 1409 854 mentionem
1434 813 1583 854 faciunt
1600 813 1752 852 Macro->

309 871 418 916 bius,
447 869 657 915 Stobaeus‚
688 869 922 908 Scholiastes
951 870 1111 908 Pindari
1141 884 1229 908 cum
1254 871 1350 909 aliis.
1407 870 1541 909 Latine
1560 870 1754 908 convertit

309 926 456 965 Attius.
514 925 756 977 Hesychius:
795 927 1062 974 Καθωσίωσε,
1090 926 1282 966 κατέλυσε.
1318 922 1573 967 κατεύθυσεν.
1628 921 1755 978 Εὔρι-

307 983 428 1032 πίδης
452 980 684 1036 Μελεάγρῳ.
743 982 866 1032 Lego,
897 983 1152 1029 καθωσίωσε,
1182 981 1384 1023 κατέθυσε.
1426 982 1515 1020 Vox
1535 982 1653 1020 altera
1674 994 1754 1018 non

309 1037 423 1075 aliter
439 1050 554 1087 quam
583 1038 700 1075 litura
717 1037 890 1075 sananda
911 1044 980 1076 est.
1036 1039 1184 1089 Nempe
1216 1037 1344 1089 primo
1365 1036 1546 1076 mendose
1562 1035 1756 1087 scriptum

310 1099 370 1131 est
402 1092 603 1133 κατέλυσε”
644 1100 777 1145 postea
807 1094 991 1132 librarius
1023 1094 1163 1144 aliquis
1195 1094 1313 1145 paulo
1353 1094 1508 1132 doctior
1538 1092 1604 1132 vel
1628 1091 1755 1130 lector

309 1149 503 1199 quispiam
524 1148 737 1198 studiosus,
766 1150 806 1187 in
826 1150 917 1187 libri
937 1149 1109 1200 margine
1128 1149 1192 1187 vel
1212 1149 1340 1187 medio
1360 1147 1534 1188 fortassis
1548 1147 1652 1187 inter
1664 1161 1756 1186 ver-

309 1205 454 1242 siculos
482 1206 608 1255 spatio
634 1219 766 1243 veram
785 1205 1090 1243 emendationem
1124 1205 1286 1244 dederat
1306 1204 1524 1245 Κατὲθυσε.
1581 1203 1756 1241 Tandem

308 1264 459 1308 evenit,
490 1266 532 1297 ut
554 1266 763 1310 utrumque
786 1262 1022 1300 vocabulum
1052 1261 1259 1312 conjuncte
1289 1261 1331 1298 in
1350 1274 1465 1299 versu
1491 1265 1756 1310 contexteque

307 1316 562 1353 scriberetur.
619 1316 703 1354 Hac
737 1330 828 1354 sane
846 1318 1000 1355 ratione
1031 1330 1119 1354 cum
1135 1317 1176 1354 in
1195 1316 1276 1355 aliis
1302 1315 1580 1368 scriptoribus,
1609 1314 1757 1353 tamin

308 1370 614 1422 Lexicographis
646 1372 858 1422 praecipue
886 1386 965 1410 non
997 1386 1088 1410 raro
1110 1379 1314 1423 peccatum
1339 1379 1407 1410 est.
1466 1371 1575 1418 Quae
1595 1370 1755 1422 quidem

308 1434 469 1479 peccata
488 1439 576 1464 cum
599 1427 705 1464 haud
728 1427 897 1478 cujusvis
928 1429 976 1465 sit
997 1428 1172 1476 odorari3
1204 1429 1380 1478 profecto
1398 1440 1496 1477 opus
1516 1433 1593 1475 est,
1620 1432 1667 1464 ut
1687 1438 1756 1462 ex-

310 1483 447 1534 emplis
466 1482 616 1532 aliquot
638 1483 910 1520 confirmemus
943 1485 1167 1521 sententiam
1186 1490 1377 1530 nostram,
1407 1495 1456 1520 ne
1475 1488 1621 1520 temere
1639 1479 1754 1532 quid-

312 1551 430 1590 quam
451 1545 488 1576 et
507 1538 727 1577 inconsulte
746 1539 835 1576 loco
853 1539 1020 1578 movisse
1038 1539 1252 1580 videamur.
1309 1541 1462 1586 Εζελεν,
1492 1537 1641 1589 ἔβαλεν,
1666 1535 1755 1576 ἔλα-

310 1596 390 1646 βεν.
447 1594 691 1646 Ejiciendum
720 1600 777 1632 est
801 1595 965 1632 verbum
992 1595 1209 1646 posterius:
1252 1594 1390 1643 ζέλλειν
1413 1593 1514 1632 enim
1532 1592 1658 1631 eidem
1673 1591 1755 1629 He-

310 1649 450 1701 sychio
484 1655 542 1687 est
568 1646 736 1700 βάλλειν.
795 1647 1073 1703 Εὕηρότατον,
1114 1648 1270 1700 εὕδων,
1307 1646 1407 1701 καλή
1437 1651 1507 1702 γῆ,
1553 1643 1755 1701 εὐήρυτον,

312 1703 478 1758 εὔγειον.
550 1706 749 1744 Postrema
781 1705 856 1743 ista
888 1706 934 1744 ab
966 1706 1211 1745 emendatore
1241 1706 1408 1757 quodam
1437 1703 1614 1757 profecta
1643 1709 1753 1751 sunt;

315 1761 384 1811 qui
410 1761 535 1812 prima
562 1762 701 1799 vitiosa
733 1775 810 1799 non
837 1762 968 1814 inepte
995 1763 1149 1813 quidem
1181 1766 1415 1800 correxerat.
1477 1761 1597 1799 Totus
1625 1759 1755 1809 itaque

313 1817 427 1855 locus
446 1817 501 1855 sic
523 1818 817 1856 constituendus
840 1824 908 1856 est.
943 1815 1163 1870 Εὕήροτον,
1199 1817 1363 1872 εὔγειον,
1389 1813 1490 1867 καλή
1506 1818 1569 1869 γῆ.
1597 1813 1628 1867 †
1646 1816 1756 1868 Φυρ-

314 1877 461 1922 τοῖσιν,
493 1873 674 1923 εἰκαίοις,
702 1874 1082 1926 συμπεφυραμένοις.
1142 1874 1183 1914 οἱ
1199 1872 1241 1914 δὲ
1257 1872 1401 1924 ἄλφιτα
1425 1871 1520 1926 οἴνῳ
1545 1868 1756 1922 δεδευμένα

317 1929 672 1981 συμπεφυρμένοις.
728 1930 822 1967 Tam
852 1932 931 1968 scio
962 1930 1122 1969 verbum
1151 1930 1332 1980 ultimum
1363 1943 1384 1966 a
1413 1932 1630 1966 correctore
1659 1939 1756 1977 quo-

317 1983 405 2021 dam
438 1998 541 2033 esse,
572 1998 684 2035 quam
713 1998 775 2023 me
803 1985 948 2024 vivere.
1004 1986 1118 2024 Nulla
1146 1985 1337 2023 dubitatio
1364 1989 1443 2032 est,
1473 1981 1568 2032 quin
1583 1981 1637 2019 ita
1657 1980 1755 2019 scri-

314 2040 440 2091 pserit
468 2040 706 2090 Hesychius:
756 2043 987 2094 Φυρτοῖσιν,
1017 2042 1199 2089 εἰκαίως,
1239 2037 1588 2093 συμπεφυρμένοις.
1644 2036 1687 2077 οἷ
1712 2033 1756 2076 δὲ

317 2093 462 2146 ἄλφιτα
496 2095 591 2148 οἴνῳ
612 2096 832 2147 δεδευμένα.
886 2097 918 2150 †
938 2098 1089 2137 Αντιδι.
1120 2095 1170 2137 ἅν
1191 2112 1267 2136 τινι
1289 2095 1498 2149 ἐνέγμεθα,
1527 2088 1755 2143 ἐναντιώμε-

197 2161 229 2194 Ο
253 2158 298 2196 34
320 2156 389 2191 θα.
449 2151 544 2188 Cum
568 2151 800 2190 vocabulum
823 2152 900 2191 hoc
927 2154 1057 2192 veniat
1082 2166 1183 2204 pone
1199 2152 1514 2204 Αντιμίσθωτος,
1540 2147 1640 2186 wire
1660 2147 1756 2185 licet

320 2220 371 2246 ex
387 2207 587 2245 literarum
604 2207 703 2245 serie
717 2208 772 2245 sic
785 2215 959 2247 autorem
970 2209 1183 2259 scripsisse.
1214 2206 1557 2259 Λντινιενὲγμεθα,
1571 2198 1756 2243 ἐναντιώ-

317 2267 432 2314 μεθα.
490 2263 627 2301 Postea
649 2263 819 2314 quidam,
842 2266 909 2315 qui
927 2264 1182 2316 deprehendit
1202 2270 1383 2312 erratum,
1401 2273 1520 2312 supra
1536 2258 1755 2297 emendavit

1462 2311 1487 2347 ἆ
1511 2313 1583 2346 ude.

318 2349 368 2388 ad
385 2349 462 2388 hoc
481 2352 716 2404 exemplum,
745 2352 965 2403 scriptionis
985 2352 1254 2405 compendium
1274 2350 1431 2390 faciens.
1460 2323 1754 2402 α’ἶτινιενέγμεθα

316 2406 468 2444 Scimus
507 2420 638 2446 omnes
673 2408 725 2446 ita
761 2407 846 2445 fieri
882 2409 1019 2447 solere.
1090 2408 1259 2447 Tandem
1294 2412 1423 2444 autem
1454 2405 1613 2456 ineptus
1642 2406 1754 2456 quis-

314 2461 420 2513 piam
447 2462 628 2501 librarius
656 2477 739 2502 eam
768 2463 971 2514 utriusque
997 2465 1106 2502 vocis
1127 2462 1455 2502 continuationem
1483 2461 1598 2509 fecit,
1635 2473 1753 2512 quam

317 2516 435 2555 hodie
463 2518 652 2558 videmus.
707 2517 965 2572 Εκλύτρισιν,
1001 2517 1224 2572 ἔκλυ’ρισον,
1263 2514 1459 2569 κάλυψον.
1516 2515 1619 2554 Illud
1645 2511 1755 2556 ἔκλυ’-

199 2586 230 2617 v
255 2584 296 2620 19
322 2585 433 2625 ρισον
479 2587 529 2611 ex
576 2575 709 2614 eadem
756 2582 813 2613 est
862 2575 1017 2613 officina
1063 2581 1342 2613 correctorum.
1428 2571 1590 2623 Scripsit
1630 2571 1755 2622 Hesy-

323 2628 434 2666 chius
447 2628 703 2682 Εκλύτρισον,
724 2627 924 2681 κάλυψον·
946 2637 990 2669 ut
1010 2631 1092 2681 ipse
1110 2632 1310 2669 literarum
1330 2627 1427 2667 ordo
1447 2627 1668 2666 testimonio
1684 2631 1752 2664 est.

318 2684 445 2723 Media
466 2685 566 2723 enim
586 2686 773 2724 incedunt
792 2687 893 2724 inter
912 2690 1084 2733 Εκλυτος
1098 2693 1137 2724 et
1154 2686 1379 2732 Εκλωπίζει.
1435 2683 1520 2721 Hoc
1542 2696 1620 2720 non
1637 2682 1754 2720 intel-

320 2740 441 2789 ligens
468 2741 635 2791 pusillus
669 2742 824 2793 quidam
845 2742 1030 2790 Crificus,
1061 2739 1153 2795 (qui
1186 2741 1285 2779 enim
1303 2740 1346 2777 id
1361 2739 1616 2786 intellexerit,
1647 2735 1754 2789 quod

322 2809 372 2834 ne
395 2796 514 2835 fando
542 2797 699 2848 quidem
733 2811 906 2850 unquam
930 2798 1106 2838 auditum
1133 2796 1239 2850 est?)
1270 2796 1473 2837 emendare
1506 2799 1667 2834 conatus
1695 2798 1753 2832 est
