1838 3230
419 138 1053 186 CHRONOGRAPHIA.
1108 138 1158 183 L.
1188 137 1304 183 XIII.
1502 141 1603 192 345

125 262 173 306 δὲ
189 260 322 306 πολλὰ
343 260 430 318 ἱερὰ
451 261 639 318 ἐποίησεν
659 259 887 316 ἐκκλησίας,
912 261 978 303 καὶ
999 256 1168 318 ηὐξήθη
1186 259 1238 304 τὰ
1254 262 1336 304 τῶν
1350 264 1601 318 χριστιανῶν

126 331 250 380 πλέον,
268 331 332 374 ἐπὶ
350 335 427 386 τῆς
443 331 654 384 βασιλείας
673 328 815 372 αὐτοῦ.
1602 380 1603 383 ¹

226 397 276 443 Ὅ
303 399 348 442 δὲ
377 398 502 449 αὐτὸς
529 397 722 454 βασιλεὺς
754 397 967 454 ἀπεμέρισε
998 399 1066 441 καὶ
1088 397 1164 454 τὴν
1188 398 1382 455 Φοινίκην
1404 400 1600 455 Λιβανη-

129 468 223 514 σίαν
249 467 331 512 ἀπὸ
357 471 434 523 τῆς
461 465 650 525 παράλου
680 467 747 509 καὶ
776 467 961 522 ε’ποιήσεν
986 468 1207 524 ἐπαρχίαν,
1245 467 1342 519 δοὺς
1365 468 1501 510 δίκαια
1518 486 1603 523 μη-

95 534 361 595 5τροπόλεως
383 537 448 578 καὶ
467 535 649 593 ἄρχοντα
670 533 901 592 ὀρὸινάριον
916 535 1085 594 Ἐμέζτῃ
1104 540 1156 594 τῇ
1173 534 1299 580 πόλει.
1370 534 1392 580 ὁ
1413 536 1536 587 αὐτὸς
1558 537 1604 580 δὲ

125 605 318 662 βασιλεῦς
335 606 402 648 καὶ
421 604 492 648 τὸν
508 603 675 649 Πόντον
692 606 862 663 μερίσας
885 606 1069 662 ἐποίησεν
1090 606 1288 663 ἐπαρχίαν
1297 638 1311 659 ,
1343 603 1485 661 ἥντινα
1507 603 1604 648 ἐκά-

127 679 241 719 λεσεν
263 674 535 728 Αἱμίμοντον.

226 742 316 785 Ἐπὶ
336 743 380 785 δὲ
399 746 472 799 τῆς
491 742 619 786 αὐτοῦ
642 743 853 797 βασιλείας
872 739 1118 799 ἐτυράννησε
1130 745 1339 796 Βαλβῖνος
1358 741 1601 801 δ’Ίσαυρος,
1628 754 1662 790 0
1686 751 1733 791 40

129 813 198 856 καὶ
219 809 414 868 ἔστρεψεν
428 810 679 867 Ἀνάξαρβον
698 811 775 867 τὴν
795 809 911 854 πόλιν
931 813 997 854 καὶ
1022 810 1321 867 Εἴρηνούπολιν
1341 814 1409 855 καὶ
1429 810 1606 855 Καστά-

10 931 12 934 y
74 884 280 936 ΙΘβαλαν,
300 884 376 936 τῆς
394 882 582 930 Κιλικίας
602 878 748 931 πόλεις.
821 882 889 924 καὶ
909 882 1163 938 συλληφθεὶς
1183 879 1262 925 ὑπὸ
1281 878 1457 939 Ῥούφου
1475 897 1606 940 στρα-

127 947 308 1006 τηλάτου
327 949 527 1006 ἀνῃρέθη.

229 1016 279 1062 ‘O
298 1018 344 1061 δὲ
363 1018 486 1068 αὐτὸς
503 1018 699 1073 βασιλεὺς
721 1015 942 1068 Θεοδόσιος
961 1018 1002 1061 ἓν
1020 1022 1077 1078 τῷ
1096 1017 1209 1077 αὐτῷ
1227 1015 1362 1078 χρόνῳ
1383 1018 1481 1069 τούς
1499 1025 1607 1076 τρεῖς
1628 1026 1659 1062 Β

130 1087 258 1149 γαοῦς
287 1086 385 1137 τούς
416 1086 540 1138 ὄντας
571 1087 612 1130 ἓν
641 1085 1071 1131 Κωνσταντινουπόλει
1097 1087 1152 1138 εἷς
1176 1087 1251 1143 τὴν
1275 1086 1415 1147 πρῴην
1441 1088 1606 1144 λεγομέ-

131 1174 208 1212 νην
228 1153 468 1211 Ἀκρόπολιν
502 1155 761 1210 καταλύσας,
800 1157 961 1212 ε’ποίησε
989 1156 1062 1199 τὸν
1089 1161 1164 1200 τοῦ
1189 1154 1330 1199 Ἡλίου
1351 1156 1451 1200 ναόν
1476 1157 1605 1213 αὐλὴν

79 1235 124 1271 15
135 1222 391 1281 οἶκημάτων,
421 1226 488 1268 καὶ
511 1223 746 1281 ἐδωρήσατο
769 1225 898 1281 αὐτὴν
921 1229 972 1283 τῇ
993 1223 1148 1283 μεγάλῃ
1172 1226 1362 1285 ἐκκλησίᾳ
1381 1228 1606 1270 Κωνσταν-

133 1291 426 1344 τινουπόλεως·
461 1292 550 1350 ἥτις
568 1293 672 1350 αὐλὴ
692 1294 879 1350 κέκληται
902 1294 977 1344 ἕως
991 1299 1066 1337 τοῦ
1086 1299 1157 1338 νῦν
1178 1299 1252 1337 τοῦ
1269 1293 1410 1338 ἸΙλιόυ
1423 1309 1432 1319 ·
1470 1295 1541 1338 τὸν
1561 1296 1607 1339 δὲ

133 1367 211 1419 τῆς
245 1362 483 1419 Ἀρτέμιδος
511 1362 612 1406 ναὸν
650 1363 812 1419 ἐποίησε
851 1362 1182 1421 ταβλοπαρόχιον
1217 1371 1304 1414 τοῖς
1334 1366 1605 1417 κοττίζουσιν·

135 1430 248 1482 ὅστις
264 1429 390 1482 τόπος
411 1431 599 1488 κέκληται
620 1433 695 1483 ἕως
714 1437 790 1488 τῆς
807 1437 880 1476 νῦν
900 1430 922 1475 ὅ
944 1431 1042 1483 ναός
1055 1447 1065 1457 ·
1101 1431 1127 1489 ἦ
1158 1433 1203 1475 δὲ
1230 1434 1401 1489 πλησίον
1425 1431 1534 1491 ῥύμη
1561 1434 1607 1476 τὸ

134 1498 293 1559 ἓλᾶφιν.
362 1499 436 1544 τὸν
465 1502 510 1544 δὲ
540 1504 615 1556 τῆς
638 1501 884 1559 Ἀφροδίτης
906 1501 1005 1545 ναὸν
1032 1503 1194 1557 ἐποίησε
1219 1509 1512 1560 καρουχαρεΐον
1534 1506 1609 1545 τοῦ

79 1568 317 1627 Ξοὲπάρχου
346 1573 429 1612 τῶν
457 1572 739 1627 πραιτωρίων,
787 1572 928 1621 κτίσας
967 1570 1081 1628 πέριξ
1112 1569 1287 1626 ὃσπήτια
1321 1573 1388 1614 καὶ
1419 1569 1611 1621 κελεύσας

136 1638 295 1694 δωρεὰν
321 1638 454 1693 μένειν
484 1640 525 1682 ἓν
557 1639 697 1690 αὐτοῖς
716 1638 791 1689 τὰς
811 1637 917 1681 πάνυ
940 1640 1130 1696 πενιχρὰς
1148 1637 1314 1696 πόρνας.
1386 1640 1547 1695 ἐποίησε
1567 1640 1611 1683 δὲ

137 1704 159 1750 ὃ
189 1707 314 1757 αὐτὸς
349 1704 573 1757 Θεοδόσιος
601 1710 668 1750 καὶ
692 1708 768 1763 τὴν
796 1708 1011 1763 λεγομένην
1039 1706 1181 1766 πρῴην
1210 1706 1350 1763 κώμην
1373 1706 1610 1766 Ῥοφαεινῖὶν
1634 1717 1665 1751 C

137 1773 278 1819 πόλιν·
312 1773 403 1831 ἥτις
421 1773 652 1832 μετεκλήθη
677 1774 1039 1829 Θεοδοσιούπολις,
1076 1781 1264 1832 λαβοῦσα
1285 1777 1420 1820 ἔκτοτε
1449 1775 1475 1833 ἦ
1505 1777 1609 1833 αὐτὴ
1635 1786 1668 1821 Ο
1691 1784 1737 1822 41

228 1875 264 1910 3.
286 1874 540 1922 Λιβαυησίαν]
563 1875 784 1933 Λιβανισίαν
805 1875 874 1910 Ox.
972 1877 1006 1911 7.
1032 1874 1258 1921 Αὶμίμοντον
1281 1874 1366 1916 ch„
1387 1872 1609 1919 Ἑμίμοντον

230 1921 298 1955 Ox.
332 1964 367 2000 di
389 1923 423 2001 9t.
449 1922 738 1968 Εἰρηνουπολιν]
764 1923 806 1957 V.
830 1922 875 1956 ad
898 1933 932 1969 p.
957 1923 990 1958 6.
1015 1920 1057 1956 C.
1148 1923 1203 1958 22.
1223 1919 1460 1968 Ῥοφαεινᾶν]
1485 1923 1610 1958 Resai-

228 1979 310 2002 nam
369 1978 400 2001 ci
418 1992 427 2001 .

136 2047 295 2095 plurima,
317 2047 352 2082 in
375 2048 548 2084 Ecclesias
571 2061 748 2092 conversa,
773 2047 977 2084 Christianis
1000 2047 1161 2084 donavit:
1186 2048 1290 2084 Unde
1311 2053 1347 2086 et
1364 2062 1419 2086 res
1439 2050 1607 2086 Christia-

138 2107 269 2136 norum,
292 2095 390 2139 hujus
411 2096 472 2130 sub
495 2095 652 2142 imperio,
679 2094 858 2141 plurimum
882 2100 1004 2130 auctae
1026 2100 1112 2130 sunt.

231 2141 325 2176 Idem
349 2141 539 2186 Imperator
572 2142 788 2177 phoeniciam
812 2141 1026 2176 Libanesiam
1060 2153 1081 2176 a
1104 2141 1276 2177 Maritimo
1301 2142 1481 2184 dirimens,
1518 2142 1608 2177 Pro-

140 2187 291 2224 vincIam
314 2187 419 2230 secit3
456 2188 540 2222 Jure
563 2188 825 2233 Metropolitico
863 2194 899 2222 et
934 2187 1116 2222 Praefecto
1150 2188 1322 2224 ordinario
1347 2190 1508 2223 Emessae
1531 2188 1609 2222 urbi

142 2234 320 2269 concessis.
367 2234 461 2268 Idem
484 2234 586 2269 etium
609 2235 753 2270 Pontum
777 2234 952 2276 dividens,
985 2233 1199 2269 Provinciam
1223 2234 1326 2278 fecit,
1364 2246 1464 2280 quam
1488 2235 1608 2269 Hemi-

142 2286 294 2315 moritum
314 2280 464 2315 vocavit.

234 2326 343 2370 Hujus
364 2327 425 2361 sub
447 2326 602 2373 imperio,
626 2326 806 2361 dominium
829 2326 894 2361 sibi
919 2337 1094 2372 capessens
1117 2326 1258 2362 Albinus
1280 2326 1435 2373 quidam,
1459 2327 1607 2368 Isaurus‚

145 2372 380 2414 numum,
414 2373 619 2427 Irenopolim
643 2378 678 2407 et
703 2372 937 2415 Castabulum,
972 2372 1116 2407 Ciliciae
1139 2374 1260 2416 urbep,
1294 2372 1465 2408 vastavit=
1504 2372 1564 2418 qui
1588 2384 1609 2407 a.

144 2416 259 2459 Rufo,
281 2417 422 2453 militum
444 2425 625 2464 magistro,
649 2420 925 2464 comprehensus,
948 2418 1150 2454 interfectus
1175 2425 1237 2454 est.

235 2463 365 2499 Eodem
384 2469 540 2510 tempore
557 2466 774 2500 Theodosius
796 2466 986 2511 Imperator
1006 2465 1076 2501 tria
1103 2477 1193 2510 quae
1217 2463 1513 2509 Constantinopoli
1531 2464 1611 2498 sue-

145 2512 228 2544 runt
242 2509 401 2555 Templa,
426 2512 470 2545 ad
487 2511 680 2557 Acropolim
699 2511 777 2546 olim
799 2512 923 2546 dictam
944 2512 1023 2553 sita,
1048 2511 1220 2554 dissolvit3
1246 2522 1385 2555 quorum
1407 2509 1496 2544 Solis
1517 2509 1611 2555 quod

145 2554 236 2597 fuit,
268 2554 305 2589 in
329 2557 588 2592 contubernium
611 2569 825 2600 conversum,
847 2569 992 2603 magnae
1016 2557 1192 2592 Ecclesiae
1216 2555 1611 2601 Constantinopolitanae

146 2599 329 2635 concessit:
353 2602 410 2647 qui
435 2603 568 2648 quidem
591 2603 682 2638 locus
707 2615 811 2650 usque
833 2605 943 2639 adhuc
966 2616 987 2638 a
1003 2604 1087 2638 Sole
1110 2614 1228 2638 nomen
1250 2603 1374 2637 habet:
1398 2601 1531 2637 Dianae
1549 2614 1612 2637 ve-

146 2658 188 2682 ro
212 2646 361 2688 Fanum,
397 2647 432 2682 in
455 2649 786 2695 Tabloparochium,
811 2650 1029 2685 Aleatoribus
1053 2648 1255 2694 assignavit:
1292 2659 1410 2683 verum
1433 2649 1524 2683 locus
1548 2648 1612 2682 iste

149 2693 322 2736 Templum
345 2692 505 2739 victisque
528 2695 658 2730 vicinus
684 2697 847 2731 Cervinus
870 2708 975 2741 usque
991 2696 1101 2730 adhuc
1116 2698 1293 2730 vocantur.
1342 2694 1482 2729 Veneris
1500 2700 1611 2729 autem

147 2738 279 2772 Fanum
302 2738 336 2772 in
360 2738 600 2775 Carrucarium
634 2741 720 2776 fecit
742 2742 926 2776 Praefecto
950 2740 1155 2781 Praetorio;
1193 2740 1462 2786 constructisque
1484 2741 1518 2776 in
1544 2740 1611 2775 cir-

149 2784 241 2818 cuitu
265 2783 443 2829 Hospitiis‚
473 2788 695 2831 pauperculas
716 2787 765 2822 ibi
787 2787 984 2823 meretrices
1007 2786 1117 2832 gratis
1140 2786 1341 2821 commorari
1360 2787 1472 2832 jussit.
1518 2787 1612 2822 Idem

149 2830 364 2866 Theodosius
387 2830 511 2875 vicum,
535 2832 726 2879 Rephinam
749 2834 844 2881 prius
867 2833 1006 2875 dictum,
1039 2832 1075 2867 in
1097 2832 1214 2868 urbem
1237 2831 1489 2877 exaedificavit,
1512 2845 1612 2880 quam
