1838 3230
309 178 408 225 650
827 173 1294 221 ANNOTATIONES.

308 301 467 338 genera3
508 288 627 337 alter,
657 287 721 326 cui
745 286 949 340 juniorum
984 287 1275 329 educandorum
1305 303 1399 330 cura
1425 293 1629 332 commissu
1658 300 1753 336 erat.

307 344 478 407 11835011.
509 340 754 397 Κουρατωρ,
782 342 972 397 τροφευς,
1003 342 1298 399 παιδοκράτωρ.·
1340 347 1438 386 alter
1458 355 1565 397 erat,
1594 350 1663 401 qui
1680 350 1756 389 Re.

307 400 458 449 giarum
476 400 682 439 domorum
706 405 825 451 atque
846 401 1135 451 possessionum
1159 403 1448 452 praefecturam
1466 403 1622 445 habuit.
1677 406 1757 444 'Un-

308 456 356 494 de
387 457 488 494 infra
517 456 677 506 legimus
713 469 752 507 p.
781 457 874 498 236.
931 456 1051 507 Μηνὶ
1085 458 1210 512 Μαίῳ
1241 455 1453 512 απεζοόσθη
1492 458 1701 515 Ζήμαρχος
1735 457 1758 503 ὃ

307 508 388 553 «ind
405 509 606 563 ἐπάρχων,
633 511 700 551 καὶ
720 527 925 566 κουρατωρ
944 515 1018 553 τοῦ
1039 514 1270 555 δεσποτικοῦ
1288 515 1402 556 οἴκου
1422 531 1503 556 των
1525 518 1757 566 Πλακιδίας.

306 567 444 607 Mense
462 568 578 607 ΠΙαίο
611 566 849 606 Zemarchus
871 566 1182 638 Expraefbctus,
1204 580 1238 608 et
1262 568 1425 610 Curator
1452 570 1591 611 domun
1606 571 1756 626 Augu-

308 633 388 662 stae
402 622 605 663 Placidiae
623 633 901 662 exauctoratus
919 634 985 663 est.
1043 623 1259 680 Κουρατωρ
1277 642 1347 667 του
1372 627 1572 680 βασιλέως.
1603 627 1671 666 hic
1690 629 1756 667 di-

311 686 399 717 ctus
416 688 493 727 θεῖς
525 692 640 730 quem
661 685 796 743 postea
817 679 931 718 etiam
950 678 1021 721 τόν
1037 682 1253 734 λογοθέτην
1275 690 1491 732 vocarunt3
1521 690 1567 722 ut
1586 697 1636 723 ex
1655 684 1760 723 Har.

307 736 521 787 menopulo
539 742 678 774 notant
692 735 769 774 viri
795 735 914 774 docti.
971 737 1099 789 Atque
1114 737 1181 776 hic
1197 744 1275 788 est,
1305 738 1353 778 de
1376 753 1454 791 quo
1470 713 1549 778 ldoc
1567 740 1658 779 loco
1676 741 1756 779 Au-

308 798 396 830 ctor
423 798 570 830 noster.

410 846 513 905 Pag.
542 849 639 889 440.
670 850 733 888 17.
764 844 934 898 πένητας
952 843 1116 898 ἐχουσας
1134 848 1374 902 θυγατέρας]
1405 851 1461 890 De
1478 850 1556 889 hoc
1574 851 1755 890 lastinia-

309 903 350 941 ni
369 911 407 942 et
426 903 659 942 'lheodorae
687 902 786 954 Imp.
814 903 920 941 facto
941 903 1099 955 copiose
1128 905 1344 957 Procopius
1382 906 1431 944 de
1462 907 1602 946 Justin.
1639 907 1756 946 Aedi-

308 959 370 1000 fic.
379 960 461 999 lib.
487 964 523 1002 1.
546 973 632 1012 cap.
655 961 692 1000 3.
734 958 808 997 Sed
830 966 868 997 et
888 960 1092 998 Novellam
1111 961 1223 999 etiam
1245 961 1367 1000 edidit
1385 962 1635 1013 sustinianus,
1664 963 1757 1016 περὶ

307 1018 379 1055 τοῦ
397 1014 451 1067 μή
472 1013 573 1056 εἶναι
590 1013 925 1067 πορνοβοσκους’
908 1031 951 1056 εν
972 1016 1111 1068 μηδενὶ
1127 1013 1234 1072 τόπω
1250 1033 1324 1070 της
1335 1019 1527 1070 Ρωμαίων
1546 1020 1755 1067 πολιτείας.

308 1072 378 1110 Est
395 1071 491 1110 haec
511 1071 672 1109 Novella
691 1070 840 1108 decima
862 1078 1013 1122 quarta.

419 1127 518 1180 Pag.
548 1127 644 1169 441.
675 1130 713 1167 9.
768 1127 823 1174 εἰς
853 1126 895 1168 τὸ
922 1124 1131 1180 λεγόμενον
1158 1124 1346 1180 Πύθιον]
1386 1128 1569 1180 Pythium
1599 1129 1758 1195 quidem

308 1183 559 1222 Macedoniae
582 1182 771 1234 oppidum
793 1188 872 1230 est3
902 1189 948 1221 ut
965 1197 1014 1221 ex
1036 1183 1233 1234 Stephano
1254 1185 1462 1224 discimus,
1494 1199 1622 1224 nonne
1636 1186 1757 1234 igitur

310 1240 460 1278 Auctor
478 1239 555 1277 hoo
577 1239 669 1276 loco
685 1238 871 1276 Thermas
889 1240 978 1277 illas
1003 1241 1184 1290 intelligit
1203 1241 1348 1292 potins.
1378 1255 1474 1292 quas
1493 1254 1613 1292 supra
1631 1241 1700 1281 lib.
1718 1245 1756 1283 3.

309 1298 448 1344 vocat,
476 1311 523 1333 τα
550 1291 691 1334 Πυθιοι
710 1300 760 1334 θε
744 1310 853 1345 conoe.
912 1294 1101 1334 'lhermae
1125 1310 1219 1334 velo
1239 1296 1340 1335 hae
1329 1311 1370 1335 m
1390 1297 1596 1348 Bithynia,
1628 1312 1648 1336 a
1676 1299 1758 1349 By-

309 1353 439 1389 zantio
460 1350 568 1388 haud
590 1351 730 1401 procul
752 1351 848 1388 sitae
867 1364 958 1388 eran
988 1353 1193 1402 :Procop.
1214 1352 1262 1390 de
1284 1353 1421 1394 sustin,
1446 1353 1610 1396 Aedific.
1627 1354 1694 1392 lib.
1717 1354 1756 1396 5.

310 1406 465 1474 Πηγαὶ
470 1405 511 1446 δὲ
529 1409 691 1458 θερμῶν
709 1403 829 1456 φύσει
844 1405 886 1445 ἐν
909 1410 956 1446 Βι
989 1411 1101 1454 υνοῖς
1117 1403 1276 1447 vacivom
1279 1404 1682 1479 ‚oivafflvotoivovocm
1713 1409 1755 1449 ἐν

308 1461 422 1517 χώρῳ
442 1459 563 1514 όνπερ
592 1458 877 1513 ἐπονομάζουσι
902 1460 1064 1502 Πύθια·
1105 1478 1247 1510 ταυτας
1277 1463 1408 1516 ε’χουσι
1428 1462 1672 1519 παραψυχην
1690 1462 1756 1505 ὁὶ).-

309 1523 371 1559 λοι
391 1534 432 1558 τε
450 1517 600 1566 πολλοὶ,
629 1517 697 1558 καὶ
721 1514 989 1569 διαφερόντως
1008 1515 1225 1565 Βυζάντιοι.

419 1570 1035 1626 Pag.441.16.11296§⁷19‚6
1054 1576 1193 1626 μείζων
1215 1572 1340 1622 ὁυῖος
1361 1571 1508 1627 αυτοῦ]
1538 1575 1755 1614 secundum

311 1630 335 1671 o‘
363 1630 573 1668 redundat.
632 1630 838 1668 Caeterum
866 1631 968 1668 inter
1000 1631 1161 1679 Coadis,
1197 1631 1280 1669 sive
1311 1631 1475 1669 Cabadis
1501 1630 1620 1680 filios,
1655 1645 1755 1682 quos

308 1686 526 1738 Procopius
539 1692 617 1724 tres
638 1692 850 1735 enumerat,
866 1693 1003 1724 neuter
1019 1686 1159 1725 horum
1175 1693 1348 1738 apparet.
1377 1688 1451 1725 Hic
1470 1688 1571 1726 enim
1583 1693 1757 1725 natuma-

306 1743 435 1796 jorem
450 1739 604 1795 Κάρσιν
622 1748 749 1791 vocat,
767 1742 891 1780 filium
914 1743 1125 1780 secundum
1146 1741 1306 1794 Ζάμηνε
1334 1744 1536 1782 minimum
1549 1739 1755 1796 Χοσρόηνι

313 1799 382 1851 qui
402 1799 515 1837 etiam
533 1811 652 1848 regno
666 1798 820 1836 Persico
843 1799 945 1849 patri
962 1800 1157 1837 successit.
1198 1800 1359 1850 Procop.
1381 1799 1428 1838 de
1448 1800 1528 1840 Bel.
1550 1800 1654 1838 Pers.
1673 1799 1698 1836 i.
1717 1803 1753 1841 1.

429 1858 521 1906 Pag·
553 1858 646 1896 441.
679 1859 742 1896 12.
781 1853 844 1894 ἐπὶ
862 1852 905 1894 τὸ
929 1855 1109 1907 Σοῦρον]
1147 1857 1233 1894 Sor.
1253 1852 1296 1895 τό
1317 1852 1496 1907 Σούρων,
1526 1868 1662 1905 nempe
1684 1851 1754 1895 πό-

314 1914 430 1961 λισμα
448 1910 693 1958 subauditur,
727 1917 770 1948 ut
793 1924 842 1948 ex
855 1911 1042 1962 Procopio
1064 1911 1262 1960 discimus,
1292 1912 1358 1961 qui
1375 1912 1508 1949 urbem
1530 1910 1631 1948 hanc
1654 1924 1754 1948 sem-

315 1979 387 2018 per
414 1973 533 2004 vocat
558 1964 602 2005 7:0¹
632 1962 799 2019 Σούρων
831 1964 1018 2018 πόλισμα,
1047 1967 1111 2006 vel
1139 1964 1255 2007 πόλιν
1282 1962 1466 2020 Σούρων,
1495 1962 1640 2020 Σύρων
1670 1966 1755 2005 sive

315 2025 548 2074 Σουρηνῶν,
579 2023 686 2060 nullo
706 2022 867 2074 proprio
884 2023 1039 2061 nomine
1059 2023 1179 2061 eidem
1199 2022 1388 2062 adhibito.

425 2075 521 2128 Pag-
551 2079 643 2118 443.
676 2082 739 2119 16.
768 2076 986 2130 μετεκλήθη
1005 2077 1206 2131 Αντιὸχεια
1231 2076 1464 2129 Θεούπολις]
1498 2076 1654 2115 Accidit
1677 2083 1754 2116 ter-

313 2146 379 2173 rae
399 2139 529 2170 motus
545 2132 615 2170 iste
635 2133 839 2171 Justiniani
856 2135 953 2186 Imp.
979 2149 1078 2173 anno
1096 2149 1140 2175 11.
1161 2135 1219 2172 uti
1237 2134 1613 2183 testaturEvagrius,
1632 2133 1699 2173 lib.
1715 2133 1753 2175 4.

315 2203 399 2240 cap.
418 2192 455 2230 6.
499 2188 695 2226 cedrenus
714 2190 827 2227 etiam
848 2191 888 2228 in
909 2191 1143 2229 Justiniano:
1189 2204 1356 2238 quorum
1378 2196 1539 2240 uterque
1559 2190 1607 2227 de
1631 2190 1755 2226 nomi-

315 2246 373 2284 nis
395 2245 510 2283 etiam
528 2245 635 2282 urbis
660 2247 873 2284 mutatione
892 2247 1122 2284 mentionem
1139 2247 1242 2285 fecit.

426 2303 648 2366 Pag.443.
683 2304 744 2342 17.
787 2299 884 2340 κατὰ
910 2303 1084 2342 κέλευσιν
1113 2305 1183 2342 τοῦ
1214 2300 1329 2354 ἁγίου
1356 2298 1523 2351 Συμεων
1547 2302 1617 2340 τοῦ
1648 2304 1754 2339 θαυ-

314 2352 557 2419 ματουργου]
589 2358 800 2406 Symeones
822 2357 1018 2395 Miraculis
1038 2358 1135 2396 clari
1151 2358 1229 2396 duo
1249 2358 1431 2404 fuerunt3
1459 2357 1556 2393 alter
1578 2356 1754 2406 στυλίτης

313 2413 404 2460 ille,
435 2413 503 2463 qui
525 2413 662 2450 Leonis
683 2413 732 2450 Μ.
754 2426 853 2450 anno
873 2427 927 2451 iv.
954 2413 1054 2451 diem
1076 2413 1190 2461 obiit3
1222 2414 1317 2450 alter
1347 2412 1417 2451 sub
1442 2412 1656 2449 =Iustiniano
1680 2412 1753 2449 sso-

312 2469 414 2517 ruit3
474 2481 589 2517 quem
619 2468 768 2507 Auctor
803 2475 935 2507 noster
971 2468 1049 2507 hoc
1078 2469 1188 2514 loco,
1209 2469 1383 2506 indicare
1410 2467 1580 2507 videtur.
1651 2467 1752 2506 Vide

313 2524 456 2574 Evagr.
475 2524 542 2562 lib.
566 2524 602 2565 4.
626 2538 706 2575 cap.
723 2526 792 2566 33.
1679 2520 1682 2522 Α

428 2582 522 2632 Pag.
553 2579 643 2621 444.
673 2580 738 2622 14.
767 2579 834 2620 καὶ
853 2581 925 2619 τοὺ1
943 2575 1160 2619 ἐπισκόπου
1176 2581 1254 2619 τῶν
1278 2578 1547 2631 Χριστιανῶν]
1577 2578 1752 2617 Miranda

314 2636 494 2686 profecto
528 2641 586 2674 est
603 2635 702 2674 haec
721 2635 930 2685 Bastagarii
953 2635 1118 2683 Persici,
1156 2648 1271 2685 quam
1290 2634 1443 2685 profert
1461 2635 1628 2683 Auctor,
1657 2635 1754 2673 Nar-

314 2691 547 2737 ratiuncula,
581 2691 629 2730 de
645 2691 882 2731 Manichaeis
907 2691 986 2740 igni
1004 2690 1169 2738 traditis,
1198 2690 1316 2740 idque
1340 2697 1541 2741 praesente
1563 2689 1752 2728 Christia-

315 2759 455 2784 norum
479 2747 695 2799 Episcopo:
742 2748 811 2786 sed
832 2761 901 2785 nec
922 2747 995 2784 fide
1019 2747 1174 2784 omnino
1198 2746 1277 2783 ulla
1298 2745 1414 2796 digna
1434 2746 1602 2786 videtur.
1661 2747 1752 2783 Per-

318 2815 382 2840 sae
401 2802 500 2841 enim
516 2803 767 2854 jamdudum,
797 2803 1004 2843 Theodosii
1025 2817 1068 2842 11.
1100 2803 1195 2854 lmp.
1214 2808 1407 2854 tempore,
1440 2802 1675 2841 Christianae
1694 2814 1753 2839 re·
