1838 3230
323 197 423 245 ‘746
911 196 1180 243 BENTLEII

321 325 366 351 re
394 310 599 362 debemus,
638 325 729 361 cur,
759 310 944 362 obsecro,
986 308 1164 366 Ιωᾶννης
1196 313 1363 365 dicitur,
1391 328 1471 354 non
1496 312 1653 357 Ιωανοῖν
1673 317 1766 357 Μα-

322 364 449 408 atila?
483 382 571 407 nam
598 368 706 419 Syris
734 374 793 406 est
825 368 1054 420 Julzlmnon,
1093 376 1138 408 ut
1171 383 1299 410 Lxxu.
1326 371 1423 410 viris
1453 369 1622 413 Ιωανᾶν.
1689 371 1767 411 Sed

322 437 413 463 ecce
431 424 508 463 tibi
523 426 833 475 Qntacuzenus,
865 425 931 476 qui
953 439 994 477 p.
1028 425 1119 467 874.
1148 427 1336 468 Λατίνων
1365 442 1448 476 τις,
1479 427 1554 478 εἰη
1584 423 1767 480 Ῑωᾶννης

322 476 506 532 Περάλτα
533 477 928 534 προσαγορευόμενος.
997 481 1102 519 Scias
1134 489 1262 521 autem
1298 483 1340 521 in
1370 488 1535 534 quantas
1569 483 1766 535 angustias

320 537 484 575 adducti
501 543 603 586 sunt,
634 550 722 574 cum
739 535 915 576 homines
934 534 1028 589 χθὲς
1047 537 1114 578 καὶ
1132 536 1272 592 πρώην
1290 535 1499 593 γεγονότας
1519 539 1675 578 saeculo
1697 539 1766 578 (le-

319 606 428 631 mum
447 607 534 635 xiv.
563 599 655 644 post
677 592 875 631 Christum
897 599 1029 632 natum
1050 593 1265 633 inveterata
1288 596 1367 648 jam
1396 595 1600 646 barbaria,
1627 608 1766 634 causae
1830 643 1831 646 Ἴ

319 663 413 687 suae
433 656 618 700 patronos
645 649 844 700 adoptant.
901 650 996 688 Rem
1023 663 1114 688 sane
1138 651 1308 702 lepidam
1339 657 1377 689 et
1402 651 1592 703 jocosam.
1650 651 1766 689 loan-

319 719 388 744 nes
407 704 473 743 hic
492 704 762 743 Antiochensis
783 705 881 744 bene
911 706 1058 744 Graece
1079 706 1246 747 Μαλέλα
1272 706 1352 745 dici
1377 713 1527 758 potest,
1557 706 1647 758 quia
1665 707 1764 746 Italo

320 761 477 800 cuidam
504 775 645 800 nomen
675 767 756 799 erat
793 759 986 799 Giovanni
1017 760 1186 801 Peralta.
1244 764 1309 802 Sic
1339 764 1440 801 enim
1466 763 1764 802 Cantacuzenus

315 831 359 869 p.
383 818 473 859 174.
505 814 693 857 Μάλιστα
712 816 754 857 δὲ
778 815 976 865 Ντζιουοῖν
995 815 1178 871 Περάλτα
1199 817 1221 859 ὅ
1245 816 1395 860 τούτων
1412 814 1586 873 ἡγεμών.
1644 819 1763 857 Grae—

318 887 391 911 cus
410 873 484 912 iste
506 880 564 912 est
583 887 710 912 sermo
733 873 967 912 hodiernus:
996 874 1050 912 ita
1078 873 1224 924 giostra
1244 877 1453 928 τζοῠστρα,
1479 875 1635 926 gingiva
1662 875 1762 923 τζιν-

317 931 450 981 τζίβα,
478 930 591 982 jecur
611 925 855 983 ντζηγάριον.
912 929 1018 968 Vah!
1058 944 1168 981 qaam
1201 932 1317 970 velim
1348 931 1652 983 progrediantur
1677 931 1765 969 lon-

319 986 406 1035 gius
420 1017 431 1034 ,
461 993 579 1038 atque
597 1000 673 1024 una
698 999 814 1037 opera
832 986 1002 1037 probent
1022 984 1222 1036 Ντζιουοέν
1240 986 1405 1027 Μαλέλα
1425 986 1764 1036 dicendumgesse:

319 1042 471 1080 facinus
491 1044 560 1094 pol
584 1055 763 1093 magnum
784 1048 821 1080 et
843 1043 1096 1082 memorabile
1125 1043 1299 1082 fecerint.
1355 1042 1460 1081 Illud
1484 1055 1581 1082 vero
1606 1042 1765 1092 durum,

320 1098 431 1148 quod
451 1099 558 1150 apud
582 1098 857 1150 Theophanem
893 1104 951 1137 est
973 1098 1151 1149 Ιωοὶννης
1174 1098 1195 1141 ὁ
1223 1100 1384 1152 ἐπίκλην
1413 1100 1595 1150 Hamil-oe.
1650 1097 1765 1136 Neca

320 1153 478 1192 Victore
499 1156 624 1193 solum
652 1160 820 1194 vocatur
839 1153 1030 1204 Hemula‚
1060 1155 1127 1194 secl
1147 1155 1350 1194 Anastasio
1377 1155 1492 1195 etiam
1502 1183 1514 1204 ,
1542 1154 1611 1206 qui
1635 1152 1764 1192 Theo-

319 1209 489 1261 phanem
506 1211 545 1248 in
563 1211 742 1248 Latinum
772 1211 982 1250 convertit:
1013 1226 1035 1249 a
1056 1211 1237 1250 Liberato
1270 1212 1437 1249 Diacono
1460 1211 1626 1248 loannes
1642 1209 1762 1258 Mela3

318 1266 396 1303 nisi
414 1266 579 1304 fortasse
602 1267 800 1317 depravati
826 1274 917 1305 sunt
946 1267 1112 1307 codices.
1167 1269 1229 1307 Ex
1256 1267 1416 1306 Graecis
1442 1279 1537 1305 vero
1561 1260 1763 1318 scriptori-

319 1321 396 1359 bus
423 1323 528 1359 solus
553 1321 809 1372 Theophanes
844 1329 883 1361 et
910 1324 1029 1361 semel
1058 1325 1251 1361 duntaxat
1277 1322 1517 1373 cognominis
1547 1322 1630 1373 ejus
1656 1334 1764 1359 men-

321 1377 466 1415 tionem
490 1378 603 1416 facit:
642 1378 803 1415 caeteris
842 1378 1072 1428 simpliciter
1101 1380 1266 1416 Joannes
1299 1385 1489 1422 vocatur,
1535 1375 1762 1428 Nicephoro

193 1438 225 1470 O
249 1437 295 1472 88
317 1433 593 1482 Patriarchae‚
639 1432 862 1484 Nicephoro
909 1434 1090 1482 Callisto3
1146 1435 1249 1472 sicut
1288 1441 1326 1472 et
1361 1433 1521 1471 Leontio
1555 1432 1763 1485 Byzantio,

320 1490 597 1540 Chronicoque
627 1489 827 1528 Orientali.
893 1490 984 1536 Quo
1013 1490 1133 1541 magis
1165 1490 1360 1539 adducor,
1398 1496 1443 1527 ut
1467 1489 1654 1527 vitiosum
1679 1501 1762 1526 esse

317 1546 419 1585 illud
445 1546 609 1583 verbum
641 1545 880 1593 existimem3
923 1552 961 1582 et
986 1545 1103 1583 istum
1133 1547 1301 1598 apicem,
1347 1545 1417 1596 qui
1442 1545 1484 1582 in
1510 1544 1622 1583 libris
1651 1543 1759 1581 MSS.

318 1602 631 1641 terminationem
658 1617 706 1648 ας
734 1601 886 1651 signare
916 1602 1037 1650 solet,
1068 1602 1115 1639 ab
1144 1601 1359 1651 indiligenti
1387 1601 1547 1639 librario
1571 1604 1763 1638 mutatum

318 1673 403 1697 esse
423 1658 494 1695 vel·
510 1657 838 1709 praetermissum.
896 1657 1125 1695 Praesertim
1154 1672 1242 1696 cum
1266 1663 1405 1695 cuncta
1431 1657 1474 1694 id
1496 1669 1617 1706 genus
1637 1655 1763 1693 nomi-

317 1729 369 1754 na
391 1720 546 1766 praeter
566 1713 642 1751 hoc
666 1727 787 1751 unum
808 1713 855 1751 ab
883 1713 971 1764 ipso
1003 1712 1242 1765 Theophane
1268 1727 1340 1764 per
1370 1728 1417 1760 ας
1446 1712 1565 1750 scribi
1586 1711 1762 1758 videam3

323 1771 503 1823 Αρέθας,
554 1770 742 1818 Αττίλας,
791 1769 1038 1820 Μασάλμας,
1087 1766 1342 1822 Αβουλάβας,
1396 1768 1632 1816 Κουτζίνας,
1685 1766 1763 1804 alia

321 1826 621 1877 quamplurima.
679 1826 811 1877 Itaque
833 1825 907 1863 hoc
925 1826 965 1863 in
990 1826 1077 1863 loco
1091 1856 1100 1874 ‚
1130 1833 1173 1864 ut
1194 1840 1276 1864 mea
1297 1826 1375 1862 fert
1397 1825 1550 1875 opinio,
1579 1824 1682 1861 facta
1704 1827 1763 1859 est

320 1882 551 1934 Theophani
575 1882 732 1934 injuria.
788 1882 887 1929 Nec,
918 1882 1024 1932 quod
1052 1882 1270 1920 Anastasius
1292 1887 1331 1919 et
1348 1880 1485 1919 Victor
1500 1877 1672 1918 Hemula
1690 1877 1763 1915 La-

319 1940 669 1990 iinenuucupant,
696 1951 776 1975 non
802 1936 1019 1988 Hemulas‚·
1055 1938 1175 1988 magis
1193 1938 1235 1976 id
1256 1950 1474 1988 quenquam
1506 1947 1665 1982 movere
1694 1933 1762 1971 de-

320 1995 409 2044 bet,
441 2007 555 2044 quam
580 1993 685 2044 quod
705 1994 823 2031 Attila
841 2008 860 2030 a
883 1994 1024 2031 Latinis
1042 1994 1204 2043 dicitur,
1236 1993 1303 2044 qui
1323 1992 1478 2030 Graecis
1505 1997 1563 2029 est
1584 1989 1761 2035 Λττίλας.

320 2051 419 2090 Nam
443 2050 646 2101 peregrina
668 2049 903 2100 ejuscemodi
925 2052 1080 2087 nomina
1104 2050 1241 2087 Graeci
1260 2048 1462 2099 Latinique
1482 2046 1608 2084 neutri
1639 2045 1686 2082 ab
1704 2045 1761 2081 al-

321 2107 435 2152 teris,
470 2105 537 2143 sed
558 2105 603 2141 ab
623 2105 716 2156 ipsis
738 2105 920 2143 Barbaris
939 2107 1095 2157 utrique
1115 2111 1362 2156 acceperunt.
1420 2105 1518 2141 Toto
1534 2102 1655 2152 igitur
1673 2113 1760 2138 coe-

321 2164 363 2202 lo
383 2162 529 2201 erravit
551 2161 767 2198 Priscianus
782 2192 791 2208 ‚
823 2175 911 2199 cum
935 2162 1057 2200 Turia
1088 2168 1126 2200 et
1152 2159 1342 2213 Bagrada
1370 2158 1552 2209 (Africae
1578 2162 1667 2194 sunt
1686 2156 1761 2194 ista

320 2219 510 2267 flumina)
539 2217 725 2255 declinari
741 2222 853 2268 putat
870 2231 891 2254 a
917 2219 1082 2270 Τουρίας
1105 2223 1144 2256 et
1164 2213 1381 2269 Βαγράδας.
1437 2216 1469 2253 Α
1488 2213 1646 2251 Graecis
1672 2212 1761 2262 qui-

323 2275 412 2313 dem
433 2271 573 2326 Ιόβας,
604 2274 793 2324 Μικίψας
823 2279 860 2310 et
879 2270 1036 2325 Βάρκας
1061 2280 1152 2311 sunt
1178 2273 1297 2321 dicti,
1326 2271 1394 2322 qui
1428 2285 1450 2308 a
1480 2269 1624 2306 Latinis
1647 2267 1758 2315 Juba,

321 2330 510 2381 Micipsa,
546 2330 683 2367 Barca.
745 2329 824 2366 Nec
850 2334 980 2366 tamen
1007 2329 1104 2367 haec
1135 2343 1230 2380 quae
1258 2327 1436 2379 proxime
1462 2323 1681 2371 nominavi,
1711 2323 1760 2360 de

323 2387 487 2424 Graecia
510 2388 633 2437 petita
665 2391 772 2433 sunt3
813 2383 880 2422 sed.
909 2397 959 2422 ex
984 2386 1118 2423 Africa
1147 2390 1251 2424 recto
1279 2384 1415 2421 itinere
1443 2380 1648 2431 deportata
1669 2384 1762 2416 sunt

320 2443 362 2480 in
381 2442 544 2481 Italiam.
604 2441 709 2489 Quid
738 2441 859 2486 enim,
897 2453 984 2477 cum
1014 2441 1070 2478 illi
1100 2441 1301 2492 Αμίλκας,
1338 2437 1514 2489 Αννίβας
1542 2436 1760 2487 proferunt,

318 2497 361 2536 hi
383 2498 578 2536 Hamilcar
599 2504 637 2535 et
655 2497 868 2540 Hannibal;
898 2510 975 2534 non
1000 2496 1098 2545 signi
1125 2496 1203 2534 hoc
1232 2495 1320 2533 satis
1349 2499 1424 2540 est,
1459 2492 1561 2530 unde
1592 2498 1760 2541 utraque

322 2562 414 2593 sunt
430 2553 643 2592 accersita?
674 2555 819 2604 Nempe
839 2551 879 2590 hi
901 2552 1110 2589 masculina
1140 2551 1295 2589 nomina
1315 2548 1495 2586 Africana
1516 2548 1557 2585 in
1582 2547 1616 2584 A
1635 2546 1760 2584 liben-

198 2612 228 2645 V
252 2609 297 2646 43
320 2617 380 2648 ter
402 2609 642 2658 retinebant3
677 2610 914 2647 Graecorum
943 2621 1053 2646 aures
1086 2614 1271 2658 tanquam
1299 2605 1441 2642 absona
1467 2611 1504 2642 et
1526 2602 1759 2641 inconcinna

320 2665 590 2717 repudiabant.
620 2665 695 2703 Sed
718 2671 760 2703 ut
781 2663 991 2702 concedam
1017 2663 1115 2701 illud
1134 2665 1300 2715 Ημοῠλα
1326 2675 1347 2697 a
1367 2659 1602 2711 Theophane
1627 2658 1760 2709 profe·

323 2728 431 2759 ctum
453 2734 551 2760 esse:
582 2735 660 2758 non
690 2734 760 2771 ego
790 2719 1023 2758 Monachum
1050 2719 1217 2769 aliquem
1239 2717 1422 2755 adversus
1457 2716 1627 2754 omnium
1646 2719 1760 2751 auto-

322 2779 480 2818 ritatem
501 2777 723 2827 magistrum
742 2776 896 2814 dicendi
914 2789 1053 2827 capere
1076 2774 1214 2824 velim3
1244 2773 1310 2811 sed
1340 2773 1449 2810 illum
1475 2773 1604 2823 ipsum
1625 2769 1673 2807 ad
1693 2782 1760 2806 na·-

322 2833 439 2872 tionis
459 2846 550 2871 suae
569 2833 811 2885 exemplum,
842 2832 943 2872 addo
967 2831 1081 2871 etiam
1103 2843 1233 2880 suum,
1265 2841 1510 2880 componere.
1570 2826 1641 2865 Vir
1659 2825 1760 2862 mul-
