1838 3230
291 179 392 225 660
797 171 1268 217 ANNOTATIONES.

290 289 365 337 cis,
397 287 480 326 sive
507 287 774 339 synodalibus
805 287 1014 340 Epistolis‚
1043 288 1135 327 vide
1166 287 1410 328 Bernardum
1441 287 1668 329 Ferrarium
1696 288 1747 329 de

286 344 488 453 antiquog
469 345 778 384 Ecclesiasticar.
796 345 1006 396 Epistolat.
1031 358 1185 395 genere.
1675 367 1677 369 ·

491 400 630 442 ..492
660 401 700 442 4.
729 402 900 466 πλησίον
915 403 1004 452 τῆς
998 373 1207 455 γεφύρης]
1241 402 1324 439 Scr.
1350 415 1538 454 γεφυρας.

399 455 499 508 Pag.
527 455 622 498 492.
654 456 690 498 5.
719 456 786 496 καὶ
805 453 1021 508 πρόβλησις
1053 457 1096 497 ἐκ
1114 473 1195 497 των
1217 453 1541 510 ἆργυροπρατων,
1569 454 1639 498 καὶ
1655 471 1743 508 φω-

287 529 335 553 τοι
362 509 575 563 πάμπολλα
604 511 777 565 ἐγένετο]
816 512 944 564 Hujus
967 513 1023 551 rei
1053 513 1299 551 occasionem
1325 519 1458 552 narrat
1482 512 1678 552 Cedrenus
1692 512 1745 550 ad.

289 564 435 607 annum
453 567 662 606 Justiniani
694 569 794 634 Imp.
815 582 959 617 xxxxv,
989 568 1050 607 his
1072 569 1204 607 verbis
1232 569 1440 640 ἐφημίσθη
1467 568 1510 610 ἐν
1536 571 1587 624 τῇ
1618 564 1744 617 πόλει,

288 622 350 665 ὅτι
374 623 399 665 o‘
427 621 613 693 βασιλευς
639 621 881 676 ἐτελεύτησε),
911 622 977 665 διοὶ
999 622 1043 665 τὰ
1059 628 1344 694 κεφαλαλγεῖν,
1371 624 1439 664 καὶ
1462 609 1628 695 μηδένα
1642 628 1744 665 θεω-

288 683 392 733 ρεῖν·
421 679 489 719 καὶ
506 695 560 731 ην
580 695 750 746 ταραχη,
784 680 852 721 καὶ
875 679 1051 734 ἁρπαγαὶ
1080 681 1136 729 εἴς
1155 678 1226 728 τὰς
1241 678 1479 752 προβολοῖς,
1493 679 1561 720 καὶ
1579 677 1628 722 vo}
1644 696 1745 734 μαγ-

285 739 430 776 κιπεῖα
487 735 555 775 καὶ
576 733 711 805 περὶ
687 734 796 804 ὥραν
815 732 858 776 θ’
860 765 872 786 ,
901 735 1113 788 προσέταξε
1139 739 1196 792 τῷ
1214 734 1387 806 ἐπάρχω,
1416 736 1485 777 καὶ
1505 732 1640 804 οἶνῆψε
1661 751 1746 788 φω-

286 808 334 832 τα
356 792 411 839 εἰς
437 787 534 843 ὅλην
552 807 628 844 την
646 789 782 843 πόλιν,
813 789 874 833 ότι
896 791 1060 848 υγίανεν
1088 791 1109 834 ὅ
1127 778 1334 845 βασιλεὺς,
1362 792 1431 834 καὶ
1461 787 1676 864 συνεστάλη
1696 789 1744 832 τοὶ

285 851 356 900 τῆς
371 850 555 900 ταραχῆς·

397 905 499 955 Pag.
527 902 623 947 492.
664 907 703 946 8.
749 903 792 945 ἕν
825 908 908 953 τοῖς
935 905 1101 958 ἐπίκλην
1132 904 1380 956 Πιττακίοις]
1424 905 1552 943 Locus
1582 903 1744 956 quidam

288 965 369 999 erat
387 960 803 1012 constantinopoleos,
835 962 949 1013 cujus
979 962 1099 1001 semel
1120 968 1236 1012 atque
1262 962 1404 1000 iterum
1431 961 1606 1000 meminit
1627 959 1744 999 etiam

287 1016 507 1054 cedrenus:
535 1017 590 1054 ita
607 1017 786 1055 fortassis
816 1017 967 1068 dictus,
1000 1017 1106 1070 quod
1126 1018 1297 1055 Tabulae
1318 1017 1557 1069 Scriptoriae
1574 1016 1630 1054 ibi
1652 1029 1744 1055 vae-

286 1086 380 1110 num
412 1073 613 1124 expositae
634 1073 794 1111 fuerint.
853 1070 1068 1114 Πιττάκιον
1096 1074 1198 1112 enim
1220 1074 1369 1112 Tabula
1389 1079 1459 1121 est,
1489 1086 1509 1111 e
1530 1072 1636 1111 fusili
1654 1073 1746 1124 pice

287 1128 337 1165 ud
359 1127 598 1166 exa-randum
629 1129 820 1169 confecta.
879 1131 954 1168 Pro
976 1130 1127 1168 Tabula
1155 1130 1271 1168 etiam
1306 1129 1534 1181 simpliciter
1567 1128 1746 1180 quando-

287 1197 362 1234 que
393 1185 574 1222 sumitur.
632 1184 784 1222 Auctor
806 1186 940 1223 Lexici
973 1186 1195 1226 Graecolat.
1226 1191 1306 1224 vet.
1326 1184 1486 1223 Brevem
1508 1186 1746 1237 interpreta-

285 1246 362 1281 tur.
422 1237 636 1279 Πιττάκιον
657 1239 886 1291 Pinacium,
915 1240 1064 1282 Brevis.

400 1297 494 1347 Pag.
526 1294 621 1336 492.
656 1295 719 1336 14.
750 1295 818 1334 καὶ
841 1296 864 1335 ό
883 1298 1010 1348 τρίτος
1031 1295 1074 1337 δὲ
1093 1292 1230 1345 στόλος
1247 1298 1327 1337 τῶν
1350 1296 1502 1336 πλοίων
1518 1291 1593 1336 οὐκ
1615 1295 1742 1348 εἰσῆλ-

285 1349 384 1401 θεν]
414 1348 480 1390 τὸν
500 1348 712 1403 σιταγωγὸν
740 1348 896 1399 στόλον,
928 1353 1096 1390 Classem
1119 1352 1222 1390 hanc
1250 1358 1369 1390 vocat
1398 1352 1618 1403 Procopius
1642 1365 1743 1403 quae

285 1406 487 1444 Frumenti
518 1406 565 1444 ab
597 1405 838 1443 Alexandria
857 1407 1100 1457 importandi
1130 1421 1246 1445 causa
1275 1408 1483 1458 quotannis
1505 1407 1642 1445 emissa
1661 1413 1740 1456 est;

287 1475 467 1513 quaeque
493 1462 570 1499 nisi
591 1476 612 1499 a
634 1462 843 1499 contrariis
866 1464 994 1500 ventis
1011 1463 1291 1514 impediretur,
1322 1463 1536 1501 secundum
1549 1494 1561 1512 ‚
1591 1470 1658 1500 aut
1685 1470 1741 1501 et-

285 1518 362 1555 iam
384 1517 542 1556 tertium
575 1530 647 1568 per
676 1523 858 1555 aestatem
885 1518 1059 1556 reditum
1089 1518 1280 1569 perficere
1310 1524 1580 1557 consueverat.
1640 1518 1741 1558 Vide

285 1573 522 1624 Procopium
542 1573 592 1611 de
610 1572 772 1612 Aedific.
796 1574 934 1612 Justin.
956 1574 1027 1612 lib.
1052 1574 1089 1616 5.
1108 1573 1216 1612 haud
1235 1575 1378 1625 procul
1397 1575 1444 1612 ab
1463 1575 1588 1614 initio.

402 1632 499 1680 Pag.
531 1632 624 1671 492-
658 1633 722 1671 19.
759 1631 943 1679 Βεροΐαν,
966 1629 1033 1669 καὶ
1051 1631 1243 1680 Βρίνκας]
1277 1631 1474 1668 cedrenus
1489 1631 1603 1669 etiam
1623 1629 1742 1669 habet

286 1685 428 1736 Βιρίαν
457 1684 525 1724 καὶ
549 1685 731 1737 Βρίγκας.
801 1686 996 1736 Corrupte
1022 1691 1213 1736 uterque:
1258 1700 1331 1724 nec
1361 1687 1462 1724 enim
1491 1687 1612 1725 urbes
1644 1687 1740 1725 tales

286 1741 400 1778 Italia
419 1739 558 1779 habuit
576 1741 690 1780 ullas.
750 1741 958 1779 Caeterum
983 1756 1056 1792 pro
1079 1740 1140 1779 his
1164 1742 1390 1780 Anastasius
1410 1742 1741 1781 Bibliothecarius

286 1795 426 1846 habet,
477 1795 674 1834 Veronam
693 1802 732 1834 et
757 1795 959 1836 Brixiam.
981 1798 1192 1836 Tricesimo
1221 1808 1334 1836 sexto
1362 1799 1512 1850 imperii
1527 1797 1741 1837 Justiniam’

287 1866 390 1890 anno
425 1851 611 1904 trophaea
647 1862 826 1890 venerunt
849 1867 874 1890 α
904 1851 1036 1891 Roma
1069 1852 1210 1891 Narsis
1238 1854 1423 1905 patricii.-
1475 1854 1739 1906 significantia

288 1906 615 1958 comprehendisse
642 1906 754 1946 illum
787 1906 896 1946 urbes
925 1909 1093 1946 munitas
1129 1906 1341 1947 Gothorum
1373 1908 1491 1958 duas,
1540 1908 1738 1948 Veronam

287 1961 456 2009 scilicet,
487 1972 522 2000 et
540 1961 741 2002 Brixiam.
799 1965 928 2015 Atque
947 1963 1050 2002 hanc
1068 1964 1273 2015 genuinam
1293 1963 1412 2017 hujus
1430 1965 1509 2004 loci
1528 1965 1737 2004 lectionem

289 2031 371 2056 esse
389 2018 503 2055 facile
525 2018 774 2061 crediderim.

399 2075 500 2125 Pag
529 2074 622 2115 493.
656 2078 719 2115 19
750 2078 888 2125 φορῶν
907 2072 1092 2129 βούγλιν]
1120 2077 1170 2114 Et
1190 2077 1342 2125 deinde,
1374 2072 1497 2141 σύρας
1515 2091 1557 2115 το
1573 2073 1736 2129 βούγλιν

288 2125 310 2170 ὃ
333 2126 483 2181 ἐφόρει,
514 2135 586 2167 etc.
642 2129 885 2169 Vocabulum
907 2132 985 2171 hoc
1007 2133 1145 2171 nullibi
1164 2132 1261 2171 mihi
1283 2133 1469 2171 occurrit.
1525 2130 1736 2183 Pugionem

287 2191 417 2223 tamen
445 2191 578 2231 verto·
616 2186 721 2223 uude
743 2187 860 2226 etiam
879 2189 981 2226 forte
1010 2195 1196 2239 corrupta
1214 2202 1294 2227 vox
1317 2194 1395 2238 est,
1426 2188 1649 2225 Anastasius
1668 2188 1734 2225 Bi-

287 2240 468 2279 bliothec.
489 2214 633 2290 reddit,
666 2238 863 2282 Gladium.
918 2243 970 2281 Et
987 2242 1205 2283 Marcellus
1222 2242 1374 2297 quidem
1393 2243 1543 2296 argenti
1559 2242 1733 2282 venditor

286 2311 352 2348 spe
365 2295 612 2351 frustratus,
642 2306 677 2334 et
699 2308 876 2350 exempto
909 2298 1047 2350 gladio
1068 2315 1177 2352 quem
1203 2298 1406 2352 portabat,
1433 2297 1539 2337 dedit
1558 2297 1634 2337 sibi
1657 2309 1734 2337 tres

288 2353 408 2401 ictus,
440 2354 480 2391 in
498 2350 669 2391 triclinio
687 2352 995 2405 comprehensus,
1026 2364 1061 2392 et
1081 2356 1255 2393 moritur.

404 2411 497 2459 Pag.
527 2406 620 2448 494
650 2410 704 2451 5
730 2423 750 2448 ο
780 2407 986 2448 ὖποπτίων
1007 2409 1285 2462 Βελισσαρίου]
1316 2410 1513 2459 Οπτίωνες
1531 2410 1627 2449 dicti
1648 2411 1733 2462 qui-

288 2462 359 2500 bus
377 2476 550 2500 annonae
566 2463 755 2502 militibus
777 2466 994 2515 erogandae
1025 2479 1118 2503 cura
1135 2467 1338 2504 commissa
1362 2472 1456 2504 erat.
1512 2468 1731 2535 Procopius

289 2518 339 2556 de
357 2519 436 2556 Bel.
457 2518 620 2558 Vandal.
640 2520 711 2558 lib.
730 2523 765 2561 1.
795 2535 874 2560 των
905 2515 946 2560 δ’
976 2519 1234 2562 υπασπιστῶν
1274 2523 1519 2574 τριακοσίους
1542 2519 1732 2572 ἀπολέξας

289 2571 449 2626 ἄνδρας,
478 2571 656 2644 ἄγαθους
673 2573 721 2615 τοὶ
742 2575 919 2627 πολέμια,
951 2573 1106 2632 Ιωᾶννη
1127 2575 1406 2627 παρέδωκεν,
1396 2576 1437 2625 dg
1457 2594 1497 2619 οι
1485 2578 1730 2631 ’ἐπεμελεῖτο

287 2632 359 2680 τῆς
374 2629 464 2682 περὶ
481 2645 556 2696 την
576 2626 694 2671 οἰκίαν
694 2631 792 2699 (ita
808 2632 1012 2682 legendum
1038 2633 1238 2671 contendit
1255 2633 1315 2671 Jo.
1338 2634 1542 2682 Mem-sius,
1571 2649 1650 2673 non
1675 2635 1731 2675 οἶ·

287 2683 402 2737 ulau)
432 2682 629 2738 δαπανης
681 2682 856 2727 ὅπτίωνοι
883 2691 1023 2728 τοῦτον
1049 2691 1213 2728 καλοῦσι
1248 2691 1432 2742 Ρωμαῖοι.
1506 2688 1730 2730 curatorem

288 2740 479 2790 Belisarii‚
508 2755 597 2780 eum
617 2748 736 2782 vocat
752 2742 978 2782 Anastasius
994 2742 1273 2783 Bibliothecar.

402 2799 493 2852 Pag.
522 2796 612 2841 494.
642 2802 682 2842 8.
726 2798 792 2841 καὶ
817 2796 1055 2855 Ζηνοδωρου
1087 2795 1316 2854 α’σεκρῆτις,
1359 2800 1460 2854 etc.]
1498 2803 1727 2857 Ασεκρῆτις,
