1838 3230
573 124 1048 170 ANNO’I'ATIONEs.
1441 135 1535 180 601

85 255 190 291 ναις,
217 243 377 298 τελευτᾷ
397 241 495 296 μηνὶ
516 242 728 296 Νοεμβρίῳ
747 238 1100 295 y'.Hie10nymus
1122 243 1252 282 etiam.
1293 243 1542 284 Constantius

85 283 371 351 Mopsucrenis,
400 299 499 338 inter
518 296 698 339 Ciliciam
723 297 1092 354 Cappadociamque
1108 300 1284 352 moritur,
1313 315 1417 340 anno
1436 310 1542 339 aeia-

86 354 139 392 τίς
164 366 258 392 suae
277 354 420 394 XLV.

164 411 295 463 Pag.
323 414 419 454 826.
449 413 516 454 12.
555 425 614 451 ων
631 409 827 452 ἔνιαυτων
848 407 924 463 μ’.]
956 411 1162 453 Scribend.
1185 408 1254 464 με’.
1284 412 1420 451 aetatis
1438 413 1542 452 enim

85 477 183 507 nv.
209 472 377 507 mortem
398 467 514 518 obiit,
541 472 640 506 teste
660 467 873 521 Eutropio·
919 482 1035 520 quem
1069 469 1187 508 etiam
1208 471 1385 521 sequitur
1402 469 1541 509 Hiero-

85 532 242 575 aymus.

197 580 301 632 Ρᾱεξ
329 581 424 623 826.
452 581 519 622 13.
565 577 812 628 Ιουλιανος““
788 595 809 621 ο
829 577 1071 634 παραβάτης.
1083 581 1098 633 ]
1128 581 1303 620 Julianus
1320 581 1394 620 iste
1415 581 1554 621 Grae-.

87 634 146 673 cis
173 635 365 688 scriptor.
393 630 647 688 παραβάτης,
678 637 719 674 id
746 643 824 686 est,
861 640 1156 689 Transgressom
1187 638 1329 690 passim
1357 644 1543 677 vocatur:

87 689 199 742 quod
218 697 351 730 tmen
371 692 684 744 nos,Epi1heto
703 706 826 744 aeque
845 694 1071 745 frequenter
1089 694 1243 733 Juliano
1262 709 1283 733 a
1305 694 1485 733 Latinis
1473 708 1546 734 1m-

85 747 232 799 posito‚
260 746 515 801 Apo-statam,
550 748 767 788 reddimus.

197 805 300 856 Peg.
316 805 412 846 326.
445 805 512 846 15.
542 801 650 854 ὅστις
669 805 920 858 ἐβασίλευσεν
940 805 1005 858 ἔτη
1026 802 1098 859 β’.]
1130 807 1307 846 Julianus
1331 814 1424 859 post
1444 808 1545 846 Con·-

86 859 224 898 stantii
242 866 422 910 mortem,
450 862 659 913 imperium
678 862 787 900 solus
805 862 933 900 tenuit
950 876 1052 902 anno
1071 876 1165 912 uno,
1187 869 1226 902 et
1242 865 1440 902 mensibus
1460 878 1547 904 vm.

85 915 148 954 uti
167 915 444 981 Hieronymus,
474 925 514 956 et
533 925 624 969 post
643 933 732 957 eum
761 919 993 958 Jornandes.
1053 920 1264 971 Eutropius
1280 927 1423 970 tamen,
1454 934 1544 960 eum

85 971 296 1023 imperium
318 973 379 1010 sui
401 987 503 1011 anno
522 987 592 1013 vn.
612 981 775 1013 mortem
808 975 949 1013 obiisse
966 981 1152 1014 testatur:
1184 990 1325 1029 nempe
1345 991 1468 1016 annos
1487 977 1544 1015 il-

86 1028 148 1066 los
163 1042 205 1077 v,
238 1029 404 1080 quibus,
434 1044 456 1068 a
476 1031 704 1069 Constantio
731 1032 872 1070 Caeam
891 1032 1167 1082 renunciatus,
1198 1033 1240 1072 in
1267 1034 1423 1086 imperii
1452 1048 1546 1073 con-

89 1085 257 1124 sortium
275 1085 449 1125 adscitus
471 1094 550 1138 est,
583 1100 854 1129 annumerans.

204 1144 422 1194 Pag.328.
463 1147 499 1185 1.
555 1142 700 1184 Εἰπαὶν
731 1143 822 1198 περὶ
857 1147 937 1184 τῶν
965 1140 1098 1185 αὐτῶν
1130 1144 1356 1212 Αντιοχέων
1383 1143 1546 1200 λόγον.]

86 1194 224 1249 Λόγος
242 1198 316 1238 iste
335 1213 359 1237 a
377 1199 564 1239 Juliano'
552 1214 594 1238 in
611 1201 876 1239 Antiochenos
899 1201 1091 1253 scripta,
1120 1198 1419 1257 Mtooww'ymv
1407 1204 1548 1242 inscri-

87 1253 208 1294 bitur.

198 1307 300 1364 Pag·
329 1313 426 1355 328.
456 1315 497 1355 6
524 1309 603 1353 Διά
626 1308 766 1368 Κύρου
783 1315 856 1364 τῆς
873 1308 1047 1361 πόλεως]
1078 1314 1162 1354 Ser.
1186 1311 1374 1368 Κύῤῥουι
1404 1330 1425 1353 a
1437 1317 1546 1380 ‘Cyr-

86 1365 162 1406 rho
184 1368 287 1406 enim
308 1368 416 1417 urbe,
448 1369 700 1421 Cyrrhestica
719 1370 827 1421 regio
855 1370 961 1408 dicta
982 1376 1059 1420 est3
1093 1370 1150 1408 uti
1173 1384 1294 1422 supra
1311 1372 1548 1411 monuimus.

201 1425 517 1488 Ppg.328.12.
561 1423 628 1466 διοῖ
660 1427 968 1480 ρεφερενδαρίου
999 1429 1258 1478 χριστιανοῦ.]
1306 1425 1551 1480 Ρεφερενδά-

87 1494 185 1531 ριος,
207 1480 290 1519 sive
307 1478 647 1536 ῥἀιφερενδαριος,
677 1497 697 1521 a
721 1483 842 1521 Suida
862 1483 1076 1535 exponitur
1097 1479 1339 1537 ἄναφορευς,
1369 1483 1548 1525 Relazor.

86 1535 190 1576 Vide
206 1537 265 1576 Jo.
286 1537 430 1579 Meurs.
457 1539 630 1579 Glossar.
652 1546 691 1578 et
713 1540 771 1578 Jo.
793 1540 987 1588 vossium,
1018 1539 1066 1577 de
1088 1539 1161 1578 vit.
1179 1541 1300 1581 Serm.

202 1595 424 1661 stig-328·
456 1598 520 1637 18.
566 1591 850 1648 αναφραγῆναι
877 1611 920 1635 το
954 1591 1187 1647 Gavii-aiom]
1225 1597 1281 1634 lta
1314 1597 1429 1636 etiam
1451 1597 1546 1638 Chr.

87 1647 202 1689 Alex.
226 1645 469 1700 ἅναφρασσω
488 1657 632 1700 tamen,
661 1653 806 1705 aperio,
836 1651 1043 1701 significat,
1072 1665 1188 1689 sensu
1208 1653 1326 1721 plane
1349 1655 1547 1705 opposito.

88 1704 331 1756 Hesychius:
383 1702 685 1759 οἷναφράξαντες
726 1706 828 1762 (leg.
863 1704 1192 1776 αναφρᾶξαντες)
1240 1705 1545 1761 ἀναπτύξαντες,

89 1757 421 1809 ἀναπετάσαντες.
477 1764 744 1815 korteitaque
764 1763 983 1814 legendum,
1015 1760 1314 1832 ἀποφραγῆναι.

199 1819 302 1870 Pag.
332 1821 429 1860 329.
459 1822 498 1862 3.
546 1819 566 1861 ὅ
587 1817 810 1873 Καρηνός.]
854 1822 976 1870 Iege,
1021 1818 1244 1873 Καρῤηνός.
1302 1821 1544 1874 Stephanus:

91 1869 271 1925 Καρὅαι,
308 1871 424 1923 πόλις
459 1877 770 1928 Μεσοποταμίας
792 1883 867 1915 etc.
896 1892 940 1918 το
970 1875 1157 1927 ἐθνικὸν,
1186 1876 1412 1946 Καρὄνός.
1467 1880 1544 1918 Pro

89 1926 225 1983 Κάραι
243 1930 371 1981 etiam,
402 1932 461 1970 uti
477 1940 611 1971 noster
631 1946 784 1984 semper
807 1932 936 1982 habet,
964 1933 1226 1984 scribendum,
1258 1932 1430 1988 Κᾶρὁι.

202 1988 296 2039 Pag·
326 1991 420 2030 329
450 1993 489 2031 7.
519 1987 562 2030 τὸ
581 1986 792 2043 λεγόμενον
811 1990 1032 2043 Κιρκίσιον.
1041 1989 1057 2043 ]
1088 1990 1143 2029 De
1166 1992 1333 2030 Cnstello
1356 1991 1434 2030 hoc
1453 1992 1544 2031 vide

87 2043 335 2093 Procopium,
366 2045 468 2083 Pers.
490 2046 556 2084 lib.
574 2050 614 2087 2.

203 2102 297 2153 Pag-
330 2103 425 2143 329.
458 2104 495 2144 8.
536 2102 603 2142 καὶ
620 2105 694 2143 τοῦ
714 2101 922 2156 Αββορᾶ.]
952 2099 1142 2157 Λβόῤῥας
1160 2103 1356 2156 Procopio
1375 2110 1545 2143 vocatur

89 2155 235 2194 fluvius
255 2156 342 2196 iste,

207 2215 421 2266 Pog-329.
455 2217 519 2256 16
549 2211 760 2268 γεφύρης]
791 2215 875 2254 Scr.
874 2212 1090 2284 γεφύρας.

206 2271 300 2322 Pag-
330 2274 423 2313 330.
453 2275 492 2313 2
537 2275 803 2336 προηγεῖσθαι
833 2287 964 2312 αντων
991 2270 1091 2322 πρός
1113 2268 1414 2323 κουλκᾶτορας.]
1458 2272 1544 2313 Ser.

90 2323 480 2380 προσκουλκάτορας,
511 2328 767 2380 conjunctim.
811 2326 1166 2381 προσκουλκεύειν,
1197 2335 1236 2366 et
1260 2324 1545 2377 ἐξκουλκεύειν,

92 2380 282 2420 excubias
302 2397 433 2435 agere,
467 2382 702 2437 eoeplorare:
737 2384 828 2423 inde
854 2382 1236 2437 προσκουλκατορες,
1269 2389 1308 2421 et
1337 2381 1546 2432 ἒξκουλκά-

91 2451 213 2487 τορες,
243 2438 513 2489 Excubitor-‚es
543 2439 840 2493 Exploratores:
897 2441 1043 2481 VideJ
1063 2440 1243 2478 vossium
1265 2439 1314 2477 de
1335 2442 1405 2477 vit.
1423 2441 1543 2480 Serm.

94 2497 134 2531 et
152 2493 210 2531 Jo.
233 2494 377 2535 Meurs.
398 2497 570 2534 Glossar.
628 2497 699 2534 His
728 2497 827 2534 adde
855 2497 938 2535 Nic.
968 2497 1110 2546 Rigalt.
1141 2496 1347 2535 Glossar.
1336 2510 1376 2533 m
1394 2499 1544 2536 Σκοῦλ-

94 2564 180 2598 ται,
213 2556 252 2588 et
273 2548 594 2605 Σκουλτάτωρεςε
619 2553 714 2592 licet
745 2554 846 2592 enim
874 2567 989 2592 voces
1016 2552 1089 2590 hae
1109 2551 1306 2591 diversam
1332 2559 1546 2603 agnoscant

94 2605 296 2656 originem,
327 2609 483 2647 eandem
504 2615 634 2647 tamen
657 2623 736 2648 rem
758 2610 910 2661 signare
929 2609 1128 2649 videntur.

209 2664 304 2715 Pag.
333 2667 427 2706 330.
459 2668 496 2706 3.
547 2668 635 2705 Τῶν
662 2668 921 2719 λαγκιαρίων,
951 2664 1017 2705 καὶ
1048 2664 1324 2716 ματτιαρίων.]
1368 2662 1543 2719 Λαγκιᾶ-

71 2733 172 2767 -ριοι
192 2725 285 2756 sunt
302 2719 540 2759 Lanceariis
588 2735 722 2760 verum
749 2723 907 2774 quinam
931 2722 1008 2759 sint
1032 2721 1219 2759 Mattiarii
1239 2721 1300 2770 hi,
1345 2735 1424 2760 non
1444 2722 1540 2760 adeo

92 2774 203 2813 facile
222 2781 279 2814 est
298 2775 420 2816 dictu.
478 2778 719 2818 Vocabulum
746 2779 920 2818 occurrit
943 2778 1148 2829 aliquoties
1170 2776 1539 2829 apud-Ammianum
