<?xml version="1.0" encoding="UTF-8"?>
<!DOCTYPE html PUBLIC "-//W3C//DTD XHTML 1.0 Transitional//EN"
    "http://www.w3.org/TR/xhtml1/DTD/xhtml1-transitional.dtd">
<html xmlns="http://www.w3.org/1999/xhtml" xml:lang="en" lang="en">
 <head>
  <title>
</title>
<meta http-equiv="Content-Type" content="text/html;charset=utf-8" />
  <meta name='ocr-system' content='tesseract 3.04.00' />
  <meta name='ocr-capabilities' content='ocr_page ocr_carea ocr_par ocr_line ocrx_word'/>
</head>
<body>
  <div class='ocr_page' id='page_1' title='image "./corpusscriptorum28niebuoft_0096.png"; bbox 0 0 1838 3230; ppageno 0'>
   <div class='ocr_carea' id='block_1_1' title="bbox 307 141 1256 223">
    <p class='ocr_par' dir='ltr' id='par_1_1' title="bbox 307 141 1256 223">
     <span class='ocr_line' id='line_1_1' title="bbox 307 141 1256 223; baseline 0.002 -8"><span class='ocrx_word' id='word_1_1' title='bbox 307 175 373 223; x_wconf 61' lang='lat' dir='ltr'>u</span> <span class='ocrx_word' id='word_1_2' title='bbox 815 141 1256 217; x_wconf 74' lang='lat' dir='ltr'>ANONYM1</span> 
     </span>
    </p>
   </div>
   <div class='ocr_carea' id='block_1_2' title="bbox 170 289 1811 1514">
    <p class='ocr_par' dir='ltr' id='par_1_2' title="bbox 170 289 1811 1514">
     <span class='ocr_line' id='line_1_2' title="bbox 302 289 1758 350; baseline 0.004 -16"><span class='ocrx_word' id='word_1_3' title='bbox 302 289 427 350; x_wconf 74' lang='grc' dir='ltr'><strong><em>ἥνπερ</em></strong></span> <span class='ocrx_word' id='word_1_4' title='bbox 449 290 493 335; x_wconf 76' lang='grc' dir='ltr'><strong><em>ἔκ</em></strong></span> <span class='ocrx_word' id='word_1_5' title='bbox 514 295 588 336; x_wconf 82' lang='grc' dir='ltr'>τοῢ</span> <span class='ocrx_word' id='word_1_6' title='bbox 617 291 775 349; x_wconf 80' lang='grc' dir='ltr'><strong><em>πατρὸς</em></strong></span> <span class='ocrx_word' id='word_1_7' title='bbox 805 293 900 335; x_wconf 85' lang='grc' dir='ltr'>Νῶε</span> <span class='ocrx_word' id='word_1_8' title='bbox 930 289 1225 350; x_wconf 79' lang='grc' dir='ltr'><strong><em>παρειλήφασι,</em></strong></span> <span class='ocrx_word' id='word_1_9' title='bbox 1264 293 1331 336; x_wconf 80' lang='grc' dir='ltr'>καὶ</span> <span class='ocrx_word' id='word_1_10' title='bbox 1361 290 1634 350; x_wconf 75' lang='grc' dir='ltr'><strong><em>λαγχάνουσιν</em></strong></span> <span class='ocrx_word' id='word_1_11' title='bbox 1662 292 1758 340; x_wconf 70' lang='grc' dir='ltr'><strong><em>ἑκά-</em></strong></span> 
     </span>
     <span class='ocr_line' id='line_1_3' title="bbox 303 358 1759 420; baseline 0.004 -18"><span class='ocrx_word' id='word_1_12' title='bbox 303 377 389 419; x_wconf 80' lang='grc' dir='ltr'>στῳ</span> <span class='ocrx_word' id='word_1_13' title='bbox 420 361 489 403; x_wconf 82' lang='grc' dir='ltr'>καὶ</span> <span class='ocrx_word' id='word_1_14' title='bbox 515 367 606 410; x_wconf 78' lang='grc' dir='ltr'><strong><em>ταῖς</em></strong></span> <span class='ocrx_word' id='word_1_15' title='bbox 635 358 807 404; x_wconf 75' lang='grc' dir='ltr'><em>ἑκάστου</em></span> <span class='ocrx_word' id='word_1_16' title='bbox 835 364 987 418; x_wconf 79' lang='grc' dir='ltr'><strong><em>φυλαῖς</em></strong></span> <span class='ocrx_word' id='word_1_17' title='bbox 1011 363 1079 404; x_wconf 83' lang='grc' dir='ltr'>καὶ</span> <span class='ocrx_word' id='word_1_18' title='bbox 1106 368 1295 420; x_wconf 88' lang='grc' dir='ltr'><strong><em>πατριαῒς</em></strong></span> <span class='ocrx_word' id='word_1_19' title='bbox 1325 359 1452 405; x_wconf 80' lang='grc' dir='ltr'><em>τόπον</em></span> <span class='ocrx_word' id='word_1_20' title='bbox 1486 364 1553 405; x_wconf 83' lang='grc' dir='ltr'>καὶ</span> <span class='ocrx_word' id='word_1_21' title='bbox 1582 364 1759 419; x_wconf 85' lang='grc' dir='ltr'><strong><em>κλίματα</em></strong></span> 
     </span>
     <span class='ocr_line' id='line_1_4' title="bbox 249 425 1758 487; baseline 0.003 -16"><span class='ocrx_word' id='word_1_22' title='bbox 249 442 282 478; x_wconf 79' lang='grc' dir='ltr'>Ε</span> <span class='ocrx_word' id='word_1_23' title='bbox 303 430 371 472; x_wconf 81' lang='grc' dir='ltr'>καὶ</span> <span class='ocrx_word' id='word_1_24' title='bbox 387 425 530 485; x_wconf 78' lang='grc' dir='ltr'><strong><em>χώρας</em></strong></span> <span class='ocrx_word' id='word_1_25' title='bbox 551 430 618 472; x_wconf 79' lang='grc' dir='ltr'>καὶ</span> <span class='ocrx_word' id='word_1_26' title='bbox 644 426 795 484; x_wconf 80' lang='grc' dir='ltr'><strong><em>νήσους</em></strong></span> <span class='ocrx_word' id='word_1_27' title='bbox 815 429 883 472; x_wconf 82' lang='grc' dir='ltr'>καὶ</span> <span class='ocrx_word' id='word_1_28' title='bbox 903 429 1114 485; x_wconf 72' lang='grc' dir='ltr'><strong><em>ποταμοὺς</em></strong></span> <span class='ocrx_word' id='word_1_29' title='bbox 1141 430 1246 474; x_wconf 82' lang='grc' dir='ltr'><strong><em>κατὰ</em></strong></span> <span class='ocrx_word' id='word_1_30' title='bbox 1264 430 1340 486; x_wconf 86' lang='grc' dir='ltr'><strong><em>τὴν</em></strong></span> <span class='ocrx_word' id='word_1_31' title='bbox 1357 428 1620 487; x_wconf 71' lang='grc' dir='ltr'><strong><em>ὑποκειμένην</em></strong></span> <span class='ocrx_word' id='word_1_32' title='bbox 1639 431 1758 476; x_wconf 65' lang='grc' dir='ltr'><strong><em>ἔκθε-</em></strong></span> 
     </span>
     <span class='ocr_line' id='line_1_5' title="bbox 301 497 1758 558; baseline 0.003 -18"><span class='ocrx_word' id='word_1_33' title='bbox 301 514 389 551; x_wconf 90' lang='grc' dir='ltr'><strong><em>σιν,</em></strong></span> <span class='ocrx_word' id='word_1_34' title='bbox 427 498 495 540; x_wconf 81' lang='grc' dir='ltr'>καὶ</span> <span class='ocrx_word' id='word_1_35' title='bbox 526 501 877 554; x_wconf 83' lang='grc' dir='ltr'><strong><em>κατακληροῧνται</em></strong></span> <span class='ocrx_word' id='word_1_36' title='bbox 897 502 956 556; x_wconf 79' lang='grc' dir='ltr'>τῷ</span> <span class='ocrx_word' id='word_1_37' title='bbox 986 499 1061 552; x_wconf 72' lang='grc' dir='ltr'><strong><em>μὲν</em></strong></span> <span class='ocrx_word' id='word_1_38' title='bbox 1081 497 1328 558; x_wconf 81' lang='grc' dir='ltr'><strong><em>πρωτοτόκῳ</em></strong></span> <span class='ocrx_word' id='word_1_39' title='bbox 1349 499 1426 558; x_wconf 77' lang='grc' dir='ltr'><strong><em>υἱῷ</em></strong></span> <span class='ocrx_word' id='word_1_40' title='bbox 1442 501 1540 542; x_wconf 81' lang='grc' dir='ltr'>Νῶε</span> <span class='ocrx_word' id='word_1_41' title='bbox 1558 499 1654 556; x_wconf 74' lang='grc' dir='ltr'>Σὴμ</span> <span class='ocrx_word' id='word_1_42' title='bbox 1675 500 1758 545; x_wconf 61' lang='lat' dir='ltr'>(iud</span> 
     </span>
     <span class='ocr_line' id='line_1_6' title="bbox 298 564 1790 627; baseline 0.003 -18"><span class='ocrx_word' id='word_1_43' title='bbox 298 566 505 623; x_wconf 85' lang='grc' dir='ltr'><strong><em>Περσίδος</em></strong></span> <span class='ocrx_word' id='word_1_44' title='bbox 531 567 598 608; x_wconf 81' lang='grc' dir='ltr'>καὶ</span> <span class='ocrx_word' id='word_1_45' title='bbox 625 564 827 623; x_wconf 82' lang='grc' dir='ltr'><strong><em>Βάκτρων</em></strong></span> <span class='ocrx_word' id='word_1_46' title='bbox 858 565 934 616; x_wconf 68' lang='grc' dir='ltr'>ἕως</span> <span class='ocrx_word' id='word_1_47' title='bbox 953 565 1123 622; x_wconf 79' lang='grc' dir='ltr'><strong><em>Ἰνδικῆς</em></strong></span> <span class='ocrx_word' id='word_1_48' title='bbox 1140 569 1207 610; x_wconf 82' lang='grc' dir='ltr'>καὶ</span> <span class='ocrx_word' id='word_1_49' title='bbox 1223 565 1564 625; x_wconf 86' lang='grc' dir='ltr'><strong><em>Ῥινοκουρούρων</em></strong></span> <span class='ocrx_word' id='word_1_50' title='bbox 1583 569 1637 612; x_wconf 78' lang='grc' dir='ltr'>τὰ</span> <span class='ocrx_word' id='word_1_51' title='bbox 1655 569 1790 627; x_wconf 77' lang='grc' dir='ltr'>πρόςό</span> 
     </span>
     <span class='ocr_line' id='line_1_7' title="bbox 300 629 1759 694; baseline 0.004 -18"><span class='ocrx_word' id='word_1_52' title='bbox 300 631 506 689; x_wconf 75' lang='grc' dir='ltr'><strong><em>ἀνατολήν</em></strong></span> <span class='ocrx_word' id='word_1_53' title='bbox 514 666 528 687; x_wconf 95' lang='grc'><strong><em>,</em></strong></span> <span class='ocrx_word' id='word_1_54' title='bbox 573 637 633 694; x_wconf 75' lang='grc' dir='ltr'>τῷ</span> <span class='ocrx_word' id='word_1_55' title='bbox 672 635 718 677; x_wconf 77' lang='grc' dir='ltr'>δὲ</span> <span class='ocrx_word' id='word_1_56' title='bbox 750 634 856 689; x_wconf 81' lang='grc' dir='ltr'>Χὰμ</span> <span class='ocrx_word' id='word_1_57' title='bbox 885 634 965 678; x_wconf 78' lang='grc' dir='ltr'>ἀπὸ</span> <span class='ocrx_word' id='word_1_58' title='bbox 989 629 1329 692; x_wconf 81' lang='grc' dir='ltr'><strong><em>Ῥινοκουρούρων</em></strong></span> <span class='ocrx_word' id='word_1_59' title='bbox 1359 636 1431 686; x_wconf 72' lang='grc' dir='ltr'>ἕως</span> <span class='ocrx_word' id='word_1_60' title='bbox 1462 638 1672 694; x_wconf 78' lang='grc' dir='ltr'><strong><em>Γαδείρων</em></strong></span> <span class='ocrx_word' id='word_1_61' title='bbox 1705 638 1759 682; x_wconf 75' lang='grc' dir='ltr'>τὰ</span> 
     </span>
     <span class='ocr_line' id='line_1_8' title="bbox 299 698 1759 764; baseline 0.003 -19"><span class='ocrx_word' id='word_1_62' title='bbox 299 701 403 759; x_wconf 80' lang='grc' dir='ltr'><strong><em>πρὸς</em></strong></span> <span class='ocrx_word' id='word_1_63' title='bbox 435 698 582 756; x_wconf 82' lang='grc' dir='ltr'><strong><em>νότον,</em></strong></span> <span class='ocrx_word' id='word_1_64' title='bbox 621 706 679 762; x_wconf 77' lang='grc' dir='ltr'>τῷ</span> <span class='ocrx_word' id='word_1_65' title='bbox 712 703 757 746; x_wconf 79' lang='grc' dir='ltr'>δὲ</span> <span class='ocrx_word' id='word_1_66' title='bbox 781 700 927 761; x_wconf 70' lang='grc' dir='ltr'><strong><em>Ἰάφεθ</em></strong></span> <span class='ocrx_word' id='word_1_67' title='bbox 957 702 1037 747; x_wconf 79' lang='grc' dir='ltr'>ἀπὸ</span> <span class='ocrx_word' id='word_1_68' title='bbox 1068 705 1239 760; x_wconf 87' lang='grc' dir='ltr'><strong><em>Μηδίας</em></strong></span> <span class='ocrx_word' id='word_1_69' title='bbox 1263 705 1338 755; x_wconf 72' lang='grc' dir='ltr'>ἕως</span> <span class='ocrx_word' id='word_1_70' title='bbox 1357 706 1565 763; x_wconf 81' lang='grc' dir='ltr'><strong><em>Γαδείρων</em></strong></span> <span class='ocrx_word' id='word_1_71' title='bbox 1582 705 1636 750; x_wconf 74' lang='grc' dir='ltr'>τὰ</span> <span class='ocrx_word' id='word_1_72' title='bbox 1655 706 1759 764; x_wconf 78' lang='grc' dir='ltr'><strong><em>πρὸς</em></strong></span> 
     </span>
     <span class='ocr_line' id='line_1_9' title="bbox 295 769 799 829; baseline 0.004 -16"><span class='ocrx_word' id='word_1_73' title='bbox 295 769 467 829; x_wconf 77' lang='grc' dir='ltr'><strong><em>βορῥᾶν.</em></strong></span> <span class='ocrx_word' id='word_1_74' title='bbox 797 822 799 825; x_wconf 42' lang='grc'><strong><em>,</em></strong></span> 
     </span>
     <span class='ocr_line' id='line_1_10' title="bbox 201 835 1755 900; baseline 0.001 -18"><span class='ocrx_word' id='word_1_75' title='bbox 201 853 237 889; x_wconf 85' lang='lat' dir='ltr'><strong>v</strong></span> <span class='ocrx_word' id='word_1_76' title='bbox 258 855 282 891; x_wconf 83' lang='lat'><strong>6</strong></span> <span class='ocrx_word' id='word_1_77' title='bbox 404 839 468 883; x_wconf 78' lang='grc' dir='ltr'>Αἱ</span> <span class='ocrx_word' id='word_1_78' title='bbox 496 839 542 882; x_wconf 82' lang='grc' dir='ltr'>δὲ</span> <span class='ocrx_word' id='word_1_79' title='bbox 567 842 766 894; x_wconf 78' lang='grc' dir='ltr'><strong><em>λαχοῦσαι</em></strong></span> <span class='ocrx_word' id='word_1_80' title='bbox 789 843 924 896; x_wconf 83' lang='grc' dir='ltr'><strong><em>χῶραι</em></strong></span> <span class='ocrx_word' id='word_1_81' title='bbox 955 843 1013 898; x_wconf 79' lang='grc' dir='ltr'>τῷ</span> <span class='ocrx_word' id='word_1_82' title='bbox 1039 840 1114 894; x_wconf 76' lang='grc' dir='ltr'><strong><em>μὲν</em></strong></span> <span class='ocrx_word' id='word_1_83' title='bbox 1140 840 1235 896; x_wconf 82' lang='grc' dir='ltr'>Σὴμ</span> <span class='ocrx_word' id='word_1_84' title='bbox 1273 842 1372 884; x_wconf 78' lang='grc' dir='ltr'><strong><em>εἲσὶν</em></strong></span> <span class='ocrx_word' id='word_1_85' title='bbox 1404 835 1549 895; x_wconf 66' lang='grc' dir='ltr'><strong><em>αὗται,</em></strong></span> <span class='ocrx_word' id='word_1_86' title='bbox 1585 843 1755 900; x_wconf 83' lang='grc' dir='ltr'><strong><em>Περσίς,</em></strong></span> 
     </span>
     <span class='ocr_line' id='line_1_11' title="bbox 170 905 1811 967; baseline 0.002 -19"><span class='ocrx_word' id='word_1_87' title='bbox 170 913 205 948; x_wconf 92' lang='grc' dir='ltr'><strong>Ο</strong></span> <span class='ocrx_word' id='word_1_88' title='bbox 231 915 275 951; x_wconf 89' lang='lat'>15</span> <span class='ocrx_word' id='word_1_89' title='bbox 299 905 578 965; x_wconf 87' lang='grc' dir='ltr'><strong><em>Βακτριανή,</em></strong></span> <span class='ocrx_word' id='word_1_90' title='bbox 594 906 812 964; x_wconf 60' lang='grc' dir='ltr'><strong><em>Ὑρκανία,</em></strong></span> <span class='ocrx_word' id='word_1_91' title='bbox 845 910 1118 961; x_wconf 87' lang='grc' dir='ltr'><strong><em>Βαβυλωνία,</em></strong></span> <span class='ocrx_word' id='word_1_92' title='bbox 1147 910 1387 965; x_wconf 87' lang='grc' dir='ltr'><strong><em>Κορδυαιά,</em></strong></span> <span class='ocrx_word' id='word_1_93' title='bbox 1412 909 1627 967; x_wconf 85' lang='grc' dir='ltr'><strong><em>Ἀσσυρία,</em></strong></span> <span class='ocrx_word' id='word_1_94' title='bbox 1657 913 1755 955; x_wconf 69' lang='lat' dir='ltr'>Me-</span> <span class='ocrx_word' id='word_1_95' title='bbox 1767 916 1811 952; x_wconf 87' lang='lat'>10</span> 
     </span>
     <span class='ocr_line' id='line_1_12' title="bbox 300 975 1756 1036; baseline 0.001 -16"><span class='ocrx_word' id='word_1_96' title='bbox 300 977 558 1032; x_wconf 84' lang='grc' dir='ltr'><strong><em>σοποταμία,</em></strong></span> <span class='ocrx_word' id='word_1_97' title='bbox 596 975 770 1033; x_wconf 85' lang='grc' dir='ltr'><strong><em>Ἀραβία</em></strong></span> <span class='ocrx_word' id='word_1_98' title='bbox 800 975 826 1032; x_wconf 77' lang='grc' dir='ltr'><strong><em>ἦ</em></strong></span> <span class='ocrx_word' id='word_1_99' title='bbox 861 977 1037 1034; x_wconf 79' lang='grc' dir='ltr'><strong><em>ἀρχαία,</em></strong></span> <span class='ocrx_word' id='word_1_100' title='bbox 1070 975 1288 1031; x_wconf 71' lang='grc' dir='ltr'><strong><em>Ἐλυμαΐς,</em></strong></span> <span class='ocrx_word' id='word_1_101' title='bbox 1321 976 1491 1034; x_wconf 81' lang='grc' dir='ltr'><strong><em>Ἰνδική,</em></strong></span> <span class='ocrx_word' id='word_1_102' title='bbox 1521 978 1696 1036; x_wconf 81' lang='grc' dir='ltr'><strong><em>Ἀραβία</em></strong></span> <span class='ocrx_word' id='word_1_103' title='bbox 1727 977 1756 1035; x_wconf 80' lang='grc' dir='ltr'><strong><em>ἦ</em></strong></span> 
     </span>
     <span class='ocr_line' id='line_1_13' title="bbox 295 1045 1754 1102; baseline 0.001 -13"><span class='ocrx_word' id='word_1_104' title='bbox 295 1045 501 1100; x_wconf 74' lang='grc' dir='ltr'><strong><em>εὐδαίμων</em></strong></span> <span class='ocrx_word' id='word_1_105' title='bbox 511 1077 525 1098; x_wconf 89' lang='grc'><strong><em>,</em></strong></span> <span class='ocrx_word' id='word_1_106' title='bbox 563 1046 677 1100; x_wconf 81' lang='grc' dir='ltr'><strong><em>κοίλη</em></strong></span> <span class='ocrx_word' id='word_1_107' title='bbox 706 1046 862 1100; x_wconf 81' lang='grc' dir='ltr'><strong><em>Συρία,</em></strong></span> <span class='ocrx_word' id='word_1_108' title='bbox 898 1045 1157 1101; x_wconf 79' lang='grc' dir='ltr'><strong><em>Κομμαγηνὴ</em></strong></span> <span class='ocrx_word' id='word_1_109' title='bbox 1181 1047 1248 1088; x_wconf 84' lang='grc' dir='ltr'>καὶ</span> <span class='ocrx_word' id='word_1_110' title='bbox 1270 1047 1438 1102; x_wconf 82' lang='grc' dir='ltr'><strong><em>Φοινίκη</em></strong></span> <span class='ocrx_word' id='word_1_111' title='bbox 1457 1050 1570 1089; x_wconf 81' lang='grc' dir='ltr'><strong><em>πᾶσα</em></strong></span> <span class='ocrx_word' id='word_1_112' title='bbox 1592 1048 1660 1090; x_wconf 80' lang='grc' dir='ltr'>καὶ</span> <span class='ocrx_word' id='word_1_113' title='bbox 1677 1064 1754 1090; x_wconf 83' lang='grc' dir='ltr'>πο-</span> 
     </span>
     <span class='ocr_line' id='line_1_14' title="bbox 297 1111 1755 1173; baseline 0.001 -16"><span class='ocrx_word' id='word_1_114' title='bbox 297 1114 429 1169; x_wconf 83' lang='grc' dir='ltr'><strong><em>ταμὸς</em></strong></span> <span class='ocrx_word' id='word_1_115' title='bbox 448 1111 672 1171; x_wconf 79' lang='grc' dir='ltr'><strong><em>Εὐφράτης</em></strong></span> <span class='ocrx_word' id='word_1_116' title='bbox 685 1127 695 1137; x_wconf 90' lang='grc'><em>·</em></span> <span class='ocrx_word' id='word_1_117' title='bbox 729 1118 788 1173; x_wconf 78' lang='grc' dir='ltr'>τῷ</span> <span class='ocrx_word' id='word_1_118' title='bbox 810 1114 854 1156; x_wconf 75' lang='grc' dir='ltr'>δὲ</span> <span class='ocrx_word' id='word_1_119' title='bbox 872 1114 977 1168; x_wconf 80' lang='grc' dir='ltr'>Χὰμ</span> <span class='ocrx_word' id='word_1_120' title='bbox 998 1114 1232 1169; x_wconf 77' lang='grc' dir='ltr'><strong><em>Αἴγυπτος,</em></strong></span> <span class='ocrx_word' id='word_1_121' title='bbox 1266 1115 1476 1157; x_wconf 74' lang='grc' dir='ltr'><strong><em>Αἰθιοπία</em></strong></span> <span class='ocrx_word' id='word_1_122' title='bbox 1496 1112 1522 1170; x_wconf 82' lang='grc' dir='ltr'>ἧ</span> <span class='ocrx_word' id='word_1_123' title='bbox 1544 1115 1755 1168; x_wconf 77' lang='grc' dir='ltr'><strong><em>βλέπουσα</em></strong></span> 
     </span>
     <span class='ocr_line' id='line_1_15' title="bbox 298 1180 1756 1238; baseline 0.001 -13"><span class='ocrx_word' id='word_1_124' title='bbox 298 1183 384 1225; x_wconf 77' lang='grc' dir='ltr'><strong><em>κατ’</em></strong></span> <span class='ocrx_word' id='word_1_125' title='bbox 405 1180 578 1234; x_wconf 85' lang='grc' dir='ltr'><strong><em>Ἰνδούς,</em></strong></span> <span class='ocrx_word' id='word_1_126' title='bbox 615 1180 732 1238; x_wconf 71' lang='grc' dir='ltr'><strong><em>ἑτέρα</em></strong></span> <span class='ocrx_word' id='word_1_127' title='bbox 760 1184 992 1235; x_wconf 75' lang='grc' dir='ltr'><strong><em>Αἰθιοπία,</em></strong></span> <span class='ocrx_word' id='word_1_128' title='bbox 1031 1181 1131 1226; x_wconf 76' lang='grc' dir='ltr'><strong><em>ὅθεν</em></strong></span> <span class='ocrx_word' id='word_1_129' title='bbox 1151 1181 1406 1238; x_wconf 73' lang='grc' dir='ltr'><strong><em>ἐκπορεύεται</em></strong></span> <span class='ocrx_word' id='word_1_130' title='bbox 1426 1180 1447 1226; x_wconf 78' lang='grc' dir='ltr'><strong><em>ὅ</em></strong></span> <span class='ocrx_word' id='word_1_131' title='bbox 1468 1183 1655 1238; x_wconf 78' lang='grc' dir='ltr'><strong><em>ποταμὸς</em></strong></span> <span class='ocrx_word' id='word_1_132' title='bbox 1673 1188 1756 1228; x_wconf 80' lang='grc' dir='ltr'><strong><em>τῶν</em></strong></span> 
     </span>
     <span class='ocr_line' id='line_1_16' title="bbox 294 1249 1808 1308; baseline -0.002 -13"><span class='ocrx_word' id='word_1_133' title='bbox 294 1249 539 1303; x_wconf 75' lang='grc' dir='ltr'><strong><em>Αἰθιόπων,</em></strong></span> <span class='ocrx_word' id='word_1_134' title='bbox 583 1250 743 1308; x_wconf 69' lang='grc' dir='ltr'><strong><em>ἐρυθρὰ</em></strong></span> <span class='ocrx_word' id='word_1_135' title='bbox 774 1251 983 1305; x_wconf 76' lang='grc' dir='ltr'><strong><em>βλέπουσα</em></strong></span> <span class='ocrx_word' id='word_1_136' title='bbox 1011 1250 1096 1293; x_wconf 74' lang='grc' dir='ltr'><strong><em>κατ’</em></strong></span> <span class='ocrx_word' id='word_1_137' title='bbox 1129 1249 1354 1304; x_wconf 75' lang='grc' dir='ltr'><strong><em>ἀνατολάς,</em></strong></span> <span class='ocrx_word' id='word_1_138' title='bbox 1393 1253 1576 1306; x_wconf 71' lang='grc' dir='ltr'><strong><em>Θηβαΐς,</em></strong></span> <span class='ocrx_word' id='word_1_139' title='bbox 1604 1251 1750 1308; x_wconf 83' lang='grc' dir='ltr'><strong><em>Λιβύη</em></strong></span> <span class='ocrx_word' id='word_1_140' title='bbox 1764 1256 1808 1292; x_wconf 87' lang='grc'>15</span> 
     </span>
     <span class='ocr_line' id='line_1_17' title="bbox 293 1317 1754 1377; baseline 0.001 -15"><span class='ocrx_word' id='word_1_141' title='bbox 293 1318 322 1374; x_wconf 72' lang='grc' dir='ltr'>ἦ</span> <span class='ocrx_word' id='word_1_142' title='bbox 352 1319 667 1377; x_wconf 72' lang='grc' dir='ltr'><strong><em>παρεκτείνουσα</em></strong></span> <span class='ocrx_word' id='word_1_143' title='bbox 703 1318 819 1375; x_wconf 72' lang='grc' dir='ltr'><strong><em>μέχρι</em></strong></span> <span class='ocrx_word' id='word_1_144' title='bbox 852 1317 1069 1375; x_wconf 80' lang='grc' dir='ltr'><strong><em>Κυρήνης,</em></strong></span> <span class='ocrx_word' id='word_1_145' title='bbox 1105 1321 1359 1376; x_wconf 85' lang='grc' dir='ltr'><strong><em>Μαρμαρίς,</em></strong></span> <span class='ocrx_word' id='word_1_146' title='bbox 1397 1317 1570 1376; x_wconf 78' lang='grc' dir='ltr'><strong><em>Σύρτις,</em></strong></span> <span class='ocrx_word' id='word_1_147' title='bbox 1606 1319 1754 1376; x_wconf 87' lang='grc' dir='ltr'><strong><em>Λιβύη</em></strong></span> 
     </span>
     <span class='ocr_line' id='line_1_18' title="bbox 294 1385 1754 1444; baseline 0.001 -13"><span class='ocrx_word' id='word_1_148' title='bbox 294 1387 398 1444; x_wconf 72' lang='grc' dir='ltr'><strong><em>ἄλλη</em></strong></span> <span class='ocrx_word' id='word_1_149' title='bbox 411 1421 425 1441; x_wconf 87' lang='grc'><strong><em>,</em></strong></span> <span class='ocrx_word' id='word_1_150' title='bbox 462 1388 696 1441; x_wconf 84' lang='grc' dir='ltr'><strong><em>Νουμιδία,</em></strong></span> <span class='ocrx_word' id='word_1_151' title='bbox 733 1388 979 1444; x_wconf 79' lang='grc' dir='ltr'><strong><em>Μασσυρίς,</em></strong></span> <span class='ocrx_word' id='word_1_152' title='bbox 1017 1389 1284 1444; x_wconf 87' lang='grc' dir='ltr'><strong><em>Μαυριτανία</em></strong></span> <span class='ocrx_word' id='word_1_153' title='bbox 1313 1385 1340 1443; x_wconf 76' lang='grc' dir='ltr'><em>ἦ</em></span> <span class='ocrx_word' id='word_1_154' title='bbox 1369 1387 1579 1431; x_wconf 79' lang='grc' dir='ltr'><strong><em>κατέναντι</em></strong></span> <span class='ocrx_word' id='word_1_155' title='bbox 1605 1390 1648 1430; x_wconf 94' lang='grc' dir='ltr'><em>Γ</em></span> <span class='ocrx_word' id='word_1_156' title='bbox 1643 1389 1754 1432; x_wconf 73' lang='grc' dir='ltr'><strong><em>αδεί-</em></strong></span> 
     </span>
     <span class='ocr_line' id='line_1_19' title="bbox 292 1453 1749 1514; baseline 0.001 -16"><span class='ocrx_word' id='word_1_157' title='bbox 292 1473 376 1513; x_wconf 87' lang='grc' dir='ltr'>ρων</span> <span class='ocrx_word' id='word_1_158' title='bbox 390 1470 400 1480; x_wconf 90' lang='grc'><em>·</em></span> <span class='ocrx_word' id='word_1_159' title='bbox 438 1456 478 1499; x_wconf 71' lang='grc' dir='ltr'><strong><em>ἓν</em></strong></span> <span class='ocrx_word' id='word_1_160' title='bbox 509 1457 554 1498; x_wconf 79' lang='grc' dir='ltr'>δὲ</span> <span class='ocrx_word' id='word_1_161' title='bbox 583 1462 670 1506; x_wconf 84' lang='grc' dir='ltr'><strong><em>τοῖς</em></strong></span> <span class='ocrx_word' id='word_1_162' title='bbox 699 1455 803 1498; x_wconf 77' lang='grc' dir='ltr'><strong><em>κατὰ</em></strong></span> <span class='ocrx_word' id='word_1_163' title='bbox 823 1455 982 1514; x_wconf 72' lang='grc' dir='ltr'><strong><em>βοῤῥᾶν</em></strong></span> <span class='ocrx_word' id='word_1_164' title='bbox 1001 1455 1054 1498; x_wconf 80' lang='grc' dir='ltr'>τὰ</span> <span class='ocrx_word' id='word_1_165' title='bbox 1074 1455 1186 1513; x_wconf 78' lang='grc' dir='ltr'><strong><em>παρὰ</em></strong></span> <span class='ocrx_word' id='word_1_166' title='bbox 1206 1453 1430 1500; x_wconf 74' lang='grc' dir='ltr'><strong><em>θάλασσαν</em></strong></span> <span class='ocrx_word' id='word_1_167' title='bbox 1451 1455 1528 1512; x_wconf 67' lang='grc' dir='ltr'><strong><em>ἔχει</em></strong></span> <span class='ocrx_word' id='word_1_168' title='bbox 1546 1458 1749 1510; x_wconf 84' lang='grc' dir='ltr'><strong><em>Κιλικίαν,</em></strong></span> 
     </span>
    </p>
   </div>
   <div class='ocr_carea' id='block_1_3' title="bbox 380 1574 1751 2036">
    <p class='ocr_par' dir='ltr' id='par_1_3' title="bbox 380 1574 1751 2036">
     <span class='ocr_line' id='line_1_20' title="bbox 380 1574 1748 1622; baseline 0.001 -11"><span class='ocrx_word' id='word_1_169' title='bbox 380 1577 417 1611; x_wconf 75' lang='grc'><strong>2.</strong></span> <span class='ocrx_word' id='word_1_170' title='bbox 440 1578 614 1619; x_wconf 78' lang='grc' dir='ltr'><strong><em>πατριαῒς</em></strong></span> <span class='ocrx_word' id='word_1_171' title='bbox 637 1576 715 1618; x_wconf 90' lang='lat' dir='ltr'>Ch.,</span> <span class='ocrx_word' id='word_1_172' title='bbox 738 1575 872 1618; x_wconf 90' lang='lat' dir='ltr'>Pollux,</span> <span class='ocrx_word' id='word_1_173' title='bbox 895 1574 1052 1620; x_wconf 76' lang='grc' dir='ltr'><strong><em>πατριὰς</em></strong></span> <span class='ocrx_word' id='word_1_174' title='bbox 1075 1575 1143 1610; x_wconf 79' lang='lat' dir='ltr'>Ox.</span> <span class='ocrx_word' id='word_1_175' title='bbox 1212 1577 1247 1612; x_wconf 88' lang='grc'>3.</span> <span class='ocrx_word' id='word_1_176' title='bbox 1271 1574 1408 1622; x_wconf 77' lang='grc' dir='ltr'><strong><em>νήσους</em></strong></span> <span class='ocrx_word' id='word_1_177' title='bbox 1422 1576 1512 1620; x_wconf 88' lang='lat' dir='ltr'>cod.,</span> <span class='ocrx_word' id='word_1_178' title='bbox 1531 1576 1662 1619; x_wconf 80' lang='grc' dir='ltr'><strong><em>υέσους</em></strong></span> <span class='ocrx_word' id='word_1_179' title='bbox 1681 1578 1748 1613; x_wconf 77' lang='lat' dir='ltr'>Ox.</span> 
     </span>
     <span class='ocr_line' id='line_1_21' title="bbox 383 1619 1751 1665; baseline 0.003 -9"><span class='ocrx_word' id='word_1_180' title='bbox 383 1623 418 1657; x_wconf 85' lang='grc'><strong>5.</strong></span> <span class='ocrx_word' id='word_1_181' title='bbox 441 1624 474 1658; x_wconf 91' lang='grc'>6.</span> <span class='ocrx_word' id='word_1_182' title='bbox 493 1619 803 1665; x_wconf 82' lang='grc' dir='ltr'><strong><em>Ῥινοκουρούτων</em></strong></span> <span class='ocrx_word' id='word_1_183' title='bbox 827 1622 895 1656; x_wconf 87' lang='lat' dir='ltr'>Ox.</span> <span class='ocrx_word' id='word_1_184' title='bbox 984 1624 1017 1658; x_wconf 89' lang='grc'>7.</span> <span class='ocrx_word' id='word_1_185' title='bbox 1041 1619 1153 1660; x_wconf 84' lang='grc' dir='ltr'><strong><em>νότον</em></strong></span> <span class='ocrx_word' id='word_1_186' title='bbox 1176 1622 1254 1664; x_wconf 83' lang='lat' dir='ltr'>Ch.,</span> <span class='ocrx_word' id='word_1_187' title='bbox 1278 1625 1396 1659; x_wconf 72' lang='grc' dir='ltr'><strong><em>νῶτον</em></strong></span> <span class='ocrx_word' id='word_1_188' title='bbox 1420 1624 1488 1659; x_wconf 87' lang='lat' dir='ltr'>Ox.</span> <span class='ocrx_word' id='word_1_189' title='bbox 1578 1625 1661 1661; x_wconf 78' lang='lat' dir='ltr'>ibid.</span> <span class='ocrx_word' id='word_1_190' title='bbox 1683 1619 1751 1660; x_wconf 73' lang='lat'><em>’102-</em></span> 
     </span>
     <span class='ocr_line' id='line_1_22' title="bbox 382 1668 1750 1716; baseline 0.001 -13"><span class='ocrx_word' id='word_1_191' title='bbox 382 1670 462 1712; x_wconf 75' lang='grc' dir='ltr'>φεθ·</span> <span class='ocrx_word' id='word_1_192' title='bbox 485 1668 583 1711; x_wconf 87' lang='lat' dir='ltr'>cod.,</span> <span class='ocrx_word' id='word_1_193' title='bbox 607 1668 749 1713; x_wconf 78' lang='grc' dir='ltr'><strong><em>Ἰοἱφηθ</em></strong></span> <span class='ocrx_word' id='word_1_194' title='bbox 772 1668 840 1702; x_wconf 80' lang='grc' dir='ltr'><strong>ΟΧ.</strong></span> <span class='ocrx_word' id='word_1_195' title='bbox 925 1669 981 1703; x_wconf 89' lang='lat'>10.</span> <span class='ocrx_word' id='word_1_196' title='bbox 1006 1669 1220 1713; x_wconf 81' lang='grc' dir='ltr'><strong><em>Κορδυαία]</em></strong></span> <span class='ocrx_word' id='word_1_197' title='bbox 1245 1668 1421 1716; x_wconf 80' lang='grc' dir='ltr'><strong><em>Κορδήνα</em></strong></span> <span class='ocrx_word' id='word_1_198' title='bbox 1444 1670 1512 1705; x_wconf 75' lang='grc' dir='ltr'><strong>ΟΧ.</strong></span> <span class='ocrx_word' id='word_1_199' title='bbox 1595 1671 1650 1706; x_wconf 83' lang='grc'><strong>12.</strong></span> <span class='ocrx_word' id='word_1_200' title='bbox 1671 1671 1750 1706; x_wconf 83' lang='grc' dir='ltr'><strong><em>κοί-</em></strong></span> 
     </span>
     <span class='ocr_line' id='line_1_23' title="bbox 383 1712 1750 1762; baseline 0.001 -12"><span class='ocrx_word' id='word_1_201' title='bbox 383 1718 428 1759; x_wconf 82' lang='grc' dir='ltr'><strong><em>λη</em></strong></span> <span class='ocrx_word' id='word_1_202' title='bbox 451 1715 596 1759; x_wconf 85' lang='grc' dir='ltr'><strong><em>Συρία]</em></strong></span> <span class='ocrx_word' id='word_1_203' title='bbox 622 1715 848 1760; x_wconf 79' lang='grc' dir='ltr'><strong><em>Κοιλησυρία</em></strong></span> <span class='ocrx_word' id='word_1_204' title='bbox 870 1713 935 1747; x_wconf 87' lang='lat' dir='ltr'>Ox.</span> <span class='ocrx_word' id='word_1_205' title='bbox 1009 1715 1094 1749; x_wconf 84' lang='lat' dir='ltr'><strong><em>ibid.</em></strong></span> <span class='ocrx_word' id='word_1_206' title='bbox 1121 1714 1341 1760; x_wconf 80' lang='grc' dir='ltr'><strong><em>Κομμαγενὴ</em></strong></span> <span class='ocrx_word' id='word_1_207' title='bbox 1368 1712 1650 1762; x_wconf 73' lang='grc' dir='ltr'><strong><em>(Κομμαγηνή)</em></strong></span> <span class='ocrx_word' id='word_1_208' title='bbox 1672 1715 1750 1759; x_wconf 82' lang='lat' dir='ltr'>Ch.,</span> 
     </span>
     <span class='ocr_line' id='line_1_24' title="bbox 382 1757 1748 1808; baseline 0.001 -13"><span class='ocrx_word' id='word_1_209' title='bbox 382 1759 601 1806; x_wconf 77' lang='grc' dir='ltr'><strong><em>Κομμαγινὴ</em></strong></span> <span class='ocrx_word' id='word_1_210' title='bbox 620 1760 687 1795; x_wconf 85' lang='lat' dir='ltr'>Ox.</span> <span class='ocrx_word' id='word_1_211' title='bbox 762 1761 816 1796; x_wconf 86' lang='lat'>13.</span> <span class='ocrx_word' id='word_1_212' title='bbox 842 1758 1044 1806; x_wconf 82' lang='grc' dir='ltr'><strong><em>βλέπουσα]</em></strong></span> <span class='ocrx_word' id='word_1_213' title='bbox 1069 1760 1179 1794; x_wconf 87' lang='lat' dir='ltr'>malim</span> <span class='ocrx_word' id='word_1_214' title='bbox 1200 1757 1224 1806; x_wconf 85' lang='grc' dir='ltr'><em>ἡ</em></span> <span class='ocrx_word' id='word_1_215' title='bbox 1248 1761 1329 1796; x_wconf 87' lang='lat' dir='ltr'>addi</span> <span class='ocrx_word' id='word_1_216' title='bbox 1348 1773 1389 1796; x_wconf 85' lang='lat' dir='ltr'>ex</span> <span class='ocrx_word' id='word_1_217' title='bbox 1405 1762 1564 1807; x_wconf 85' lang='lat' dir='ltr'>Syncello</span> <span class='ocrx_word' id='word_1_218' title='bbox 1583 1773 1618 1808; x_wconf 85' lang='lat' dir='ltr'>p.</span> <span class='ocrx_word' id='word_1_219' title='bbox 1631 1760 1688 1797; x_wconf 86' lang='lat'>48.</span> <span class='ocrx_word' id='word_1_220' title='bbox 1704 1762 1748 1805; x_wconf 88' lang='lat' dir='ltr'>D,</span> 
     </span>
     <span class='ocr_line' id='line_1_25' title="bbox 383 1805 1748 1853; baseline 0.001 -13"><span class='ocrx_word' id='word_1_221' title='bbox 383 1806 526 1841; x_wconf 83' lang='lat' dir='ltr'><strong>Polluce</strong></span> <span class='ocrx_word' id='word_1_222' title='bbox 543 1819 576 1852; x_wconf 88' lang='lat' dir='ltr'>p.</span> <span class='ocrx_word' id='word_1_223' title='bbox 590 1807 645 1841; x_wconf 76' lang='lat'>72.</span> <span class='ocrx_word' id='word_1_224' title='bbox 715 1807 770 1842; x_wconf 87' lang='grc'>15.</span> <span class='ocrx_word' id='word_1_225' title='bbox 799 1805 941 1853; x_wconf 79' lang='grc' dir='ltr'><strong><em>Θηβαΐς</em></strong></span> <span class='ocrx_word' id='word_1_226' title='bbox 962 1806 1039 1847; x_wconf 88' lang='lat' dir='ltr'>Ch.,</span> <span class='ocrx_word' id='word_1_227' title='bbox 1062 1806 1197 1848; x_wconf 84' lang='lat' dir='ltr'>Pollux,</span> <span class='ocrx_word' id='word_1_228' title='bbox 1221 1807 1398 1852; x_wconf 85' lang='lat' dir='ltr'>Syncellus</span> <span class='ocrx_word' id='word_1_229' title='bbox 1421 1812 1458 1842; x_wconf 88' lang='lat' dir='ltr'>et</span> <span class='ocrx_word' id='word_1_230' title='bbox 1479 1807 1607 1843; x_wconf 85' lang='lat' dir='ltr'>Chron.</span> <span class='ocrx_word' id='word_1_231' title='bbox 1627 1807 1748 1843; x_wconf 85' lang='lat' dir='ltr'>Pasch.</span> 
     </span>
     <span class='ocr_line' id='line_1_26' title="bbox 383 1850 1748 1899; baseline 0.001 -13"><span class='ocrx_word' id='word_1_232' title='bbox 383 1862 419 1896; x_wconf 85' lang='lat' dir='ltr'>p.</span> <span class='ocrx_word' id='word_1_233' title='bbox 442 1854 500 1888; x_wconf 78' lang='lat'>29.</span> <span class='ocrx_word' id='word_1_234' title='bbox 517 1852 568 1894; x_wconf 91' lang='grc' dir='ltr'>Ι),</span> <span class='ocrx_word' id='word_1_235' title='bbox 594 1850 734 1897; x_wconf 81' lang='grc' dir='ltr'><strong><em>Θήναις</em></strong></span> <span class='ocrx_word' id='word_1_236' title='bbox 756 1852 822 1886; x_wconf 89' lang='lat' dir='ltr'>Ox.</span> <span class='ocrx_word' id='word_1_237' title='bbox 917 1853 970 1888; x_wconf 88' lang='lat'>16.</span> <span class='ocrx_word' id='word_1_238' title='bbox 1007 1850 1166 1897; x_wconf 80' lang='grc' dir='ltr'><strong><em>Σύρτις]</em></strong></span> <span class='ocrx_word' id='word_1_239' title='bbox 1191 1853 1337 1899; x_wconf 81' lang='grc' dir='ltr'><strong><em>Σύρτης</em></strong></span> <span class='ocrx_word' id='word_1_240' title='bbox 1361 1854 1429 1888; x_wconf 89' lang='lat' dir='ltr'>Ox.</span> <span class='ocrx_word' id='word_1_241' title='bbox 1523 1855 1577 1891; x_wconf 88' lang='grc'><strong>17.</strong></span> <span class='ocrx_word' id='word_1_242' title='bbox 1601 1855 1748 1897; x_wconf 86' lang='grc' dir='ltr'><strong><em>Νουμι-</em></strong></span> 
     </span>
     <span class='ocr_line' id='line_1_27' title="bbox 383 1897 1747 1945; baseline 0.001 -13"><span class='ocrx_word' id='word_1_243' title='bbox 383 1899 447 1932; x_wconf 81' lang='grc' dir='ltr'>δία</span> <span class='ocrx_word' id='word_1_244' title='bbox 472 1899 535 1933; x_wconf 89' lang='lat' dir='ltr'>Ch.</span> <span class='ocrx_word' id='word_1_245' title='bbox 549 1923 560 1940; x_wconf 92' lang='lat'>,</span> <span class='ocrx_word' id='word_1_246' title='bbox 583 1899 786 1944; x_wconf 87' lang='grc' dir='ltr'><strong><em>Νουμηδία</em></strong></span> <span class='ocrx_word' id='word_1_247' title='bbox 809 1897 878 1932; x_wconf 81' lang='lat' dir='ltr'>Ox.</span> <span class='ocrx_word' id='word_1_248' title='bbox 970 1899 1052 1934; x_wconf 76' lang='lat' dir='ltr'>ibid.</span> <span class='ocrx_word' id='word_1_249' title='bbox 1084 1900 1298 1945; x_wconf 81' lang='grc' dir='ltr'><strong><em>Μασσυρίς]</em></strong></span> <span class='ocrx_word' id='word_1_250' title='bbox 1323 1899 1538 1943; x_wconf 83' lang='grc' dir='ltr'><strong><em>Μασσονρίς</em></strong></span> <span class='ocrx_word' id='word_1_251' title='bbox 1559 1899 1747 1944; x_wconf 77' lang='lat' dir='ltr'>syncellus,</span> 
     </span>
     <span class='ocr_line' id='line_1_28' title="bbox 384 1941 1745 1992; baseline 0.001 -14"><span class='ocrx_word' id='word_1_252' title='bbox 384 1941 588 1990; x_wconf 82' lang='grc' dir='ltr'><strong><em>Μασσυρής</em></strong></span> <span class='ocrx_word' id='word_1_253' title='bbox 611 1945 678 1980; x_wconf 88' lang='lat' dir='ltr'>Ox.</span> <span class='ocrx_word' id='word_1_254' title='bbox 785 1946 836 1980; x_wconf 88' lang='lat'>18.</span> <span class='ocrx_word' id='word_1_255' title='bbox 861 1945 939 1984; x_wconf 83' lang='grc' dir='ltr'><strong><em>τοῖς</em></strong></span> <span class='ocrx_word' id='word_1_256' title='bbox 955 1943 1153 1989; x_wconf 79' lang='lat' dir='ltr'>syncellus,</span> <span class='ocrx_word' id='word_1_257' title='bbox 1175 1945 1296 1980; x_wconf 80' lang='lat' dir='ltr'>Pollux</span> <span class='ocrx_word' id='word_1_258' title='bbox 1316 1957 1350 1992; x_wconf 88' lang='lat' dir='ltr'>p.</span> <span class='ocrx_word' id='word_1_259' title='bbox 1367 1945 1444 1986; x_wconf 85' lang='lat'><strong>74.‚</strong></span> <span class='ocrx_word' id='word_1_260' title='bbox 1469 1945 1596 1979; x_wconf 82' lang='lat' dir='ltr'>Chron-</span> <span class='ocrx_word' id='word_1_261' title='bbox 1610 1944 1745 1988; x_wconf 84' lang='lat' dir='ltr'>Pasch.‚</span> 
     </span>
     <span class='ocr_line' id='line_1_29' title="bbox 381 1987 1619 2036; baseline 0 -12"><span class='ocrx_word' id='word_1_262' title='bbox 381 1992 465 2031; x_wconf 82' lang='grc' dir='ltr'><strong><em>ταῖς</em></strong></span> <span class='ocrx_word' id='word_1_263' title='bbox 487 1990 555 2024; x_wconf 81' lang='lat' dir='ltr'>Ox.</span> <span class='ocrx_word' id='word_1_264' title='bbox 646 1991 730 2025; x_wconf 78' lang='lat' dir='ltr'>ibid.</span> <span class='ocrx_word' id='word_1_265' title='bbox 753 1987 947 2025; x_wconf 77' lang='grc' dir='ltr'><strong><em>θάλασσαν</em></strong></span> <span class='ocrx_word' id='word_1_266' title='bbox 971 1990 1167 2036; x_wconf 77' lang='lat' dir='ltr'>syncellus,</span> <span class='ocrx_word' id='word_1_267' title='bbox 1190 1991 1333 2034; x_wconf 85' lang='lat' dir='ltr'>Pollux,</span> <span class='ocrx_word' id='word_1_268' title='bbox 1355 1989 1527 2027; x_wconf 79' lang='grc' dir='ltr'><strong><em>θάλασσα</em></strong></span> <span class='ocrx_word' id='word_1_269' title='bbox 1550 1991 1619 2025; x_wconf 83' lang='lat' dir='ltr'>Ox.</span> 
     </span>
    </p>
   </div>
   <div class='ocr_carea' id='block_1_4' title="bbox 291 2090 1745 2185">
    <p class='ocr_par' dir='ltr' id='par_1_4' title="bbox 291 2090 1745 2185">
     <span class='ocr_line' id='line_1_30' title="bbox 292 2090 1745 2138; baseline 0.001 -12"><span class='ocrx_word' id='word_1_270' title='bbox 292 2103 372 2134; x_wconf 89' lang='lat' dir='ltr'>nes,</span> <span class='ocrx_word' id='word_1_271' title='bbox 408 2090 550 2133; x_wconf 87' lang='lat' dir='ltr'>insulas,</span> <span class='ocrx_word' id='word_1_272' title='bbox 582 2091 772 2137; x_wconf 81' lang='lat' dir='ltr'>fluviosque</span> <span class='ocrx_word' id='word_1_273' title='bbox 801 2091 1044 2138; x_wconf 80' lang='lat' dir='ltr'>adsignarunt3</span> <span class='ocrx_word' id='word_1_274' title='bbox 1077 2093 1217 2138; x_wconf 83' lang='lat' dir='ltr'>singulis</span> <span class='ocrx_word' id='word_1_275' title='bbox 1238 2092 1394 2128; x_wconf 79' lang='lat' dir='ltr'>tribubus</span> <span class='ocrx_word' id='word_1_276' title='bbox 1416 2096 1453 2127; x_wconf 90' lang='lat' dir='ltr'>et</span> <span class='ocrx_word' id='word_1_277' title='bbox 1473 2091 1608 2127; x_wconf 84' lang='lat' dir='ltr'>familiis</span> <span class='ocrx_word' id='word_1_278' title='bbox 1629 2103 1745 2128; x_wconf 89' lang='lat' dir='ltr'>eorum</span> 
     </span>
     <span class='ocr_line' id='line_1_31' title="bbox 291 2137 1633 2185; baseline 0.002 -14"><span class='ocrx_word' id='word_1_279' title='bbox 291 2138 387 2172; x_wconf 84' lang='lat' dir='ltr'>facta</span> <span class='ocrx_word' id='word_1_280' title='bbox 404 2137 647 2172; x_wconf 71' lang='lat' dir='ltr'>,distributione</span> <span class='ocrx_word' id='word_1_281' title='bbox 671 2149 773 2182; x_wconf 85' lang='lat' dir='ltr'>quam</span> <span class='ocrx_word' id='word_1_282' title='bbox 796 2150 818 2172; x_wconf 89' lang='lat' dir='ltr'>a</span> <span class='ocrx_word' id='word_1_283' title='bbox 839 2143 939 2183; x_wconf 86' lang='lat' dir='ltr'>patre</span> <span class='ocrx_word' id='word_1_284' title='bbox 962 2139 1042 2173; x_wconf 93' lang='lat' dir='ltr'>Noa</span> <span class='ocrx_word' id='word_1_285' title='bbox 1064 2139 1198 2185; x_wconf 86' lang='lat' dir='ltr'>scriptis</span> <span class='ocrx_word' id='word_1_286' title='bbox 1221 2138 1391 2185; x_wconf 81' lang='lat' dir='ltr'>proditam</span> <span class='ocrx_word' id='word_1_287' title='bbox 1414 2142 1633 2184; x_wconf 84' lang='lat' dir='ltr'>acceperunt.</span> 
     </span>
    </p>
   </div>
   <div class='ocr_carea' id='block_1_5' title="bbox 289 2193 1745 2286">
    <p class='ocr_par' dir='ltr' id='par_1_5' title="bbox 289 2193 1745 2286">
     <span class='ocr_line' id='line_1_32' title="bbox 382 2193 1745 2240; baseline 0.002 -13"><span class='ocrx_word' id='word_1_288' title='bbox 382 2194 482 2228; x_wconf 89' lang='lat' dir='ltr'>Semo</span> <span class='ocrx_word' id='word_1_289' title='bbox 504 2193 636 2239; x_wconf 63' lang='lat' dir='ltr'>itaque,</span> <span class='ocrx_word' id='word_1_290' title='bbox 659 2195 760 2230; x_wconf 83' lang='lat' dir='ltr'>Noae</span> <span class='ocrx_word' id='word_1_291' title='bbox 783 2196 854 2229; x_wconf 88' lang='lat' dir='ltr'>filio</span> <span class='ocrx_word' id='word_1_292' title='bbox 879 2195 1116 2240; x_wconf 84' lang='lat' dir='ltr'>primogenito,</span> <span class='ocrx_word' id='word_1_293' title='bbox 1138 2200 1228 2231; x_wconf 82' lang='lat' dir='ltr'>sorte</span> <span class='ocrx_word' id='word_1_294' title='bbox 1245 2195 1442 2240; x_wconf 85' lang='lat' dir='ltr'>obtigerunt</span> <span class='ocrx_word' id='word_1_295' title='bbox 1459 2194 1618 2240; x_wconf 79' lang='lat' dir='ltr'>regiones</span> <span class='ocrx_word' id='word_1_296' title='bbox 1633 2206 1745 2231; x_wconf 89' lang='lat' dir='ltr'>omnes</span> 
     </span>
     <span class='ocr_line' id='line_1_33' title="bbox 289 2240 1608 2286; baseline 0.002 -12"><span class='ocrx_word' id='word_1_297' title='bbox 289 2240 473 2275; x_wconf 83' lang='lat' dir='ltr'>orientales</span> <span class='ocrx_word' id='word_1_298' title='bbox 495 2251 517 2274; x_wconf 84' lang='lat' dir='ltr'>a</span> <span class='ocrx_word' id='word_1_299' title='bbox 538 2240 680 2275; x_wconf 84' lang='lat' dir='ltr'>Perside</span> <span class='ocrx_word' id='word_1_300' title='bbox 702 2245 738 2275; x_wconf 87' lang='lat' dir='ltr'>et</span> <span class='ocrx_word' id='word_1_301' title='bbox 759 2241 918 2283; x_wconf 86' lang='lat' dir='ltr'>Bactris,</span> <span class='ocrx_word' id='word_1_302' title='bbox 943 2253 1049 2286; x_wconf 88' lang='lat' dir='ltr'>usque</span> <span class='ocrx_word' id='word_1_303' title='bbox 1073 2242 1115 2275; x_wconf 89' lang='lat' dir='ltr'>ad</span> <span class='ocrx_word' id='word_1_304' title='bbox 1139 2241 1267 2276; x_wconf 82' lang='lat' dir='ltr'>Indiam</span> <span class='ocrx_word' id='word_1_305' title='bbox 1290 2247 1327 2275; x_wconf 92' lang='lat' dir='ltr'>et</span> <span class='ocrx_word' id='word_1_306' title='bbox 1347 2241 1608 2276; x_wconf 78' lang='lat' dir='ltr'>Rhinocorutos.</span> 
     </span>
    </p>
   </div>
   <div class='ocr_carea' id='block_1_6' title="bbox 380 2296 1688 2343">
    <p class='ocr_par' dir='ltr' id='par_1_6' title="bbox 380 2296 1688 2343">
     <span class='ocr_line' id='line_1_34' title="bbox 380 2296 1688 2343; baseline 0.003 -13"><span class='ocrx_word' id='word_1_307' title='bbox 380 2296 509 2331; x_wconf 83' lang='lat' dir='ltr'>Chamo</span> <span class='ocrx_word' id='word_1_308' title='bbox 531 2307 615 2331; x_wconf 84' lang='lat' dir='ltr'>vero</span> <span class='ocrx_word' id='word_1_309' title='bbox 638 2301 754 2342; x_wconf 87' lang='lat' dir='ltr'>partes</span> <span class='ocrx_word' id='word_1_310' title='bbox 777 2297 1036 2340; x_wconf 82' lang='lat' dir='ltr'>Meridionales,</span> <span class='ocrx_word' id='word_1_311' title='bbox 1060 2310 1081 2333; x_wconf 88' lang='lat' dir='ltr'>a</span> <span class='ocrx_word' id='word_1_312' title='bbox 1102 2297 1344 2333; x_wconf 85' lang='lat' dir='ltr'>Rhinocorutis</span> <span class='ocrx_word' id='word_1_313' title='bbox 1365 2297 1411 2332; x_wconf 83' lang='lat' dir='ltr'>ad</span> <span class='ocrx_word' id='word_1_314' title='bbox 1433 2296 1552 2332; x_wconf 79' lang='lat' dir='ltr'>Gades</span> <span class='ocrx_word' id='word_1_315' title='bbox 1571 2308 1688 2343; x_wconf 85' lang='lat' dir='ltr'>usque.</span> 
     </span>
    </p>
   </div>
   <div class='ocr_carea' id='block_1_7' title="bbox 288 2345 1744 2445">
    <p class='ocr_par' dir='ltr' id='par_1_7' title="bbox 288 2345 1744 2445">
     <span class='ocr_line' id='line_1_35' title="bbox 378 2345 1744 2401; baseline 0 -13"><span class='ocrx_word' id='word_1_316' title='bbox 378 2353 528 2399; x_wconf 86' lang='lat' dir='ltr'>Japheto</span> <span class='ocrx_word' id='word_1_317' title='bbox 552 2356 664 2389; x_wconf 87' lang='lat' dir='ltr'>autem</span> <span class='ocrx_word' id='word_1_318' title='bbox 686 2354 833 2400; x_wconf 83' lang='lat' dir='ltr'>obtigit,</span> <span class='ocrx_word' id='word_1_319' title='bbox 867 2354 1030 2400; x_wconf 84' lang='lat' dir='ltr'>quicquid</span> <span class='ocrx_word' id='word_1_320' title='bbox 1052 2366 1074 2390; x_wconf 86' lang='lat' dir='ltr'>a</span> <span class='ocrx_word' id='word_1_321' title='bbox 1096 2355 1215 2389; x_wconf 89' lang='lat' dir='ltr'>Media</span> <span class='ocrx_word' id='word_1_322' title='bbox 1237 2359 1312 2397; x_wconf 85' lang='lat' dir='ltr'>est,</span> <span class='ocrx_word' id='word_1_323' title='bbox 1345 2345 1607 2401; x_wconf 81' lang='lat' dir='ltr'>septentrionem</span> <span class='ocrx_word' id='word_1_324' title='bbox 1629 2365 1744 2389; x_wconf 78' lang='lat' dir='ltr'>versus</span> 
     </span>
     <span class='ocr_line' id='line_1_36' title="bbox 288 2399 621 2445; baseline 0.006 -12"><span class='ocrx_word' id='word_1_325' title='bbox 288 2409 396 2445; x_wconf 88' lang='lat' dir='ltr'>usque</span> <span class='ocrx_word' id='word_1_326' title='bbox 418 2399 463 2434; x_wconf 87' lang='lat' dir='ltr'>ad</span> <span class='ocrx_word' id='word_1_327' title='bbox 486 2399 621 2435; x_wconf 59' lang='lat' dir='ltr'>Gades(</span> 
     </span>
    </p>
   </div>
   <div class='ocr_carea' id='block_1_8' title="bbox 284 2453 1742 2879">
    <p class='ocr_par' dir='ltr' id='par_1_8' title="bbox 284 2453 1742 2639">
     <span class='ocr_line' id='line_1_37' title="bbox 381 2453 1742 2501; baseline -0.001 -12"><span class='ocrx_word' id='word_1_328' title='bbox 381 2455 552 2501; x_wconf 84' lang='lat' dir='ltr'>Regiones</span> <span class='ocrx_word' id='word_1_329' title='bbox 573 2467 679 2498; x_wconf 85' lang='lat' dir='ltr'>vero,</span> <span class='ocrx_word' id='word_1_330' title='bbox 703 2467 792 2501; x_wconf 84' lang='lat' dir='ltr'>quae</span> <span class='ocrx_word' id='word_1_331' title='bbox 814 2455 915 2491; x_wconf 87' lang='lat' dir='ltr'>Semo</span> <span class='ocrx_word' id='word_1_332' title='bbox 938 2459 1030 2491; x_wconf 80' lang='lat' dir='ltr'>sorte</span> <span class='ocrx_word' id='word_1_333' title='bbox 1051 2457 1281 2498; x_wconf 84' lang='lat' dir='ltr'>obvenerunt,</span> <span class='ocrx_word' id='word_1_334' title='bbox 1302 2458 1378 2491; x_wconf 89' lang='lat' dir='ltr'>sunt</span> <span class='ocrx_word' id='word_1_335' title='bbox 1399 2456 1481 2491; x_wconf 82' lang='lat' dir='ltr'>hae:</span> <span class='ocrx_word' id='word_1_336' title='bbox 1516 2453 1650 2496; x_wconf 83' lang='lat' dir='ltr'>Persis,</span> <span class='ocrx_word' id='word_1_337' title='bbox 1671 2453 1742 2488; x_wconf 80' lang='lat' dir='ltr'>Ba-</span> 
     </span>
     <span class='ocr_line' id='line_1_38' title="bbox 284 2499 1742 2548; baseline 0 -13"><span class='ocrx_word' id='word_1_338' title='bbox 284 2500 440 2544; x_wconf 86' lang='lat' dir='ltr'>ctriana,</span> <span class='ocrx_word' id='word_1_339' title='bbox 471 2502 666 2548; x_wconf 82' lang='lat' dir='ltr'>Hyrcania,</span> <span class='ocrx_word' id='word_1_340' title='bbox 699 2501 910 2547; x_wconf 83' lang='lat' dir='ltr'>Babylonia,</span> <span class='ocrx_word' id='word_1_341' title='bbox 941 2502 1122 2543; x_wconf 84' lang='lat' dir='ltr'>Cordena,</span> <span class='ocrx_word' id='word_1_342' title='bbox 1146 2501 1302 2546; x_wconf 77' lang='lat' dir='ltr'>Assyria,</span> <span class='ocrx_word' id='word_1_343' title='bbox 1326 2499 1595 2547; x_wconf 83' lang='lat' dir='ltr'>Mesopotamia,</span> <span class='ocrx_word' id='word_1_344' title='bbox 1615 2499 1742 2535; x_wconf 83' lang='lat' dir='ltr'>Arabia</span> 
     </span>
     <span class='ocr_line' id='line_1_39' title="bbox 284 2544 1742 2594; baseline 0 -14"><span class='ocrx_word' id='word_1_345' title='bbox 284 2552 404 2589; x_wconf 86' lang='lat' dir='ltr'>vetus,</span> <span class='ocrx_word' id='word_1_346' title='bbox 427 2547 599 2593; x_wconf 83' lang='lat' dir='ltr'>Elymais,</span> <span class='ocrx_word' id='word_1_347' title='bbox 621 2546 738 2588; x_wconf 84' lang='lat' dir='ltr'>India,</span> <span class='ocrx_word' id='word_1_348' title='bbox 762 2548 889 2582; x_wconf 85' lang='lat' dir='ltr'>Arabia</span> <span class='ocrx_word' id='word_1_349' title='bbox 911 2547 1028 2583; x_wconf 85' lang='lat' dir='ltr'>Foelix</span> <span class='ocrx_word' id='word_1_350' title='bbox 1041 2572 1053 2591; x_wconf 95' lang='lat'>,</span> <span class='ocrx_word' id='word_1_351' title='bbox 1077 2547 1296 2594; x_wconf 77' lang='lat' dir='ltr'>coelesyria,</span> <span class='ocrx_word' id='word_1_352' title='bbox 1320 2547 1568 2591; x_wconf 82' lang='lat' dir='ltr'>Commagena,</span> <span class='ocrx_word' id='word_1_353' title='bbox 1590 2544 1742 2580; x_wconf 82' lang='lat' dir='ltr'>Phoeni-</span> 
     </span>
     <span class='ocr_line' id='line_1_40' title="bbox 285 2592 1666 2639; baseline 0.004 -14"><span class='ocrx_word' id='word_1_354' title='bbox 285 2592 340 2625; x_wconf 84' lang='lat' dir='ltr'>cia</span> <span class='ocrx_word' id='word_1_355' title='bbox 363 2597 458 2634; x_wconf 85' lang='lat' dir='ltr'>tota,</span> <span class='ocrx_word' id='word_1_356' title='bbox 481 2597 519 2627; x_wconf 90' lang='lat' dir='ltr'>et</span> <span class='ocrx_word' id='word_1_357' title='bbox 539 2592 661 2629; x_wconf 86' lang='lat' dir='ltr'>fluvius</span> <span class='ocrx_word' id='word_1_358' title='bbox 683 2593 887 2639; x_wconf 82' lang='lat' dir='ltr'>Euphrates.</span> <span class='ocrx_word' id='word_1_359' title='bbox 963 2624 972 2631; x_wconf 69' lang='grc'><strong><em>,</em></strong></span> <span class='ocrx_word' id='word_1_360' title='bbox 1663 2599 1666 2601; x_wconf 87' lang='grc'><strong>’</strong></span> 
     </span>
    </p>

    <p class='ocr_par' dir='ltr' id='par_1_9' title="bbox 285 2647 1739 2879">
     <span class='ocr_line' id='line_1_41' title="bbox 378 2647 1739 2696; baseline 0 -14"><span class='ocrx_word' id='word_1_361' title='bbox 378 2649 507 2683; x_wconf 77' lang='lat' dir='ltr'>chamo</span> <span class='ocrx_word' id='word_1_362' title='bbox 537 2649 733 2694; x_wconf 82' lang='lat' dir='ltr'>obtigerunt</span> <span class='ocrx_word' id='word_1_363' title='bbox 762 2651 956 2696; x_wconf 82' lang='lat' dir='ltr'>Aegyptus,</span> <span class='ocrx_word' id='word_1_364' title='bbox 986 2648 1185 2693; x_wconf 83' lang='lat' dir='ltr'>Aethiopia,</span> <span class='ocrx_word' id='word_1_365' title='bbox 1216 2660 1306 2694; x_wconf 84' lang='lat' dir='ltr'>quae</span> <span class='ocrx_word' id='word_1_366' title='bbox 1327 2647 1457 2682; x_wconf 79' lang='lat' dir='ltr'>Indiam</span> <span class='ocrx_word' id='word_1_367' title='bbox 1478 2650 1633 2693; x_wconf 84' lang='lat' dir='ltr'>spectat,</span> <span class='ocrx_word' id='word_1_368' title='bbox 1670 2647 1739 2682; x_wconf 86' lang='lat' dir='ltr'>Ae·</span> 
     </span>
     <span class='ocr_line' id='line_1_42' title="bbox 285 2692 1739 2747; baseline -0.001 -19"><span class='ocrx_word' id='word_1_369' title='bbox 285 2692 419 2747; x_wconf 84' lang='lat' dir='ltr'>thiopia</span> <span class='ocrx_word' id='word_1_370' title='bbox 441 2695 568 2736; x_wconf 78' lang='lat' dir='ltr'>altera,</span> <span class='ocrx_word' id='word_1_371' title='bbox 598 2695 688 2729; x_wconf 87' lang='lat' dir='ltr'>unde</span> <span class='ocrx_word' id='word_1_372' title='bbox 710 2695 852 2740; x_wconf 86' lang='lat' dir='ltr'>profluit</span> <span class='ocrx_word' id='word_1_373' title='bbox 873 2695 1077 2740; x_wconf 82' lang='lat' dir='ltr'>Aethiopum</span> <span class='ocrx_word' id='word_1_374' title='bbox 1098 2695 1240 2737; x_wconf 88' lang='lat' dir='ltr'>flumen,</span> <span class='ocrx_word' id='word_1_375' title='bbox 1265 2695 1441 2738; x_wconf 84' lang='lat' dir='ltr'>Erythra,</span> <span class='ocrx_word' id='word_1_376' title='bbox 1463 2705 1553 2738; x_wconf 86' lang='lat' dir='ltr'>quae</span> <span class='ocrx_word' id='word_1_377' title='bbox 1576 2692 1739 2728; x_wconf 82' lang='lat' dir='ltr'>orientem</span> 
     </span>
     <span class='ocr_line' id='line_1_43' title="bbox 285 2737 1738 2787; baseline -0.001 -14"><span class='ocrx_word' id='word_1_378' title='bbox 285 2739 445 2783; x_wconf 77' lang='lat' dir='ltr'>respicit,</span> <span class='ocrx_word' id='word_1_379' title='bbox 471 2740 642 2784; x_wconf 84' lang='lat' dir='ltr'>Thebais,</span> <span class='ocrx_word' id='word_1_380' title='bbox 666 2740 779 2786; x_wconf 85' lang='lat' dir='ltr'>Libya</span> <span class='ocrx_word' id='word_1_381' title='bbox 802 2742 845 2776; x_wconf 86' lang='lat' dir='ltr'>ad</span> <span class='ocrx_word' id='word_1_382' title='bbox 869 2742 1038 2787; x_wconf 81' lang='lat' dir='ltr'>cyrenem</span> <span class='ocrx_word' id='word_1_383' title='bbox 1060 2746 1241 2787; x_wconf 78' lang='lat' dir='ltr'>protensa,</span> <span class='ocrx_word' id='word_1_384' title='bbox 1264 2739 1456 2781; x_wconf 64' lang='lat' dir='ltr'>Mmmaris,</span> <span class='ocrx_word' id='word_1_385' title='bbox 1478 2737 1604 2783; x_wconf 69' lang='lat' dir='ltr'>Syrtis,</span> <span class='ocrx_word' id='word_1_386' title='bbox 1627 2738 1738 2782; x_wconf 84' lang='lat' dir='ltr'>Libya</span> 
     </span>
     <span class='ocr_line' id='line_1_44' title="bbox 287 2783 1737 2832; baseline 0 -14"><span class='ocrx_word' id='word_1_387' title='bbox 287 2784 409 2826; x_wconf 86' lang='lat' dir='ltr'>altera,</span> <span class='ocrx_word' id='word_1_388' title='bbox 435 2784 606 2829; x_wconf 78' lang='lat' dir='ltr'>Numidia,</span> <span class='ocrx_word' id='word_1_389' title='bbox 633 2787 805 2832; x_wconf 84' lang='lat' dir='ltr'>Massyris,</span> <span class='ocrx_word' id='word_1_390' title='bbox 829 2786 1047 2829; x_wconf 81' lang='lat' dir='ltr'>Mauritania,</span> <span class='ocrx_word' id='word_1_391' title='bbox 1073 2797 1162 2832; x_wconf 84' lang='lat' dir='ltr'>quae</span> <span class='ocrx_word' id='word_1_392' title='bbox 1185 2785 1334 2819; x_wconf 84' lang='lat' dir='ltr'>Gadium</span> <span class='ocrx_word' id='word_1_393' title='bbox 1358 2790 1409 2819; x_wconf 86' lang='lat' dir='ltr'>est</span> <span class='ocrx_word' id='word_1_394' title='bbox 1431 2797 1451 2819; x_wconf 82' lang='lat' dir='ltr'>e</span> <span class='ocrx_word' id='word_1_395' title='bbox 1473 2783 1622 2829; x_wconf 83' lang='lat' dir='ltr'>regione.</span> <span class='ocrx_word' id='word_1_396' title='bbox 1666 2784 1737 2818; x_wconf 88' lang='lat' dir='ltr'>Bo-</span> 
     </span>
     <span class='ocr_line' id='line_1_45' title="bbox 285 2829 1737 2879; baseline -0.001 -15"><span class='ocrx_word' id='word_1_397' title='bbox 285 2840 380 2865; x_wconf 87' lang='lat' dir='ltr'>ream</span> <span class='ocrx_word' id='word_1_398' title='bbox 410 2834 521 2866; x_wconf 72' lang='lat' dir='ltr'>autem</span> <span class='ocrx_word' id='word_1_399' title='bbox 552 2842 669 2867; x_wconf 81' lang='lat' dir='ltr'>versus</span> <span class='ocrx_word' id='word_1_400' title='bbox 699 2833 785 2869; x_wconf 87' lang='lat' dir='ltr'>mari</span> <span class='ocrx_word' id='word_1_401' title='bbox 815 2833 1010 2879; x_wconf 82' lang='lat' dir='ltr'>adjacentes</span> <span class='ocrx_word' id='word_1_402' title='bbox 1033 2831 1189 2878; x_wconf 81' lang='lat' dir='ltr'>regiones</span> <span class='ocrx_word' id='word_1_403' title='bbox 1212 2831 1333 2867; x_wconf 85' lang='lat' dir='ltr'>habuit</span> <span class='ocrx_word' id='word_1_404' title='bbox 1355 2830 1530 2873; x_wconf 86' lang='lat' dir='ltr'>Ciliciam,</span> <span class='ocrx_word' id='word_1_405' title='bbox 1566 2829 1737 2874; x_wconf 78' lang='lat' dir='ltr'>Pamphy·</span> 
     </span>
    </p>
   </div>
  </div>
 </body>
</html>
