1838 3230
108 279 211 316 035

177 325 210 362 D

181 972 216 1009 Ε

111 1308 215 1347 036

226 171 334 221 842
634 166 928 214 ΙΟΑΝΝ15
956 169 1294 215 MALALAE

332 287 418 331 Καὶ
447 287 704 342 ἐβασίλευσεν
731 285 753 330 ὅ
785 284 1002 340 θειότατος
1023 286 1167 346 Βοίλης
1187 288 1209 334 ὃ
1231 289 1409 349 ἀδελφὸς
1434 295 1695 337 Βαλεντινια-

233 359 306 399 νοῦ
336 359 410 399 τοῦ
442 353 678 409 ἀποτόμου,
708 353 930 411 ὃγενναΐος
948 357 990 400 ἐν
1009 358 1224 413 πολέμοις,
1258 357 1339 403 ὖπὸ
1368 365 1443 416 τῆς
1469 359 1694 418 συγκλήτου

228 421 699 473 Κωνσταντινουπόλεως
721 421 1030 481 ἀναγορευθείς,
1067 425 1184 476 ἔτους
1208 425 1293 477 τκς’
1314 428 1420 471 κατὰ
1433 427 1691 484 Ἀντιόχειαν.

228 491 294 535 ὅτε
311 492 388 549 γὰρ
407 489 591 534 ἐτελεύτα
612 492 924 542 Βαλεντινιανός
941 491 962 536 ὁ
981 493 1108 537 αὐτοῦ
1127 493 1318 552 ἀδελφός,
1353 495 1428 539 οὐκ
1444 492 1494 552 ἦν
1512 497 1555 540 ἓν
1570 500 1694 541 Κων-

229 557 558 603 σταντινουπόλει
589 557 610 602 ὃ
640 558 805 615 Βάλης,
841 560 926 604 ἀλλ’
956 556 1007 616 ἦν
1028 562 1195 617 πέμψας
1217 563 1341 607 αὐτὸν
1363 562 1384 607 ὃ
1409 564 1587 621 ἀδελφὸς
1614 565 1725 612 ati-5

229 631 304 671 τοῦ
325 628 367 671 ἐν
386 631 437 685 τῇ
472 629 553 684 ζωῇ
586 627 714 671 αὐτοῦ
747 632 975 684 πολεμῆσαι
1004 631 1059 679 εἷς
1078 630 1126 674 τὸ
1146 632 1316 687 Σίρμιον
1337 632 1439 689 πρὸς
1464 633 1560 683 τοὺς
1584 636 1626 676 Γ
1621 631 1694 677 ότ-

231 699 351 745 θους.
422 694 612 746 οὕστινας
640 693 807 752 νικήσας
827 696 933 740 κατὰ
952 695 1100 752 κράτος
1128 696 1375 756 ὑπέστρεψε·
1413 702 1480 743 καὶ
1501 703 1694 758 στεφθεὶς

232 763 488 816 ἐβασίλευσεν
508 762 577 819 ἔτη
600 761 662 820 ιγ’.
718 759 769 819 ἦν
793 765 838 807 δὲ
860 769 919 823 τῷ
943 763 1114 821 δόγματι
1127 765 1411 824 Ἐ’ξακιονίτης,
1434 767 1692 825 πολεμιστής,

232 831 300 873 καὶ
316 828 607 886 μεγαλόψυχος
624 833 691 874 καὶ
710 833 981 889 φιλοκτίστης.

323 897 390 941 ’Ἠ
406 896 534 954 μόνον
556 900 600 942 δὲ
624 901 879 953 ἐβασίλευσεν
887 933 901 954 ,
934 900 1056 945 ἔδωκε
1075 907 1161 952 τοῖς
1183 900 1400 960 Ἀρειανοΐς
1419 902 1494 959 τὴν
1513 901 1692 960 μεγάλην
1703 915 1749 951 10

239 965 452 1022 ἐκκλησίαν
483 968 524 1010 ἔν
556 967 1009 1023 Κωνσταντινουπόλει,
1046 972 1114 1012 καὶ
1142 972 1198 1020 εἷς
1221 970 1296 1020 τὰς
1324 970 1452 1021 ἄλλας
1481 970 1616 1023 πόλεις
1643 972 1692 1017 τὸ

235 1033 336 1076 αὐτὸ
367 1033 606 1090 πεποιηκώς.
678 1038 744 1079 καὶ
764 1035 871 1080 πάνυ
889 1035 1066 1082 ἐκάκωσε
1090 1038 1188 1089 τοὺς
1201 1038 1460 1096 χριστιανοῦς
1479 1039 1521 1083 ἓν
1538 1044 1590 1098 τῇ
1609 1044 1693 1096 βα-

232 1101 360 1162 σιλεία
379 1101 520 1148 αῧτοῢ.

334 1169 382 1213 ‘0
407 1172 452 1213 δὲ
482 1170 607 1221 αὐτὸς
633 1169 774 1228 Βάλης
795 1173 862 1215 καὶ
882 1172 956 1228 τὴν
974 1173 1165 1230 δευτέραν
1184 1165 1484 1219 Καππαδοκίαν
1509 1175 1694 1233 ἐποίησεν

237 1236 446 1294 ἐπαρχίαν,
473 1238 722 1296 ἀπομερίσας
742 1240 868 1296 αὐτὴν
888 1241 968 1284 ἀπὸ
989 1246 1063 1297 τῆς
1079 1239 1258 1298 πρώτης.
1475 1275 1477 1278 -
1703 1254 1748 1292 15

332 1304 423 1349 Ἐπὶ
447 1306 492 1349 δὲ
516 1311 590 1362 τῆς
613 1309 822 1360 βασιλείας
849 1308 976 1352 αὐτοῦ
1003 1309 1158 1353 ἔπαθεν
1185 1308 1264 1353 ὕπὸ
1283 1312 1507 1368 θεομηνίας
1522 1312 1690 1367 Νίκαια,

328 1435 363 1470 3.
389 1433 494 1476 ἔτους
515 1433 591 1476 τκς’
613 1436 707 1472 κατὰ
729 1435 966 1483 Ἀντιόχειαν]
991 1438 1190 1480 „Numerus
1213 1440 1402 1475 mendosus:
1426 1441 1518 1476 forte
1541 1441 1694 1476 scriben-

331 1480 428 1523 dum,
461 1479 552 1521 ὐκς’.
598 1483 670 1517 Sed
701 1495 764 1518 nec
797 1484 844 1519 sic
880 1484 1041 1518 historiae
1070 1485 1212 1519 veritati
1244 1486 1411 1530 congruit.
1458 1488 1572 1521 Annus
1604 1488 1692 1522 enim

330 1526 444 1560 Aerae
475 1528 707 1563 Antiochenae
738 1540 907 1564 ccccxxv1
939 1531 1124 1575 respondet
1155 1542 1242 1565 anno
1270 1532 1421 1566 Valentis
1450 1532 1534 1578 Imp.
1563 1533 1692 1575 ultimo,

329 1571 401 1605 sive
423 1572 553 1608 Christi
584 1585 671 1608 anno
695 1575 899 1620 Dionysiaco
931 1575 1063 1620 vulgari
1087 1587 1306 1619 ccccxxvnx,
1341 1576 1401 1622 qui
1425 1589 1528 1612 annus
1551 1588 1594 1613 111
1618 1584 1694 1612 erat

331 1617 376 1650 ab
408 1617 503 1652 exitu
534 1619 764 1655 Valentiniani
794 1621 878 1667 Imp.
922 1621 1050 1666 Ineptit
1078 1627 1191 1656 autem
1221 1624 1371 1664 Auctor,
1404 1622 1481 1657 dum
1515 1624 1692 1658 Valentem

330 1666 408 1706 post
439 1664 582 1698 fratrem
623 1666 758 1701 tandem
798 1671 964 1701 mortuum
998 1667 1178 1713 Imperium
1217 1668 1454 1713 suscipientem
1486 1668 1691 1704 introducit:

330 1707 395 1741 nisi
417 1709 508 1743 forte
530 1709 767 1756 intelligendus
790 1712 835 1746 sit
857 1712 901 1746 de
923 1712 1068 1746 triennio
1090 1713 1169 1755 illo,
1196 1724 1280 1757 quo,
1305 1718 1382 1758 post
1403 1714 1544 1748 fratrem
1566 1715 1694 1749 Valen-

331 1752 492 1788 tinianum
525 1759 708 1799 mortuum,
741 1757 814 1802 ipse
839 1757 989 1792 Orientis
1011 1758 1185 1803 imperium
1208 1758 1297 1792 solus
1320 1758 1575 1796 administravit.
1620 1761 1692 1797 Ubi

331 1809 414 1832 vero
437 1800 548 1834 statim
573 1801 689 1843 addit,
721 1803 898 1836 Valentem
921 1814 987 1838 xm
1011 1804 1103 1838 annis
1125 1804 1325 1849 imperasse,
1365 1804 1408 1838 de
1430 1810 1504 1839 toto
1526 1805 1583 1839 illo
1606 1810 1693 1840 tem-

328 1853 434 1891 pore,
467 1856 534 1891 quo
564 1857 639 1881 cum
670 1849 779 1883 fratre
809 1848 1007 1893 imperavit,
1038 1849 1130 1894 loqui
1154 1861 1228 1883 eum
1253 1849 1438 1894 putandum
1460 1854 1522 1886 est.
1547 1851 1692 1888 'Verum

331 1887 519 1927 ἀσύστατα
540 1893 625 1928 haec
648 1893 776 1929 omnia=
800 1894 879 1928 vide
901 1895 1106 1931 Ammianum
1128 1895 1384 1938 Marcellinum,
1406 1895 1467 1931 lib.
1489 1898 1571 1934 26.“
1594 1897 1658 1932 ch.

576 2017 624 2082 v
724 2032 770 2080 A
869 2032 910 2080 L
1010 2032 1054 2081 E
1152 2031 1200 2080 N
1303 2032 1338 2080 s

727 2131 1200 2169 IMPERATOR.

326 2231 505 2276 Imperium
527 2231 652 2266 deinde
673 2233 819 2279 suscepit
841 2234 1060 2269 divinissimus
1081 2234 1218 2276 Valens,
1240 2234 1350 2269 frater
1372 2231 1601 2270 Valentiniani
1621 2232 1687 2268 Se-

236 2274 324 2317 veri,
343 2277 396 2312 vir
418 2278 453 2312 in
475 2277 562 2312 bello
585 2281 748 2320 strenuus,
772 2291 793 2312 a
816 2280 945 2314 Senatu
965 2280 1335 2325 Constantinopolitano
1358 2280 1543 2324 Imperator
1564 2290 1688 2313 renun-

237 2321 367 2364 ciatus3
407 2335 493 2358 anno
528 2324 637 2358 Aerae
658 2324 888 2359 Antiochenae
913 2336 1071 2360 cccxxvx.
1119 2326 1243 2360 Valens
1276 2325 1362 2359 enim
1397 2323 1687 2370 Constantinopoli

235 2367 376 2410 aberat,
400 2381 466 2413 quo
490 2371 644 2414 tempore
665 2369 920 2404 Valentinianus
943 2378 1091 2406 mortuus
1115 2375 1185 2405 est:
1223 2370 1281 2405 sed
1304 2369 1456 2411 simiis,
1487 2381 1553 2414 quo
1577 2370 1687 2404 frater

236 2412 316 2446 dum
339 2413 375 2447 in
397 2415 485 2448 vivis
509 2418 594 2448 esset
618 2426 691 2449 eum
713 2414 870 2456 miserat,
895 2428 967 2450 cum
991 2416 1117 2451 Gothis
1140 2416 1262 2450 bellum
1285 2415 1445 2460 gerebat:
1478 2416 1600 2459 quibus
1621 2426 1686 2460 pe·

234 2457 324 2491 nitus
348 2459 512 2500 devictis,
536 2471 689 2494 reversus
713 2465 784 2500 est3
816 2460 1085 2505 Diademateque
1107 2466 1280 2506 suscepto,
1302 2459 1461 2504 regnavit
1484 2472 1587 2496 annos
1609 2471 1686 2496 xm.

233 2501 323 2536 Erat
346 2504 400 2538 hic
424 2506 582 2549 dogmate
605 2504 821 2548 Exocionita,
844 2505 900 2540 vir
922 2506 958 2540 in
979 2507 1066 2542 bello
1089 2511 1255 2547 strenuus,
1281 2504 1508 2551 magnanimus
1532 2511 1568 2541 et
1590 2506 1687 2542 aedi-

232 2547 318 2583 ficiis
342 2551 534 2584 extruendis
556 2550 786 2585 deditissimus.

327 2595 578 2640 Quamprimum
602 2607 682 2630 vero
705 2596 870 2640 imperare
893 2595 1027 2640 coepit,
1062 2595 1246 2630 Ecclesiam
1268 2606 1422 2639 magnam
1445 2595 1684 2631 Constantino-

232 2638 415 2682 politanam
439 2641 572 2674 Arianis
596 2642 779 2682 concessit3
812 2641 901 2686 quod
924 2645 959 2675 et
984 2641 1056 2675 aliis
1081 2642 1179 2676 etiam
1202 2641 1238 2674 in
1260 2641 1399 2677 urbibus
1424 2642 1467 2676 ab
1491 2653 1531 2676 eo
1554 2643 1684 2678 factum

232 2688 302 2718 est:
327 2685 512 2721 Christiani
534 2698 617 2721 vero
642 2699 704 2732 per
726 2687 898 2732 imperium
922 2687 991 2730 ejus
1015 2686 1141 2732 ubique
1165 2685 1307 2731 pessime
1330 2687 1449 2721 habiti.

230 2773 249 2806 s
321 2730 414 2766 Idem
438 2732 578 2775 Valens,
601 2732 853 2780 Cappadociam
880 2731 1068 2767 Secundam
1090 2745 1112 2767 a
1133 2732 1248 2767 Prima
1270 2732 1447 2775 dirimens,
1473 2732 1683 2768 Provinciam

247 2775 325 2809 ecit.

321 2820 429 2866 Hujus
446 2822 507 2859 sub
528 2821 683 2871 imperIo,
706 2823 853 2861 divinam
875 2822 960 2860 iram
982 2826 1124 2871 experta
1147 2825 1198 2860 est
1213 2823 1359 2869 Nicaea,
1382 2824 1566 2872 BIthyniae
1582 2824 1682 2865 urbs;
