1838 3230
441 133 1072 179 CHRONOGRAPHIA.
1127 134 1178 178 L.
1209 134 1321 180 VIII.
1519 142 1614 189 199

143 260 219 300 τοῦ
248 258 558 313 Πολιορκητοῦ,
599 251 851 310 βουλόμενος
882 256 1015 297 κτίσαι
1049 251 1182 305 πόλεις
1211 253 1438 313 διαφόρους
1459 256 1611 314 ἤρξατο

139 327 286 378 κτίζειν
301 329 466 382 πρῶτον
486 327 542 374 εἲς
562 323 637 379 τὴν
655 322 842 380 πάραλον
861 328 934 379 τῆς
953 325 1120 380 Συρίας.
1176 326 1243 367 καὶ
1262 326 1476 369 κατελθὼν
1498 326 1613 383 παρὰ

141 394 218 449 τὴν
235 392 460 438 θάλασσαν
477 392 578 436 εἶδεν
597 394 640 435 ἓν
659 397 717 451 τῷ
737 391 820 450 ὄρει
838 392 1018 448 κειμένην
1038 390 1155 436 πόλιν
1166 391 1330 450 μικράν,
1347 393 1490 450 ἥντινα
1504 394 1611 438 ἴκτι-

142 480 189 507 σε
210 461 346 520 Σύρος
368 460 390 506 ὅ
410 462 500 512 υἱὸς
513 460 743 518 Ἀγήνορος.
812 465 864 519 τῇ
889 462 933 504 δὲ
953 459 1012 518 κγ’
1036 466 1110 505 τοῦ
1134 464 1332 513 ξανθικοῦ
1355 463 1485 519 μηνὸς
1505 460 1612 520 ἦλθε

105 529 343 578 &wedam
373 533 428 582 εἰς
454 531 503 574 τὸ
530 530 627 588 ὄρος
649 530 696 574 τὸ
717 527 878 574 Κάσιον
898 532 971 575 Διὶ
990 531 1161 590 Κασίῳ·
1198 532 1265 574 καὶ
1295 530 1519 589 πληρώσας
1538 533 1611 588 τὴν

137 601 295 644 θυσίαν
327 602 395 644 καὶ
423 597 561 654 κόψας
589 599 643 643 τὰ
672 599 770 657 κρέα
801 598 954 655 ηὔξατο
983 604 1063 642 ποῦ
1086 599 1168 656 χρὴ
1190 602 1324 644 κτίσαι
1343 600 1471 646 πόλιν.
1543 604 1610 645 καὶ
1632 610 1662 644 Β

138 670 333 726 ἐξαίφνης
359 667 542 726 ἣρπασεν
571 668 689 719 ἀετὸς
721 668 802 711 ἀπὸ
833 673 908 724 τῆς
934 669 1090 718 θυσίας
1117 670 1185 711 καὶ
1209 667 1432 727 κατήγαγεν
1451 671 1514 713 ε’πὶ
1537 672 1611 726 τὴν
1634 680 1667 715 Ο
1691 682 1759 716 254

137 738 318 781 παλαιὰν
336 735 476 780 πόλιν·
513 739 580 781 καὶ
599 738 837 788 κατεδίωξεν
858 737 988 781 ὀπίσω
1011 737 1208 788 Σέλευκος
1227 740 1294 781 καὶ
1312 739 1351 781 οἳ
1366 739 1452 794 μετ’
1479 739 1608 783 αὐτοῦ

137 804 403 864 ὄρνοσκόποι,
435 807 502 849 καὶ
529 801 628 864 ηὗρε
647 806 695 849 τὸ
719 806 839 863 κρέας
859 807 976 864 ριφέν
996 806 1111 863 παρὰ
1141 805 1364 850 θάλασσαν
1398 806 1510 851 κάτω
1534 813 1608 864 τῆς

81 885 128 922 10
137 879 316 926 παλαιᾶς
334 873 491 925 πόλεως
511 876 553 918 ἓν
574 880 632 934 τῷ
653 876 833 934 ἐμπορίῳ
853 880 928 931 τῆς
944 875 1160 931 λεγομένης
1176 877 1360 933 Πιερίας.
1409 879 1475 919 καὶ
1494 890 1607 935 περι-

129 942 318 1001 χαράξας
339 944 392 987 τὰ
409 945 520 1000 τείχη
539 944 695 994 εὐθέως
714 944 834 998 ἔβαλε
857 945 1087 998 θεμελίους,
1116 944 1292 994 καλέσας
1313 945 1440 1001 αὐτὴν
1459 945 1607 989 Σελεύ-

134 1030 247 1056 κειαν
268 1011 386 1056 πόλιν
407 1015 462 1063 εἰς
483 1013 587 1056 ἴδιον
613 1013 758 1068 ὄνομα.
829 1015 896 1055 καὶ
920 1013 1169 1069 εὐχαριστῶν
1188 1013 1368 1068 ἀνῆλθεν
1389 1017 1444 1064 εἷς
1462 1012 1607 1058 ’Ictino-

133 1086 198 1124 λιν
224 1084 291 1125 καὶ
317 1082 422 1137 μετὰ
450 1089 558 1138 τρεῖς
583 1080 738 1138 ἡμέρας
770 1082 995 1124 ἐπετέλεσεν
1027 1080 1172 1138 ἑορτὴν
1200 1083 1281 1125 ἐκεῖ
1303 1087 1360 1142 τῷ
1391 1086 1606 1142 Κεραυνίῳ

133 1152 204 1194 Διὶ
235 1152 278 1194 ἓν
306 1155 364 1210 τῷ
388 1151 481 1208 ἱερῷ
505 1155 564 1210 τῷ
587 1151 794 1194 κτισθέντι
819 1148 900 1193 ὑπὸ
928 1150 1123 1206 Περσέως
1157 1156 1231 1193 τοῦ
1257 1151 1350 1194 υἱοῦ
1382 1154 1516 1195 Πίκου
1538 1155 1606 1195 καὶ

79 1218 330 1275 15Δανάης,
363 1224 423 1278 τῷ
456 1218 543 1262 ὄντι
573 1222 630 1270 εἷς
658 1220 706 1262 τὸ
729 1220 899 1263 Σίλπιον
931 1218 1050 1275 ὅρος,
1080 1218 1185 1263 ἔνθα
1211 1227 1335 1263 κεῖται
1360 1219 1383 1276 ἦ
1405 1219 1603 1273 Ἰιῦπολις,

130 1286 307 1344 ποιήσας
323 1288 400 1344 τὴν
415 1289 571 1331 θυσίαν
599 1293 651 1346 τῇ
670 1286 813 1346 πρώτῃ
830 1292 904 1330 τοῦ
934 1287 1168 1344 ἀρτεμισίου
1186 1288 1328 1344 μηνός.
1401 1292 1466 1332 καὶ
1491 1292 1532 1333 ἐν
1554 1296 1606 1348 τῇ

131 1356 246 1400 πόλει
267 1357 406 1401 ἐλθὼν
427 1357 650 1417 Ἀντιγονίᾳ
669 1362 720 1414 τῇ
740 1357 952 1414 κτισθείσῃ
972 1355 1052 1400 ὖπὸ
1075 1357 1304 1414 Ἀντιγόνου
1325 1363 1399 1401 τοῦ
1417 1362 1601 1415 Πολιορ-
1626 1368 1657 1402 C

97 1459 106 1469 .
130 1431 258 1482 κητοῦ
268 1460 283 1480 ,
320 1425 402 1469 ἀπὸ
421 1425 500 1483 γὰρ
517 1431 590 1481 τῆς
607 1428 751 1481 λίμνης
769 1426 1028 1483 ἐξερχομὲνου
1047 1426 1175 1470 ἄλλου
1194 1433 1382 1481 ποταμοῦ
1398 1427 1606 1484 Ἀρχευθιῖ

131 1499 207 1538 τοῦ
238 1497 306 1539 καὶ
328 1493 507 1552 Ἰάφθα,
545 1493 757 1550 ε’μεσάζετο
790 1493 817 1550 ἦ
848 1493 965 1545 πόλις
989 1495 1213 1552 Ἀντιγονία
1240 1498 1306 1538 καὶ
1332 1497 1373 1539 ἓν
1401 1497 1606 1556 ἀσφαλείᾳ

72 1565 367 1617 Ξοὲκαθέζετο·
405 1566 472 1607 καὶ
492 1562 667 1620 ποιήσας
687 1565 770 1607 ἐκεῖ
783 1565 939 1606 θυσιάν
959 1568 1016 1623 τῷ
1035 1566 1106 1607 Διὶ
1127 1567 1182 1615 εἷς
1202 1565 1299 1614 τοὺς
1320 1566 1490 1619 βωμούς
1509 1566 1606 1614 τοὺς

129 1632 211 1676 ἀπὸ
234 1630 466 1689 Ἀντιγόνου
499 1633 742 1682 κτισθέντας
771 1627 895 1686 ’ἔκοψε
923 1632 976 1674 τὰ
1005 1633 1125 1689 κρέα·
1162 1636 1229 1676 καὶ
1259 1633 1411 1688 ηὔξατο
1435 1634 1522 1687 ἅμα
1545 1639 1603 1692 τῷ

129 1701 230 1759 ἶερεΐ
243 1701 431 1759 Ἀμφίονι
451 1706 604 1756 μαθεῖν
627 1701 695 1744 διὰ
717 1701 931 1755 διδομένου
953 1703 1147 1756 σημείου,
1187 1704 1222 1745 εἷ
1245 1702 1320 1757 τὴν
1342 1702 1470 1757 αὐτὴν
1490 1702 1607 1760 ὀφεί-ι

130 1774 188 1814 λει
218 1773 382 1826 οἰκῆσαι
408 1768 527 1812 πόλιν
551 1770 799 1826 Ἀντιγονίαν
833 1768 1120 1824 μετονομάζων
1156 1769 1284 1826 αὐτὴν
1306 1769 1331 1826 ἢ
1357 1770 1430 1813 οὐκ
1455 1771 1605 1828 ὀφείλει

220 1869 254 1903 9.
281 1864 524 1913 σ’ρνοσκόποι]
547 1867 642 1903 Fort.
660 1864 910 1912 ὄρνεοσκόποι.
956 1865 1062 1901 Redit
1105 1893 1113 1901 .
1130 1878 1201 1913 seq.
1220 1879 1256 1902 v.
1274 1870 1308 1904 6.
1379 1870 1434 1903 10.
1458 1868 1533 1915 τῷ]
1558 1867 1601 1904 τὸ

222 1914 292 1949 Ox.
342 1913 396 1951 14.
424 1911 553 1960 Πήκου
574 1915 643 1948 Ox.
691 1915 744 1949 18.
766 1908 960 1958 Ἆρχευθᾶ]
974 1911 1171 1958 Ἀρκευθου
1189 1918 1253 1949 est.
1299 1915 1357 1950 22.
1383 1915 1431 1959 εἱ]
1449 1915 1511 1950 καὶ
1530 1915 1599 1952 Ox.

127 1993 229 2029 urbes
261 1993 439 2028 nonnullas
463 1993 612 2029 condere
641 1993 678 2027 in
711 1993 820 2027 animo
844 1994 994 2036 habens,
1033 1992 1167 2027 initium
1191 1993 1360 2028 condendi
1392 1994 1533 2040 sumpsit
1555 1995 1600 2029 ab

128 2039 199 2075 oris
220 2039 347 2085 Syriae
369 2039 555 2075 maritimis.
599 2039 723 2083 Itaque
746 2051 808 2085 per
830 2051 923 2074 mare
946 2040 1164 2081 descendens,
1186 2041 1303 2075 urbem
1326 2040 1503 2085 conspexit
1527 2040 1601 2075 exi-

126 2097 250 2132 guam,
273 2085 310 2121 in
332 2091 446 2121 monte
470 2087 590 2128 sitam,
616 2097 638 2120 a
660 2086 773 2131 Syro,
796 2085 960 2131 Agenoris
983 2086 1024 2120 F.
1049 2085 1128 2120 olim
1154 2086 1335 2121 conditam.
1384 2086 1510 2132 Aprilis
1532 2087 1600 2120 ita-

126 2143 196 2179 que
217 2143 306 2166 xxm
328 2131 404 2174 die,
441 2131 580 2167 Casium
614 2138 761 2166 montem
793 2131 1008 2175 conscendit,
1041 2131 1123 2167 Jovi
1147 2131 1248 2166 Casio
1283 2133 1393 2167 Sacra
1423 2133 1597 2167 facturus:

127 2178 250 2224 quibus
272 2179 339 2213 rite
361 2179 511 2224 peractis
534 2183 570 2213 et
589 2178 748 2212 carnibus
766 2178 800 2212 in
822 2178 971 2213 frustula
992 2177 1145 2220 concisis,
1169 2177 1329 2232 precibus
1346 2178 1496 2223 rogavit,
1520 2178 1598 2212 ubi-

126 2235 205 2259 nam
227 2224 296 2259 loci
318 2224 493 2259 condenda
517 2228 606 2259 esset
630 2225 721 2260 urbs.
767 2223 965 2270 Derepente
987 2235 1070 2258 vero
1093 2226 1239 2269 Aquila,
1264 2237 1305 2259 ex
1329 2224 1496 2259 sacrificio
1520 2235 1599 2258 car-

126 2270 178 2305 nis
202 2271 341 2306 offulam
363 2270 569 2316 surripiens,
593 2269 719 2305 detulit
743 2282 817 2304 eam
840 2270 1090 2317 Palaeopolim:
1125 2281 1225 2315 quum
1250 2270 1393 2305 insecuti
1416 2270 1595 2311 Seleucus,

125 2316 254 2362 quique
280 2328 354 2351 cum
379 2329 419 2351 eo
443 2322 552 2359 erant,
578 2316 750 2362 Auspices,
774 2317 962 2362 projectam
986 2317 1188 2351 invenerunt
1212 2317 1371 2358 offulam,
1397 2316 1439 2350 ad
1464 2316 1595 2361 Empo-

125 2362 228 2404 rium,
259 2362 398 2398 Pieriae
418 2367 576 2404 vocatae,
601 2374 711 2408 prope
733 2374 839 2405 mare,
861 2362 953 2397 infra
978 2362 1221 2408 Palaeopolim.
1266 2363 1453 2406 Designato
1475 2362 1595 2406 itaque

127 2418 236 2451 muro,
258 2408 353 2443 urbis
375 2409 490 2443 statim
510 2408 596 2453 jecit
619 2408 858 2450 fundamenta3
881 2420 982 2454 quam
1006 2420 1049 2442 ex
1071 2407 1204 2443 nomine
1225 2420 1297 2450 suo,
1321 2407 1509 2441 Seleuciam
1532 2419 1594 2442 vo-

127 2453 230 2488 cavit.
277 2454 362 2489 Inde
384 2455 458 2489 Deo
481 2454 602 2500 gratiis
626 2454 731 2497 actis,
759 2454 1123 2501 Jopolim‘contendit‚
1146 2455 1263 2489 urbem
1286 2454 1320 2488 in
1343 2458 1458 2488 monte
1481 2453 1592 2498 Silpio

127 2498 244 2534 sitam
276 2501 338 2535 ubi
360 2501 491 2535 Fanum
516 2505 611 2543 erat,
643 2512 664 2535 a
688 2500 835 2543 Perseo,
859 2500 935 2536 Pici
958 2513 1000 2535 ex
1022 2501 1144 2535 Danae
1166 2501 1238 2535 filio
1264 2503 1465 2534 extructum.
1509 2499 1591 2541 Hic,

125 2548 206 2591 post
224 2549 297 2581 tres
320 2546 403 2590 dies,
428 2548 551 2581 festum
572 2546 653 2581 Jovi
677 2546 848 2582 ceraunio
875 2547 1081 2588 celebravit3
1104 2545 1304 2580 sacrificium
1327 2545 1467 2585 faciem,
1491 2544 1592 2579 Men-

127 2590 173 2625 sis
196 2589 282 2625 Maii
304 2602 329 2629 1.
375 2593 592 2638 Antigoniam
616 2592 741 2627 deinde
764 2593 958 2639 profectus,
996 2593 1113 2626 urbem
1137 2593 1180 2626 ab
1203 2591 1376 2636 Antigono
1398 2591 1592 2626 Polior-cete

128 2635 311 2680 conditam,
343 2638 459 2684 (quae
483 2640 573 2673 inter
596 2639 773 2684 paludem,
807 2640 1080 2683 Arceuthamque
1103 2637 1242 2671 fluvium
1275 2636 1359 2681 (qui
1381 2640 1417 2671 et
1439 2637 1593 2683 Japhtha

126 2682 288 2726 dictus‚)
323 2695 366 2717 ex
388 2696 430 2718 ea
452 2690 680 2726 emanantem,
710 2685 821 2720 media
843 2684 1068 2730 interjacens,
1103 2683 1167 2719 situ
1192 2683 1366 2727 gaudebat
1397 2683 1588 2727 tutissimo)

126 2740 224 2764 sacra
245 2727 317 2762 illic
345 2729 426 2764 Jovi
445 2730 551 2772 fecit,
583 2742 685 2777 super
717 2731 902 2773 altaribus,
935 2742 1023 2776 quae
1047 2734 1206 2762 erexerat
1228 2728 1277 2762 ibi
1299 2727 1509 2774 Antigonus:
1552 2734 1589 2763 et

128 2773 248 2809 excisis
271 2773 402 2816 offulis,
438 2786 505 2810 una
529 2788 603 2811 cum
625 2777 804 2811 sacerdote
827 2777 1033 2822 Amphione,
1058 2774 1195 2807 Numen
1220 2773 1397 2816 exoravit,
1420 2774 1470 2809 uti
1492 2774 1587 2819 signo

128 2820 240 2866 aliquo
265 2820 347 2855 dato
371 2819 556 2864 edisceret,
580 2828 690 2857 utrum
715 2823 764 2858 ibi
786 2824 821 2858 in
845 2821 1047 2867 Antigonia,
1070 2825 1199 2855 mutato
1223 2819 1289 2855 loci
1311 2820 1454 2864 nomine,
1476 2822 1587 2855 sedem
