1838 3230
214 203 311 250 122
368 180 371 183 ’
616 190 908 239 IOANNIS
939 191 1280 236 MALALAE

68 325 102 359 Ο
128 323 194 360 155
217 314 423 370 σώζοντας
444 312 569 359 αὐτόν
591 330 727 366 τινας,
765 311 986 367 ἐξέπεμψεν
1006 310 1130 355 αὐτὸν
1153 308 1406 367 εἶςἸθάκην.
1478 309 1598 354 ἅτινα
1617 310 1686 354 καὶ

215 386 236 431 ὅ
257 385 386 444 σοφᾷς
402 385 556 433 Δίκτυς
573 382 687 439 παρὰ
710 384 783 425 τοῦ
799 379 1031 431 Ὀδυσσέως
1053 380 1239 437 ἀκηκοώς
1256 376 1559 437 συνεγράψατο.

312 441 490 509 Ὁμοίως
507 452 552 494 δὲ
568 453 634 494 καὶ
665 448 686 492 ὁ
707 447 924 506 Διομήδης
952 448 1094 503 λαβὼν
1122 449 1169 492 τὸ
1187 447 1430 492 Παλλάδιον
1452 445 1685 506 ἐξώρμησεν

216 523 297 567 ἀπὸ
321 526 393 577 τῆς
416 520 571 577 Τροίας
591 521 646 569 εἷς
667 518 741 573 τὴν
763 519 871 561 ῗδίαν
897 518 1089 574 πατρίδα.

312 589 361 633 ‘O
382 590 426 632 δὲ
442 587 701 644 Ἀγαμέμνων
732 585 834 642 ἔχων
863 586 937 642 τὴν
964 583 1270 643 Κασσάνδραν,
1307 583 1358 640 ἣν
1392 582 1556 639 ἐπόθει,
1592 583 1720 632 ἔπε’-5

218 676 316 717 ρασε
346 658 394 701 τὸ
425 661 501 712 τῆς
520 653 662 699 Ῥόδου
693 655 890 712 πέλαγος,
927 652 1177 710 βουλόμενος
1206 655 1271 696 ἐπὶ
1290 655 1546 711 Μυκηναίων
1567 650 1687 697 πόλιν

218 727 408 786 ὁρμῆσαι.

319 792 486 839 Λοιπὸν
509 791 530 836 ὃ
552 788 722 850 Πῦῤῥος
744 790 934 849 ἑωρακὼς
951 788 1109 842 πάντας
1128 787 1464 841 ἀποπλεύσαντας
1476 824 1490 844 ,
1525 785 1688 847 τεφρώ-

218 881 295 915 σας
324 863 396 907 τόν
430 858 693 916 Τελαμώνιον
719 861 885 904 Αἴαντα
923 861 991 902 καὶ
1017 859 1158 913 λαβὼν
1188 860 1230 902 ἓν
1258 858 1381 920 ὑδρία
1415 858 1553 914 ἔθαψε
1582 856 1688 914 μετὰ

167 938 197 972 Β
219 937 339 989 τιμῆς
367 928 546 986 μεγάλης
579 930 750 984 πλησίον
784 932 858 972 τοῦ
884 926 1044 984 τύμβου
1064 931 1139 971 τοῦ
1156 926 1388 982 Ἀχιλλέως,
1425 932 1499 971 τοῦ
1522 927 1686 978 ἔξαδέλ-
1699 939 1744 974 10

217 1019 301 1059 φου
323 999 450 1042 αὐτοῦ
461 1031 473 1051 ,
511 997 667 1052 πατρὸς
687 998 731 1040 δὲ
751 1001 825 1040 τοῦ
845 994 1019 1055 Πύρῥου
1031 1030 1044 1051 ,
1082 998 1139 1046 εἷς
1156 994 1281 1040 τόπον
1300 994 1512 1052 λεγόμενον
1532 998 1685 1057 Σίγριν.

316 1067 366 1112 Ὁ
390 1068 433 1110 δὲ
453 1070 649 1123 Τεῦκρος,
672 1065 693 1109 ὃ
717 1065 892 1123 ἀδελφὸς
911 1069 986 1109 τοῦ
1001 1065 1186 1115 Αἴαντος
1207 1069 1282 1108 τοῦ
1306 1067 1586 1120 Τελαμωνίου,
1614 1085 1689 1111 κα-

221 1137 429 1195 τέφθασεν
454 1134 631 1188 εὐθέως,
669 1134 805 1178 ἐλθὼν
827 1133 909 1177 ἀπὸ
935 1138 1010 1189 τῆς
1029 1137 1264 1188 Σαλαμῖνος
1274 1166 1288 1186 ,
1325 1131 1480 1185 πόλεως
1502 1139 1577 1191 τῆς
1595 1134 1689 1179 Κύ-

221 1223 329 1262 πρου
340 1237 354 1258 ,
382 1203 487 1260 πρὸς
506 1201 707 1259 βοήθειαν
727 1206 801 1246 τοῦ
823 1201 1004 1259 ἀδελφοῦ
1027 1202 1154 1245 αὐτοῦ
1167 1235 1179 1253 ,
1217 1203 1283 1245 καὶ
1305 1196 1393 1258 εὗρε
1410 1203 1483 1246 τὸν
1501 1202 1685 1263 Πύῤῥον.

222 1276 288 1317 καὶ
312 1271 568 1328 μεμαθηκὼς
593 1271 694 1329 παρ’
730 1271 858 1314 αὐτοῦ
891 1270 943 1313 τὰ
972 1269 1212 1325 συμβάντα,
1251 1269 1432 1322 ἀκούσας
1460 1272 1505 1315 δὲ
1525 1275 1592 1315 καὶ
1611 1273 1688 1329 τὴν
1700 1281 1745 1318 15

220 1341 440 1399 γεναμένην
458 1340 578 1395 τιμὴν
596 1345 678 1383 τῶν
695 1337 900 1394 λειψάνων
916 1343 989 1381 τοῦ
1005 1339 1204 1392 Αἴαντος,
1236 1340 1410 1383 ἐπαινῶν
1431 1342 1499 1383 καὶ
1521 1340 1690 1397 ἐπευχό-

221 1426 342 1465 μενος
361 1412 420 1468 τῷ
439 1406 597 1467 Πῦῥρῳ
626 1407 703 1466 ἔφη
714 1441 728 1462 ,
771 1408 901 1451 Οὐδέν
931 1407 1043 1458 ξένον
1062 1408 1303 1462 πεποίηκας·
1340 1408 1490 1464 ἐκείνης
1516 1409 1594 1468 γὰρ
1616 1415 1691 1466 τῆς

219 1477 429 1533 Ἀχιλλέως
447 1477 565 1527 θείας
583 1476 730 1534 φρενὸς
750 1473 942 1532 ὗπάρχεις
960 1473 1061 1526 υἱός.
1120 1477 1296 1530 λείψανα
1313 1475 1391 1532 γὰρ
1412 1481 1493 1520 τῶν
1516 1477 1689 1533 ἀγαθῶν

222 1547 385 1603 ἀνδρῶν
413 1544 646 1602 ἀφαιρεῖται
675 1543 696 1588 ὃ
724 1542 895 1603 χρόνος,
932 1542 959 1599 ἡ
985 1545 1030 1587 δὲ
1057 1543 1178 1601 ἀρετὴ
1214 1545 1281 1586 καὶ
1309 1548 1500 1588 θανοῦσα
1526 1544 1687 1600 λάμπει.

75 1644 110 1678 0
134 1597 202 1680 152-
224 1617 291 1658 καὶ
308 1616 541 1671 παρακαλεῖ
556 1611 758 1671 ὄΠύῤῥος
774 1613 846 1656 τὸν
877 1617 1059 1670 Τεῦκρον
1079 1611 1167 1667 ἅμα
1182 1611 1294 1671 αὐτῷ
1312 1617 1558 1668 μεταλαβεῖν
1574 1619 1746 1672 figam-20

224 1688 300 1727 τοῦ
324 1684 391 1726 καὶ
408 1685 550 1726 ποτοῦ.
622 1684 690 1725 καὶ
710 1682 752 1726 ἓν
778 1686 837 1741 τῷ
862 1682 1099 1740 συμποσίῳ,
1139 1678 1194 1731 ὥς
1219 1680 1319 1724 ὄντα
1337 1681 1380 1723 ἐκ
1407 1686 1481 1724 τοῦ
1499 1683 1605 1726 ἰδίου
1623 1683 1689 1740 γέ-

314 1770 350 1805 9.
371 1764 487 1813 ὑδρίᾳ
511 1767 587 1811 Ch„
609 1765 743 1812 ὑδρίαν
767 1767 833 1802 Ox.
927 1769 981 1806 17.
1007 1766 1145 1812 ἐκείνης
1160 1787 1205 1793 -
1224 1764 1386 1813 φρενός]
1409 1767 1599 1814 Euripides
1615 1769 1689 1805 He-

314 1814 433 1849 raclid.
456 1826 489 1849 v.
512 1814 592 1850 541.
617 1812 699 1850 ἄλλ’
733 1811 772 1857 ἐξ
796 1812 938 1850 ἐκείνου
967 1813 1110 1858 σπέρμα
1141 1813 1208 1858 τῆς
1228 1815 1338 1855 θείας
1359 1813 1499 1858 φρενός
1520 1813 1691 1860 πέφυκας

313 1857 527 1905 Ἡρακλῆος.
620 1862 674 1897 18.
698 1861 880 1906 λείψανα]
914 1861 1099 1907 Euripides
1122 1860 1281 1895 Androm.
1303 1872 1338 1896 v.
1363 1861 1441 1896 772.
1465 1861 1691 1906 κηρυσσομέ-

317 1917 416 1941 νοισι
441 1901 479 1941 δ’
503 1902 573 1941 ἀπ’
596 1903 741 1942 ἐσθλῶν
764 1905 945 1951 δωμάτων
967 1905 1077 1951 τιμὰν
1100 1906 1163 1942 καὶ
1184 1905 1287 1947 κλέος
1308 1904 1418 1942 οὗτοι
1438 1908 1598 1951 λείψανα
1614 1909 1689 1943 τῶν

319 1948 475 1996 ἀγαθῶν
502 1950 649 1995 ἀνδρῶν
668 1950 884 1997 ἀφαιρεῖται
905 1951 1053 1998 χρόνος,
1079 1949 1103 1987 οἳ
1126 1950 1164 1987 δ’
1193 1950 1304 1997 ἀρετὰ
1326 1952 1389 1988 καὶ
1410 1954 1575 1989 θανοῦσι
1596 1951 1690 1997 λάμ-

316 2009 387 2033 πει.
434 1997 533 2039 Quae
556 1998 722 2040 Mahalas,
746 1999 803 2033 cui
825 2000 1002 2042 λείψανον
1026 2003 1080 2035 est
1103 1999 1274 2042 cadaver,
1306 1999 1495 2044 depravat,
1518 1999 1598 2034 dum
1622 1999 1689 2034 sibi

317 2043 561 2080 accommodat.
649 2046 708 2080 21.
731 2044 850 2081 πότου
875 2046 943 2080 Ox.

226 2124 293 2158 que
316 2114 352 2146 et
378 2111 522 2146 navibus
543 2110 675 2146 duabus
700 2114 735 2146 et
758 2113 966 2148 satellitibus
988 2113 1189 2159 quibusdam
1211 2111 1432 2154 instructum,
1453 2112 1605 2147 Ithacam
1627 2113 1690 2148 de-

228 2157 338 2193 misit=
361 2157 413 2192 uti
436 2158 521 2191 haec
544 2157 680 2202 sapiens
692 2157 826 2203 Dictys,
852 2159 895 2193 ab
908 2159 1024 2194 Ulisse
1047 2160 1121 2205 ipso
1138 2159 1291 2200 edoctus,
1313 2158 1494 2192 memoriae
1505 2159 1689 2193 mandavit.

319 2203 550 2238 Consimiliter
574 2202 675 2237 etiam
700 2203 899 2246 Diomedes,
932 2210 1074 2251 accepto
1099 2215 1212 2240 secum
1234 2203 1412 2246 Palladio,
1444 2204 1587 2249 Trojam
1609 2204 1690 2239 reli-

227 2248 326 2294 quit,
349 2249 386 2284 in
409 2248 553 2295 patriam
576 2259 671 2283 suam
693 2260 905 2285 reversurus.

319 2296 548 2340 Agamemnon
569 2305 652 2329 vero
676 2294 890 2337 Cassandra,
925 2305 1024 2339 quam
1054 2295 1208 2339 amabat,
1240 2294 1392 2342 potitus,
1423 2296 1571 2340 trajecto
1594 2295 1689 2330 Rho-

227 2339 359 2376 diorum
382 2341 527 2386 pelago,
549 2340 715 2385 Mycenas
738 2351 818 2375 suas
840 2340 1013 2386 repetivit.

320 2387 476 2431 Pyrrhus
493 2390 614 2428 autem,
633 2385 691 2420 ubi
708 2392 862 2421 caeteros
883 2397 996 2420 omnes
1014 2385 1213 2420 discessisse
1231 2386 1487 2427 animadvertit3
1512 2385 1589 2431 ipse
1605 2386 1689 2430 Aia-

229 2431 278 2466 cis
291 2432 484 2468 Telamonii
502 2431 633 2466 cineres
650 2431 686 2465 in
706 2442 823 2466 urnam
842 2432 1021 2476 repositos,
1041 2432 1084 2465 ad
1102 2432 1220 2476 Sigrin
1236 2443 1335 2477 quam
1352 2435 1487 2473 vocant,
1508 2443 1615 2476 prope
1632 2438 1688 2465 tu-

228 2478 350 2511 mulum
364 2477 515 2519 Achillis,
537 2478 663 2522 Pyrrhi
683 2478 803 2522 patris,
816 2477 933 2522 Ajacis
954 2481 1064 2510 autem
1085 2478 1260 2522 patruelis,
1286 2477 1470 2511 honorifice
1480 2477 1689 2512 recondidit.

321 2524 479 2558 Teucrus
505 2528 628 2566 autem,
651 2523 766 2567 Ajacis
789 2522 980 2558 Telamonii
1003 2522 1122 2564 frater,
1146 2523 1204 2567 qui
1233 2524 1309 2566 ejus
1331 2523 1365 2556 in
1389 2521 1547 2556 auxilium
1565 2535 1608 2556 ex
1621 2523 1688 2557 Sa-

231 2569 370 2611 lamine,
405 2569 515 2615 Cypri
539 2570 624 2603 urbe
647 2571 855 2610 advenerat3
886 2568 920 2602 in
945 2568 1109 2612 Pyrrhum
1141 2568 1314 2609 incidens,
1347 2567 1557 2612 edoctusque
1580 2569 1623 2602 ab
1646 2580 1688 2603 eo

230 2613 273 2647 de
305 2614 354 2648 eis
387 2627 475 2659 quae
509 2615 727 2656 acciderant3
761 2615 889 2649 certior
920 2613 1019 2647 etiam
1054 2615 1183 2654 factus,
1220 2618 1346 2658 quanto
1377 2613 1436 2646 ille
1460 2625 1534 2648 cum
1558 2614 1689 2648 honore

230 2659 346 2703 Ajacis
370 2660 532 2705 reliquias
555 2665 668 2695 terrae
687 2661 917 2701 mandaverat,
938 2658 1091 2693 laudavit
1104 2659 1292 2703 Pyrrhum3
1317 2662 1352 2693 et
1375 2659 1504 2692 Fausta
1528 2659 1558 2693 ei
1579 2658 1688 2694 omnia

230 2710 408 2748 precatus,
431 2731 454 2747 „
464 2706 578 2747 Nihil,
603 2705 736 2751 inquit,
762 2718 831 2740 non
852 2709 888 2739 te
912 2704 1050 2749 dignum
1073 2703 1208 2745 fecisti3
1233 2704 1292 2748 qui
1310 2704 1446 2738 divinae
1467 2705 1559 2739 illius
1573 2705 1688 2739 Achil-

231 2749 272 2782 lis
292 2749 420 2783 Mentis
443 2752 567 2785 haeres
585 2763 634 2786 es.
658 2753 790 2798 Nempe
805 2753 956 2787 Heroum
971 2749 1148 2795 Reliquias
1173 2761 1293 2784 aevum
1315 2750 1479 2785 absumit:
1504 2755 1559 2786 ast
1573 2751 1687 2805 splen-

233 2795 292 2828 det
316 2799 394 2840 post
418 2797 541 2831 funera
563 2797 715 2831 Virtus.“
761 2797 849 2832 Tum
875 2808 957 2831 vero
988 2797 1141 2841 Pyrrhus
1164 2795 1336 2829 Teucrum
1357 2796 1512 2841 rogavit,
1546 2801 1600 2830 uti
1631 2806 1686 2830 se-

236 2851 310 2874 cum
335 2847 504 2876 coenaret.
559 2842 652 2877 Inter
677 2844 883 2879 coenandum
905 2853 986 2878 vero
1010 2852 1084 2877 eum
1107 2840 1243 2886 rogavit
1264 2841 1434 2887 Pyrrhus,
1476 2841 1559 2887 (cui
1580 2852 1686 2888 gene-
