1838 3230
282 157 382 206 504
771 151 1241 198 ANNOTATIONES.

503 265 558 311 Τό
582 264 774 324 πρὸτερον
801 283 894 316 τους
919 262 1172 336 θνησκοντας
1193 266 1250 315 εἰς
1265 268 1372 336 γῆν
1382 281 1456 319 την
1473 262 1684 329 ἀλλοτρίαν

491 327 630 378 Αποδη
633 328 799 378 μοῦντες
829 324 871 366 οἱ
883 319 1016 364 αυτῶν
1029 320 1232 377 τρισσάκις
1251 318 1484 364 ἀνεκάλουν.

492 383 556 430 Ως
581 385 739 435 Ομηρος
766 380 918 429 ἐδίδαξε
934 380 1057 436 βίβλῳ
1076 383 1147 432 τῆς
1174 379 1401 427 Οδυσσείας.

397 450 492 501 Pag.
521 451 588 490 30.
617 450 654 490 8.
682 442 796 516 ἦσαν
815 463 891 501 γαρ
912 442 1045 488 αὐτῶν
1069 446 1291 501 συγγενεῖς]
1326 445 1486 498 Corrige
1505 445 1596 485 Chr.
1614 443 1724 486 Alex.

285 503 381 557 legit
397 505 500 544 enim
521 498 626 556 ἦσαν
646 501 722 558 γοέρ
743 519 851 560 αυτω
875 508 1081 557 συγγενεῖς
1110 503 1307 543 mendose.
1371 530 1377 533 -

400 574 494 624 Pag.
523 573 591 614 30.
625 573 690 612 13.
717 570 786 611 καὶ
807 570 916 624 ἔσχεν
935 567 1050 618 υἴοΰς
1066 569 1108 611 ἐκ
1125 573 1197 622 τῆς
1205 573 1352 622 Τυρῶ,
1379 585 1450 611 τον
1471 566 1640 623 Κάδμον
1659 566 1728 610 καὶ

286 624 355 669 τόν
376 628 568 675 Φοίνικα]
600 626 691 665 Chr.
719 627 831 667 Alex.
861 627 977 678 legit,
1005 625 1070 666 καὶ
1101 626 1208 678 ἔσχεν
1235 624 1324 666 υἷόν
1342 626 1385 666 ἐκ
1405 628 1477 678 τῆς
1498 628 1631 679 Τυρῶ,
1658 621 1730 666 τον

288 679 458 734 Καδμον
472 680 543 723 τὸν
564 684 733 723 Φοίνικα
753 689 828 724 etc.
857 697 904 721 ac
931 684 963 721 si
991 682 1158 720 Cadmus
1184 695 1229 719 ac
1260 681 1438 720 Phoenix
1453 681 1559 721 idem
1580 686 1729 720 essent·

288 744 407 790 atque
424 737 533 777 hunc
552 751 707 777 sensum
729 745 887 778 secutus
907 746 964 777 est
982 738 1179 790 Interpres
1195 737 1294 776 haec
1315 737 1524 787 vertendo,
1553 752 1607 776 ex
1628 737 1731 790 Tyro

287 796 452 848 suscepit
473 792 660 833 Cadmum
681 793 792 834 illum
807 795 1054 835 Phoenicem:
1073 807 1187 845 quem
1204 794 1318 832 etiam
1339 807 1508 832 errorem
1527 792 1731 846 prosequi-

287 855 357 888 tur
380 851 421 888 in
442 851 708 901 sequentibus,
729 851 798 889 ubi
814 852 1010 902 Europam
1024 850 1158 888 Cadmi
1177 848 1382 888 Phoenicis
1399 850 1522 888 filiam
1539 862 1623 888 esse
1633 848 1731 897 vult,

291 913 428 949 contra
457 907 528 947 Gr.
555 907 712 946 codicis
734 907 867 947 fidem.
926 908 1132 945 Caeterum
1161 906 1392 945 mendosum
1419 911 1619 957 utcunque
1648 917 1732 942 esse

288 960 398 1000 hunc
413 963 565 1013 locum,
594 969 679 1002 tum
699 977 749 1003 ex
772 964 935 1014 Nostro,
967 968 1055 1002 tum
1077 975 1128 1001 ex
1145 961 1236 1001 Chr.
1256 962 1370 1002 Alex.
1391 961 1532 1016 pagina
1550 965 1735 1014 sequente

290 1019 384 1058 satis
399 1025 520 1071 patet.

407 1078 501 1127 Pag.
530 1078 596 1117 30
629 1077 694 1117 18.
723 1072 776 1127 μὴ
796 1071 1128 1127 ὁμοφωνήσαντες
1141 1076 1223 1120 τοῖς
1239 1068 1564 1139 χρονογρᾶφοις.]
1593 1070 1736 1110 iterum

292 1130 569 1182 corrigendum
606 1130 699 1170 Chr.
730 1131 840 1170 Alex.
869 1131 939 1169 ubi
964 1130 1106 1179 habes,
1152 1129 1221 1169 καὶ
1259 1126 1589 1182 ὅμοφωνήσαντες
1617 1142 1652 1167 τ.
1677 1142 1736 1181 χρ.

291 1200 408 1225 sensu
427 1188 543 1238 plane
568 1187 690 1225 nullo.
745 1187 906 1226 Interim
935 1200 1014 1225 non
1044 1186 1137 1224 satis
1166 1185 1309 1234 video,
1341 1198 1440 1236 quos
1466 1183 1621 1222 tandem
1642 1183 1737 1222 Poe-

292 1249 353 1280 tas
372 1243 497 1281 Autor
516 1242 584 1280 hic
611 1241 726 1280 nobis
754 1243 895 1282 innuit.
963 1241 1222 1293 Palaephatus
1251 1241 1422 1292 quidem,
1441 1239 1531 1292 περὶ
1549 1235 1739 1290 ἆπίστων,

293 1298 495 1350 Europam
512 1298 719 1337 Phoenicis
738 1299 782 1337 F.
813 1299 929 1346 facit3
958 1299 1094 1347 Poeta,
1126 1297 1233 1348 quod
1254 1298 1396 1347 sciam,
1427 1296 1572 1337 nullus.

278 1403 280 1405 .
404 1366 507 1417 Pag.
538 1367 604 1407 30.
634 1368 703 1407 21.
739 1364 806 1405 καὶ
833 1361 1096 1418 πραιδεύσας]
1135 1364 1229 1402 Chr.
1257 1363 1368 1405 Alex.
1399 1364 1517 1414 legit,
1556 1361 1626 1404 καὶ
1650 1377 1740 1403 παι-

297 1417 456 1468 δεύσας·
489 1427 688 1472 corrupte.

411 1490 504 1538 Peg
533 1489 600 1529 30.
628 1489 694 1529 23.
749 1484 814 1527 ἐπὶ
848 1482 892 1526 τὸ
928 1486 1106 1539 λίμιτον]
1147 1485 1390 1526 Vocabulum
1421 1484 1500 1523 hoc
1527 1484 1741 1524 barbarum

299 1542 406 1593 apud
436 1543 607 1581 Graecos
645 1544 883 1580 recentiores
922 1543 1149 1593 frequenter
1186 1544 1381 1590 occurrit,
1419 1555 1494 1593 pro
1520 1541 1740 1590 Limitibus,

298 1612 370 1637 seu
391 1598 553 1637 Finibus
572 1604 828 1650 usurpatum.
856 1598 962 1635 unde
992 1598 1206 1650 λιμιτανεοὶ
1234 1611 1481 1651 στρατιωται,
1512 1598 1654 1636 Milites
1682 1597 1743 1634 Li-

298 1655 469 1704 mitanei,
490 1655 540 1692 ad
557 1654 716 1707 Imperii
734 1654 827 1691 fines
846 1653 1033 1694 tutandos
1053 1654 1253 1693 collocati:
1276 1655 1317 1691 in
1331 1653 1611 1704 compositione
1627 1652 1742 1692 etiam

299 1708 343 1803 1τὸ
363 1706 637 1764 Ἰνδολίμιτον,
664 1723 739 1763 pro
757 1710 892 1749 Indiae
916 1710 1083 1761 finibus,
1116 1710 1223 1764 apud
1253 1709 1362 1748 hunc
1388 1716 1567 1748 nostrum
1595 1709 1744 1762 passim

314 1765 435 1806 labes.

417 1825 508 1874 Pag
537 1825 602 1863 31
639 1826 676 1865 3.
706 1821 903 1874 λέγοντες,
942 1819 1085 1871 Κακην
1119 1817 1297 1874 ὄψινῆν]
1326 1821 1454 1860 Verba
1483 1820 1582 1860 haec
1610 1820 1746 1860 reddi-

301 1890 411 1926 mus,
454 1877 496 1914 V
471 1892 662 1944 esperam
683 1877 909 1947 Infaustam
937 1877 1186 1930 appellantes.
1243 1878 1376 1918 Lexic.
1404 1878 1623 1916 G1aecolat.
1658 1877 1745 1920 Vet,

303 1929 428 1984 ὅψινή
450 1930 532 1986 ω’ρα
549 1933 578 1986 ἦ
598 1931 692 1986 μετοῖ
708 1936 824 1986 ηλίου
845 1931 1009 2002 δυσμάς,
1046 1932 1328 2002 crepusculum.
1387 1932 1698 1984 Corrigendum
1685 1946 1746 1970 m-

304 1994 408 2026 terea
431 1988 520 2027 chr.
541 1990 652 2030 Alex
673 1991 741 2028 ubi
762 1990 927 2039 legitur,
958 1987 1074 2030 κοῖκει
1089 1986 1233 2057 ἅψινῇ.

422 2046 513 2095 Pog-
542 2048 607 2085 31.
638 2049 677 2087 9.
705 2043 758 2097 ἣν
793 2042 951 2086 ἐκάλεσε
977 2031 1203 2099 Γορτύναν]
1236 2045 1336 2083 Urbs
1362 2039 1692 2097 haec,1'o'9wv,
1722 2058 1746 2081 a

306 2098 504 2150 Stephano
528 2102 771 2150 appellatur,
803 2101 869 2152 qui
891 2102 1004 2140 etiam
1038 2116 1060 2139 a
1094 2102 1218 2152 Gorty
1245 2101 1375 2139 Heroe
1401 2113 1542 2138 nomen
1559 2099 1638 2137 hoc
1661 2113 1746 2138 eam

307 2154 500 2206 accepisse
525 2155 671 2206 tradit3
700 2169 789 2194 cum
813 2157 984 2209 primum
1011 2157 1188 2207 Larissa,
1228 2155 1367 2196 deinde
1399 2156 1578 2195 Cremnia
1604 2161 1746 2195 vocata

308 2211 454 2249 fuisset.

421 2269 515 2319 Peg.
544 2268 612 2308 31.
644 2269 709 2309 11.
745 2264 818 2318 τήν
837 2265 880 2307 δὲ
895 2270 965 2320 τῆς
991 2263 1112 2319 αὐτῆς
1136 2264 1286 2315 πόλεως
1304 2264 1446 2319 τύχην]
1477 2267 1681 2317 Virginum
1704 2267 1747 2306 in

309 2322 470 2361 urbibus
508 2323 720 2361 condendis
737 2323 1051 2372 immolatarum,
1094 2324 1240 2362 eisdem
1270 2329 1314 2360 ut
1344 2329 1470 2361 essent
1488 2324 1528 2361 in
1554 2324 1747 2362 Fortunas

310 2379 394 2416 sive
418 2378 587 2428 Genios,
613 2379 782 2431 plurima
802 2378 844 2416 in
862 2378 940 2417 hoc
960 2380 1109 2418 Autore
1131 2385 1342 2417 occurrunt
1361 2380 1549 2430 exempla.

425 2448 519 2498 Pag.
549 2449 614 2486 31.
644 2450 710 2488 20.
738 2444 900 2492 καλέσας
917 2444 989 2497 τήν
1009 2446 1267 2498 ἐπιλαχοῦσαν
1294 2442 1399 2499 αὐτῷ
1417 2442 1550 2497 χώραν
1570 2445 1744 2496 Συρίαν]

312 2501 425 2553 Syria
444 2515 523 2539 non
541 2516 561 2539 a
580 2504 679 2553 Syro
702 2503 834 2540 nescio
855 2514 934 2552 quo
953 2515 1093 2539 nomen
1118 2502 1278 2549 habuit,
1308 2502 1376 2539 sed
1404 2516 1426 2539 a
1447 2502 1605 2539 Graecis
1625 2502 1748 2552 Assy-

312 2559 370 2596 ria
402 2564 588 2608 corrupte
621 2558 679 2595 sic
712 2558 813 2596 dicta
841 2564 911 2595 est.
946 2555 1139 2595 >lustinus
1169 2560 1289 2608 Syros
1319 2564 1356 2595 et
1382 2557 1563 2608 Assyrios
1592 2557 1748 2595 eosdem

314 2626 396 2651 esse
425 2619 590 2651 testatur
609 2614 677 2651 lib.
698 2626 727 2652 1.
756 2612 961 2666 Imperium
981 2613 1146 2666 Assyrii,
1180 2614 1248 2665 qui
1259 2623 1392 2665 postea
1413 2612 1519 2664 Syria·
1534 2611 1630 2651 dicti
1646 2621 1748 2660 suni,

314 2682 436 2706 annos
464 2682 567 2707 mccc
602 2679 759 2709 tenuere.
818 2669 1041 2707 Ηειοᾱοῒυε
1072 2669 1186 2706 etiam
1222 2669 1263 2706 in
1290 2670 1466 2720 Polymn.
1496 2669 1544 2706 de
1578 2667 1748 2732 Assyriis

315 2724 434 2818 gerba
469 2723 639 2777 habens,
674 2722 840 2780 Σύριοι,
875 2722 955 2767 15πὸ
985 2723 1028 2766 δὲ
1055 2727 1133 2765 τῶν
1163 2721 1383 2779 Βαρβάρων
1403 2721 1599 2778 Ασσύριοι
1637 2718 1750 2776 ἐκλή-

348 2791 463 2830 ησαν.
