1838 3230
377 169 1009 217 CHRONOGRAPHIA.
1068 170 1116 212 L.
1145 169 1299 215 XVIII.
1457 174 1552 223 491

90 292 216 336 καίειν
233 291 312 342 τὰς
327 290 702 346 παραθαλασσίους
717 287 959 346 ἀποθήκας·
997 290 1064 332 καὶ
1085 289 1120 332 εἶ
1141 289 1372 346 ἐπεχείρησέ
1397 306 1459 339 τις
1481 294 1555 333 τοῦ

55 359 59 363 ’
91 361 253 415 σβέσαι,
270 357 473 412 ἓτοξεόετο
493 361 537 403 ἐκ
558 363 642 403 τῶν
658 363 732 403 τοῦ
750 359 926 402 Βενέτου
947 358 1112 416 μέρους
1150 356 1257 414 εἶχον
1276 357 1354 415 γὰρ
1373 362 1457 401 τῶν
1479 358 1555 401 αὖ-
1583 364 1614 398 C

89 430 521 487 ‘tti'irsspyao'tnpmxo'iv
538 426 764 486 διαφόρους
782 426 973 482 ἀμοιβάς.
1045 429 1113 470 καὶ
1140 431 1193 484 τῇ
1211 426 1311 484 ἴριδι
1335 427 1557 483 συσχεθέν-

0 546 5 554 „
90 513 181 550 22²5,-
207 496 384 541 ἔκαυσαν
412 497 488 553 τὴν
516 498 646 540 οἲκίαν
673 497 748 540 τὶν
779 496 995 553 λεγομένην
1024 500 1106 539 τῶν
1123 495 1314 551 Ἀνδρέου
1332 496 1407 552 τὴν
1427 491 1556 539 οὖσαν
1581 501 1614 536 Ο
1638 501 1708 537 237

0 556 8 625 ξ
58 565 136 611 5ἓν
152 569 213 624 τῷ
230 567 406 625 νεωρίῳ·
443 563 594 621 ὅμοίως
622 566 667 608 δὲ
698 566 925 619 συνέβαλον
955 566 1022 608 καὶ
1047 566 1090 608 ἐν
1120 569 1173 622 τῇ
1212 565 1362 622 Μέσῃ·
1399 565 1556 608 κάκεῖσε

0 661 4 680 ι
78 633 242 688 ,ἔβαλον
258 638 343 692 πῦρ
365 636 421 685 εἷς
447 634 523 690 τὴν
549 635 680 678 οἰκίαν
703 634 779 690 τὴν
811 634 1027 690 λεγομένην
1047 637 1130 676 τῶν
1158 634 1426 690 Βαρσυμίου,
1463 632 1556 678 τότε

90 700 329 753 διανόοντος
350 703 426 759 τὴν
445 707 527 746 τῶν
547 700 734 759 ἐπάρχων
752 702 881 759 ἀρχήν
895 717 904 727 ·
941 704 1008 746 καὶ
1028 700 1187 758 ἐκαύθη
1210 695 1287 753 ἕως
1303 707 1377 746 τοῦ
1398 707 1556 758 χαλκοῦ

91 769 363 826 Τετραπῦλου
388 773 457 815 καὶ
486 769 508 815 ὅ
539 771 728 827 ἄντικρυς
763 772 958 826 ἵμβολος·
1000 774 1067 813 καὶ
1096 769 1363 828 ἐπεκράτησεν
1390 770 1415 827 ἦ
1442 770 1556 827 μάχη

87 837 245 895 ἡμέρας
271 837 360 883 δύο.
438 842 506 883 καὶ
541 837 781 891 ἐξελθόντος
815 846 890 884 τοῦ
929 838 1108 895 κόμητος
1142 845 1225 883 τῶν
1263 839 1558 898 ἒξκουβιτόρων

1 898 4 903 ’
35 909 288 965 ΙΟΜαρίνου
331 908 434 962 μετὰ
465 913 619 964 πολλῆς
662 911 865 964 βοηθείας
899 913 1194 966 στρατιωτικῆς
1235 911 1303 951 καὶ
1335 909 1557 953 Ἰουστίνου

88 979 164 1020 τοῦ
178 975 447 1028 ἕνδοξοτάτου
479 976 816 1035 κουροπαλάτου,
862 976 980 1033 μόλις
1003 975 1276 1034 ἠδυνήθησαν
1293 983 1557 1022 καταπαῦσαι

86 1045 142 1088 τὰ
159 1043 374 1102 ἀμφότερα
389 1046 508 1101 μέρη.

192 1117 266 1173 Τῷ
298 1115 344 1158 δὲ
369 1114 482 1173 αὐτῷ
510 1113 646 1174 χρόνῳ
675 1113 856 1172 ἐπάρχου
891 1114 1046 1166 πόλεως
1073 1114 1190 1164 ὄντος
1221 1117 1264 1157 Γ
1259 1115 1440 1172 εροντίου
1477 1116 1550 1170 ε’μ-
1574 1123 1606 1159 D

88 1184 270 1239 πρησμοὶ
286 1185 432 1226 πολλοὶ
449 1182 655 1240 γεγόνασιν
684 1186 726 1227 ἓν
757 1182 972 1240 διαφόροις
996 1184 1134 1241 μέρεσι
1155 1183 1554 1227 Κωνσταντινουπό-

35 1255 204 1301 15λεως.
274 1253 341 1295 καὶ
358 1252 573 1309 γενομένης
594 1256 771 1308 κατοχῆς
793 1254 836 1303 ἐξ
865 1253 1109 1310 ἀμφοτέρων
1138 1256 1222 1295 τῶν
1246 1257 1383 1310 μερῶν
1411 1256 1555 1297 πολλοὶ

87 1321 163 1375 μὲν
190 1320 588 1378 ἔσωφρονίσθησαν,
625 1322 729 1371 τινὲς
757 1322 802 1364 δὲ
827 1323 896 1364 καὶ
923 1319 1245 1377 ἀπετμήθησαν·
1282 1323 1350 1365 καὶ
1383 1321 1554 1381 ἐπεκρά-

88 1385 252 1444 τησενῆ
274 1388 377 1444 αὐτὴ
397 1390 551 1445 κατοχὴ
572 1391 635 1432 ἐπὶ
659 1388 813 1447 ἡμέρας
833 1389 1127 1447 ἑβδομήκοντα.

187 1458 309 1512 Μηνὶ
331 1459 485 1517 ῖουνίῳ,
517 1460 732 1501 ῗνδικτιῶνι
762 1462 814 1516 τῇ
842 1459 960 1517 αὐτῇ,
993 1458 1259 1515 συσχεθέντες
1271 1457 1463 1515 Ἕλληνες
1483 1478 1554 1503 πε-

88 1526 425 1584 ριεβωμίσθησαν
459 1528 599 1580 καὶτὰ
615 1529 756 1582 βιβλία
781 1527 917 1571 αὐτῶν
946 1526 1183 1583 κατεκαύθη
1211 1529 1253 1571 ἓν
1280 1532 1338 1587 τῷ
1359 1531 1551 1589 Κυνηγίῳ
1579 1544 1612 1578 0
1637 1544 1705 1580 233

32 1595 158 1639 2οκαὶ
175 1592 322 1645 εἰκόνες
338 1599 422 1639 τῶν
439 1601 629 1654 μυσερῶν
646 1600 757 1639 θεῶν
776 1596 913 1640 αὐτῶν
930 1599 997 1640 καὶ
1019 1595 1247 1653 ἀγάλματα.

189 1664 276 1707 Καὶ
293 1667 352 1721 τῷ
371 1663 483 1723 αὐτῷ
501 1666 598 1720 μηνὶ
617 1664 853 1720 ἠνέχθησαν
875 1665 927 1708 τὰ
949 1665 1142 1708 συνοδικά
1161 1669 1234 1707 τοῦ
1253 1661 1368 1706 πάπα
1381 1663 1551 1721 Ῥώμης.

189 1732 277 1775 Καὶ
304 1735 364 1791 τῷ
395 1732 508 1792 αὐτῷ
543 1735 640 1789 μηνὶ
681 1731 878 1790 σννήφθη
920 1734 1117 1790 δημοτικὴ
1156 1730 1268 1788 μάχη
1300 1734 1341 1775 ἐν
1370 1735 1549 1795 Κυζίκῳ,

180 1840 214 1876 1.
237 1838 432 1886 ἐπεχείρισε
463 1841 533 1876 Ox.
613 1843 668 1878 11.
695 1840 939 1886 ἐνδοξοτάτου
964 1843 1050 1886 Ch.,
1074 1840 1322 1887 ἐνδοξαταῖτου
1347 1843 1414 1879 Ox.
1495 1846 1550 1881 18.

175 1888 544 1934 περιεβωμὶοθησαν]
573 1888 673 1924 conf.
697 1889 741 1924 ad
764 1901 800 1935 p.
824 1888 880 1924 64.
903 1888 947 1923 E.

87 1977 188 2024 Sycis
211 1979 356 2023 trajecto
378 1979 467 2023 sinu,
477 1979 702 2026 Repositoriis
725 1979 898 2016 maritimis
922 1980 1018 2026 ignes
1040 1981 1183 2026 injicere
1206 1984 1407 2026 coeperunt,
1431 1982 1550 2017 eadem

85 2024 302 2059 comburendi
325 2027 455 2061 animo:
489 2039 573 2072 quos
596 2027 624 2061 si
647 2027 724 2071 quis
747 2028 947 2072 extinguere
980 2030 1158 2070 tentabat,
1191 2040 1212 2062 a
1243 2028 1383 2062 Venetis
1413 2028 1550 2074 spiculis

84 2071 289 2116 petebatur:
325 2072 445 2117 quibus
475 2078 511 2108 et
542 2073 608 2119 ipsi
631 2074 862 2108 officinatores
896 2085 993 2118 opem
1018 2074 1120 2109 etiam
1142 2085 1235 2108 suam
1258 2074 1397 2108 subinde
1421 2086 1549 2120 suppe-

86 2115 251 2151 ditarunt.
305 2117 400 2160 Quin
430 2123 466 2153 et
487 2119 532 2154 ad
566 2119 853 2154 concertationem
886 2131 991 2165 usque
1021 2124 1243 2166 proruentes,
1275 2120 1434 2155 Andreae
1466 2133 1549 2165 quas

85 2167 213 2197 vocant
234 2163 336 2198 aedes
360 2165 405 2199 ad
427 2165 563 2199 Navale
586 2165 689 2206 sitas,
723 2166 984 2201 combusserunt.
1030 2166 1070 2200 In
1093 2167 1169 2200 foro
1193 2166 1294 2201 etiam
1318 2178 1434 2212 pugna
1456 2178 1548 2200 com-

89 2207 206 2251 missa,
228 2208 378 2245 flammas
399 2210 448 2245 ibi
469 2211 504 2245 in
527 2212 715 2253 Bmumii,
740 2217 820 2245 tunc
843 2212 1005 2257 temporis
1026 2212 1212 2255 Praefecti,
1236 2213 1366 2246 domum
1391 2213 1548 2256 conjece-

89 2260 185 2291 runt:
209 2267 299 2301 quae
321 2267 388 2290 una
411 2269 486 2291 cum
509 2257 667 2303 opposita
690 2258 844 2303 porticu,
875 2269 1010 2292 aereum
1042 2258 1193 2303 adusque
1216 2259 1442 2304 Tetrapylum
1466 2269 1547 2292 con-

88 2298 264 2344 &gravit-
309 2301 572 2338 conflictatione
602 2309 715 2338 autem
750 2305 815 2338 hac
847 2315 909 2350 per
941 2303 1076 2339 biduum
1098 2305 1346 2345 invalescente,
1381 2304 1546 2346 Marinus,

89 2344 332 2382 Exmbitorum
355 2348 494 2391 Comes,
517 2349 756 2395 Justinusque,
779 2349 1020 2385 Illustrissimus
1044 2351 1266 2396 Curopalata,
1284 2361 1459 2384 numeroso
1483 2351 1547 2383 mi-

89 2390 183 2426 litum
204 2393 364 2429 satellitio
384 2395 522 2442 stipati,
548 2396 721 2431 universas
743 2396 926 2431 Factiones
949 2396 1068 2440 emissi,
1091 2396 1150 2432 vix
1174 2397 1310 2431 tandem
1333 2407 1546 2442 compescere

86 2442 281 2483 potnerunt.

111 2482 116 2487 '
179 2483 309 2519 Eodem
330 2490 506 2532 tempore,
539 2488 708 2523 Gerontio
732 2488 824 2523 urbis
847 2488 1103 2523 Praefecturam
1126 2491 1287 2532 gerente,
1322 2486 1460 2521 diversa
1482 2497 1545 2531 per

88 2527 410 2576 Constantinopolim
428 2533 504 2568 loca
523 2533 789 2579 conflagrarunt.
826 2535 881 2569 Ex
899 2540 1044 2580 utraque
1066 2539 1177 2569 autem
1197 2533 1362 2567 Factione
1379 2533 1545 2567 seditiosis

89 2576 346 2620 comprehensis,
363 2579 497 2624 plurimi
514 2591 627 2614 eorum
644 2593 766 2625 poenas
785 2580 974 2623 dederunt3
996 2580 1160 2615 nonnullis
1172 2579 1274 2614 etiam
1292 2579 1407 2625 capite
1420 2579 1546 2614 multa·

88 2620 143 2654 tis.
189 2620 338 2656 Duravit
360 2629 473 2660 autem
496 2626 674 2670 Inquisitio
695 2629 781 2662 haec
804 2639 865 2673 per
888 2627 959 2662 dies
982 2626 1209 2671 septuaginta.

180 2666 299 2701 Mense
320 2668 439 2712 Junio,
470 2671 664 2707 indictionis
688 2674 857 2717 ejusdem,
890 2673 1121 2718 comprehensi
1152 2682 1195 2706 ex
1219 2669 1363 2705 Graecis
1398 2670 1546 2705 nonnulli

89 2724 152 2791 per
174 2713 290 2747 urbem
314 2714 447 2759 publice
470 2717 812 2754 circumferebanturz
837 2719 919 2764 quin
940 2725 978 2753 et
1000 2718 1079 2752 libri
1102 2728 1217 2751 eorum
1241 2716 1456 2763 Deorumque
1472 2729 1546 2752 sce-

101 2763 248 2794 estorum
271 2758 489 2802 simulachra,
513 2768 550 2798 et
572 2764 809 2810 Imagunculae
831 2765 867 2799 in
891 2764 1042 2810 Cynegio
1068 2763 1384 2799 concremabantur.

179 2806 296 2840 Mense
319 2806 437 2841 eodem
459 2809 575 2854 Papae
597 2811 739 2845 Romani
762 2811 938 2855 Synodica
961 2811 1063 2844 allata
1086 2812 1172 2843 sunt.

120 2878 123 2885 .
179 2850 311 2888 Eodem
333 2863 458 2897 mense,
483 2856 655 2892 commisso
678 2857 832 2893 Paruum
854 2857 890 2892 in
910 2855 1035 2903 Cyzico
1053 2854 1249 2898 certamine,
1274 2854 1411 2901 plur-imi
1435 2855 1542 2891 utrin—
