1838 3230
405 159 1023 206 CHRONOGRAPHIA.
1080 163 1128 207 L.
1156 163 1312 210 XVIII.
1496 172 1596 221 483

128 298 229 334 καν,
253 279 385 332 οῧδεῖς
404 281 450 324 δὲ
469 279 634 337 ἤσθιεν·
664 279 818 337 ἐγένετο
849 282 895 324 δὲ
920 283 987 325 καὶ
1016 279 1157 333 πάθος
1175 286 1365 342 Χριστοῦ
1390 291 1465 331 τοῦ
1486 292 1590 333 θεοῦ
1615 294 1647 330 O
1670 296 1741 333 226

127 348 259 406 ἡμῶν,
297 349 440 400 καθώς
461 347 484 393 ὅ
507 349 630 400 αὐτὸς
650 349 843 405 βασιλεὺς
862 348 1098 407 ἠβουλήθη.

227 419 347 474 Μηνὶ
369 419 629 476 φεβρουαρίῳ
658 420 907 469 ῗνὸικτιιῧνος
941 417 1113 476 δεκάτης
1151 418 1173 463 ὅ
1198 421 1419 474 ἐπίσκοπος
1435 422 1594 481 Ῥιόμης

126 486 308 542 Βιγίλιος
327 486 563 543 παρεγένετο
593 487 635 529 ἓν
652 486 1109 532 Κωνσταντινουπόλει·
1144 491 1212 532 καὶ
1238 494 1298 550 τῷ
1323 491 1435 551 αὐτῷ
1453 492 1591 552 χρόνω

90 552 526 612 5παρελῆφθηῬιόμη
544 553 624 598 ὗπό
651 558 688 597 Γ
687 554 840 599 ότθων.
1565 539 1577 554 ι
1611 569 1643 604 Ε

223 622 290 666 Ἐν
316 623 430 681 αὐτῷ
453 624 499 666 δὲ
519 627 579 682 τῷ
607 622 684 666 ἔτει
716 627 873 679 Μηνᾶς
920 622 941 667 ὅ
967 622 1222 682 πατριάρχης
1251 629 1591 674 Κωνσταντινου-

123 687 282 742 πόλεως
321 692 542 750 καθῃρέθη
564 690 644 735 ὖπό
664 697 740 736 τοῦ
766 691 884 736 πάπα
910 690 1069 750 Ῥώμης
1103 693 1172 737 διά
1200 712 1316 747 τινας
1345 699 1481 749 αἰτίας
1512 717 1587 743 κα-

120 757 295 810 νονικάς.

221 820 310 872 Καῖ
327 832 380 886 τῇ
399 828 506 887 αὐτῇ
527 831 742 873 ῗνδικτιῶνι
761 830 972 886 γενεθλίου
995 828 1196 886 ἀγομένου
1209 831 1251 876 ἓν
1260 833 1489 893 Βυζαντίῳ,
1515 834 1586 880 ilv-

64 907 110 943 10
121 913 192 947 τος
211 895 392 953 ἐπάρχου
405 897 560 948 πόλεως
577 901 725 953 Θωμᾶ,
750 899 889 953 ἀμιξία
914 899 1064 954 ἐγένετο
1085 900 1128 950 ἐξ
1147 900 1392 958 ἀμφοτέρων
1409 908 1492 946 τῶν
1511 922 1586 959 με-

119 969 225 1020 ρῶν·
260 968 328 1009 καὶ
349 965 569 1023 θεωρήσας
593 965 614 1010 ὅ
631 967 824 1020 βασιλεὺς
844 967 892 1010 τὸ
910 965 1083 1024 γεγονός,
1114 967 1306 1020 κελεύσας
1335 977 1421 1021 τοῖς
1443 972 1585 1023 ἒξκου-

115 1035 324 1091 βίτορσιν,
369 1036 572 1091 ἐπέβησαν
601 1035 708 1079 κατὰ
734 1040 807 1078 τοῦ
841 1034 1053 1090 πλήθους·
1089 1039 1166 1080 ,καὶ
1198 1038 1239 1080 οἱ
1264 1039 1340 1093 μὲν
1369 1038 1583 1097 φεύγοντες
1605 1050 1638 1085 V
1660 1052 1705 1087 79

117 1102 407 1159 ἀπεπνίγησαν,
443 1105 570 1160 ἕτεροι
592 1106 636 1147 δὲ
653 1101 981 1161 κατεσφάγησαν.
1400 1120 1404 1122 ’

221 1176 287 1230 Τῇ
305 1173 350 1215 δὲ
369 1173 475 1230 αὐτῇ
493 1175 710 1216 ἷνδικτιῶνι
739 1173 889 1228 ἐδέχθη
908 1176 1065 1228 Μηνᾶς
1092 1170 1113 1215 ὅ
1134 1171 1446 1228 ἀρχιεπίσκοπος
1460 1178 1584 1220 Κων-

60 1253 104 1288 15
116 1239 490 1291 σταντινουπόλεως
523 1244 579 1292 εἷς
597 1241 671 1296 τὴν
692 1241 912 1296 ἐπισκοπὴν
931 1241 1059 1285 αὐτοῦ’
1073 1255 1084 1264 ·
1119 1243 1186 1283 καὶ
1210 1241 1396 1297 ἀπῆλθεν
1426 1246 1482 1295 εἷς
1509 1246 1584 1301 τὴν

114 1307 296 1366 ἄθλησιν
314 1314 398 1352 τῶν
418 1307 542 1366 ἁγίων
562 1307 806 1353 ἀποστόλων
841 1310 883 1352 ἓν
903 1314 962 1368 τῷ
982 1311 1310 1367 περιτειχίσματι.

213 1379 301 1421 Καὶ
322 1382 381 1436 τῷ
409 1378 523 1436 αὐτῷ
537 1376 674 1436 χρόνῳ
698 1377 816 1428 ὄντος
844 1376 1022 1434 κόμητος
1049 1380 1283 1437 πραίτωρος
1310 1383 1386 1423 τοῦ
1415 1380 1579 1438 ἐπίκλην
1602 1391 1636 1425 0
1658 1392 1727 1427 227

109 1446 484 1503 Διπουνὸιαρίστου
507 1449 686 1506 δημοσίᾳ
708 1445 999 1502 ἐξητάσθησαν
1031 1448 1071 1490 οἳ
1100 1446 1336 1503 εὖρεθέντες
1354 1449 1397 1491 ἓν
1425 1455 1484 1508 τῷ
1502 1449 1583 1508 φό-

109 1531 169 1572 νῳ
193 1519 269 1558 τοῦ
299 1513 520 1559 ἐπισκόπου
550 1517 755 1569 Κυζίκου,
786 1515 979 1572 Ἀνδρέας
1023 1517 1090 1559 καὶ
1124 1514 1317 1571 Ἰωάννης
1361 1515 1382 1560 ὅ
1416 1519 1581 1574 ἐπίκλην

53 1581 301 1634 ΞΟΔάνδαξ·
349 1586 416 1626 καὶ
443 1584 547 1639 μετὰ
571 1584 646 1639 τὴν
677 1586 857 1635 ἐξέτασιν
882 1584 1127 1641 ἐπήρθησαν
1157 1589 1240 1628 τῶν
1263 1583 1339 1628 δύο
1371 1586 1416 1627 αἱ
1436 1588 1575 1638 δεξιαί.

110 1652 176 1694 καὶ
195 1656 255 1710 τῷ
274 1651 386 1710 αὐτῷ
396 1651 535 1711 χρόνῳ
552 1654 730 1708 ἐγένοντο
753 1655 913 1707 σεισμοὶ
932 1660 1121 1707 συνεχεῖς.

211 1722 331 1775 Μηνὶ
361 1722 500 1779 ῗουνίῳ
519 1723 735 1764 ι’νδικτιῶνι
753 1726 803 1778 τῇ
823 1721 927 1778 αὐτῇ
946 1721 1127 1777 ἐγένοντο
1144 1722 1318 1778 βρονταὶ
1335 1721 1403 1764 καὶ
1417 1720 1573 1780 ἀστρα-
1595 1727 1627 1762 Β

200 1830 256 1864 10.
291 1826 443 1875 α’μίξια]
475 1830 520 1864 V.
542 1841 578 1875 p.
603 1831 660 1866 70.
684 1829 727 1865 B.
820 1830 902 1866 ibid.
933 1828 972 1874 ἐξ
995 1830 1082 1872 Ch.,
1116 1827 1156 1864 ἐν
1179 1830 1249 1865 Ox.
1342 1830 1396 1866 12.
1421 1829 1576 1876 φευγόν-

196 1887 257 1915 τες
279 1876 349 1909 Ox.
443 1877 498 1911 13.
522 1874 782 1921 ἐξητάσθησαν
804 1876 891 1918 Ch.,
915 1874 1190 1922 ἐξαιτοὶσθησαν
1212 1878 1281 1912 Ox.
1372 1878 1430 1913 20.
1454 1876 1574 1922 ἐξέτα-

199 1931 258 1956 σιν
281 1921 368 1964 Ch.,
391 1919 576 1965 ἐξαίτασιν
600 1924 668 1957 Ox.

105 2013 289 2048 Caeterum
311 2008 440 2048 Christi
461 2012 528 2048 Dei
551 2014 658 2048 nostri
680 2012 849 2049 Passionis
872 2017 990 2050 sancta
1012 2013 1205 2057 solennitas,
1220 2014 1324 2059 juxta
1343 2014 1438 2060 quod
1460 2015 1573 2062 Impe-

103 2065 202 2095 rator
224 2060 396 2101 edixerat,
420 2060 595 2094 celebrata
617 2065 677 2094 est.

195 2105 315 2140 Mense
338 2105 546 2147 Februario,
579 2106 704 2139 Indict.
729 2116 763 2141 x,
797 2104 942 2149 Vigilius
964 2105 1158 2151 Episcopus
1179 2105 1350 2140 Romanus
1374 2106 1572 2142 Constanti-

102 2150 252 2197 nopolim
275 2150 388 2192 venit3
424 2163 491 2196 quo
515 2152 618 2185 etiam
641 2156 795 2195 tempore
817 2151 926 2185 Roma
948 2163 968 2187 a
992 2151 1117 2186 Gothis
1139 2156 1243 2196 capta
1266 2156 1328 2185 est.

193 2196 323 2231 Eodem
349 2209 436 2231 anno
463 2197 599 2238 Menas,
624 2197 828 2231 Patriarcha
852 2196 1262 2242 constantinopolitanus,
1287 2196 1469 2231 Canonicis
1492 2197 1570 2243 qui-

101 2242 242 2278 busdam
264 2242 308 2277 de
331 2242 450 2284 causis,
475 2255 496 2277 a
519 2243 671 2277 Romano
696 2243 794 2288 Papa
816 2243 1119 2278 excommunicatus
1141 2246 1204 2277 est.

193 2289 325 2323 Eadem
346 2288 546 2331 Indictione,
573 2289 707 2322 Thoma
723 2290 981 2323 Praefecturam
1004 2288 1098 2323 urbis
1120 2291 1275 2333 gerente,
1300 2287 1376 2322 dum
1401 2287 1569 2323 Constan-

101 2333 350 2380 tinopolitanae
371 2334 464 2368 urbis
487 2334 657 2369 Natalitia
681 2334 955 2376 celebrabantur,
983 2334 1144 2370 tumultus
1166 2335 1258 2368 inter
1281 2333 1363 2367 duas
1386 2333 1567 2369 Factiones

102 2384 237 2414 exortus
269 2385 331 2414 eat.
379 2381 457 2422 Quo
481 2380 574 2422 viso,
618 2381 831 2415 excubitores
853 2381 1045 2426 Imperator
1075 2380 1111 2413 in
1133 2381 1267 2414 turbam
1290 2379 1426 2413 irruere
1444 2379 1567 2423 jussit3

103 2436 244 2469 quorum
267 2425 326 2460 alii
349 2426 518 2471 fugientes
540 2425 700 2460 suffocati
722 2430 809 2468 sunt,
834 2426 892 2460 alii
914 2438 999 2460 vero
1022 2425 1137 2471 gladio
1161 2426 1348 2470 perierunt.

192 2470 323 2506 Eadem
344 2472 536 2507 Indictione
558 2473 696 2514 Menas,
730 2471 1013 2518 Archiepiscopus
1035 2470 1449 2515 constantinopolitanus,
1477 2469 1565 2517 Epi-

102 2516 255 2561 soopatui
288 2528 348 2552 suo
371 2518 546 2554 restitutus
569 2523 639 2553 estx
682 2518 741 2563 qui
762 2519 919 2564 protinus
942 2518 987 2552 ad
1011 2518 1049 2551 S.
1073 2517 1308 2562 Apostolorum
1328 2517 1565 2551 monasterium

99 2561 137 2595 in
159 2572 253 2596 muro
273 2574 311 2597 se
332 2564 477 2609 recepit.

192 2607 324 2642 Eodem
354 2613 507 2655 tempore
529 2609 786 2656 Dipundiaristo
810 2609 943 2645 Comite
966 2607 1144 2643 Praetoris
1177 2618 1292 2641 munus
1315 2606 1482 2648 obeunte,
1520 2606 1564 2642 de

101 2652 266 2698 Cyziceni
289 2653 412 2732 Εἷξεοο
439 2655 452 2689 i
485 2656 590 2691 caede
614 2667 676 2702 pro
698 2656 862 2691 tribunali
885 2654 1046 2702 postulati
1068 2657 1147 2687 sunt
1170 2653 1324 2687 Andreas
1346 2658 1382 2686 et
1403 2653 1562 2695 Joannes‚

103 2698 300 2743 cognomine
356 2711 399 2734 an
423 2713 484 2736 ax:
521 2702 578 2748 qui
602 2701 748 2736 criminis
770 2702 823 2737 rei
857 2714 900 2736 ex
922 2698 1140 2745 inquisitione
1164 2698 1321 2744 deprensi
1343 2709 1443 2732 manu
1466 2702 1561 2733 uter—

99 2756 168 2790 que
191 2745 315 2779 dextra
335 2747 486 2782 truncati
507 2751 596 2783 sunt.
623 2748 754 2783 Eodem
776 2752 930 2794 tempore
952 2750 1069 2780 terrae
1092 2747 1254 2779 tremores
1277 2743 1444 2790 perpetim
1463 2756 1561 2789 gras-

97 2791 309 2871 sabanhtlue'iise
329 2836 444 2882 Junio,
465 2836 661 2874 indictionis
678 2839 839 2883 ejusdem,
863 2837 1000 2882 fulgura
1023 2845 1099 2871 oum
1121 2834 1279 2870 tonitruis
1303 2834 1389 2871 adeo
1412 2836 1562 2870 tremen-
