1838 3230
272 179 371 229 372
680 177 968 247 10ANN1ss
995 181 1331 228 MALALAE

271 297 346 353 τὴν
370 295 559 359 Θρᾴκην·
596 300 664 342 καὶ
686 299 920 356 ἔπραίδευσε
941 300 992 344 τὰ
1015 302 1161 360 χωρία.
1212 305 1300 359 περὶ
1324 298 1372 347 οὗ
1393 305 1566 363 ἔκραξαν
1585 307 1627 355 οἱ,
1645 310 1735 352 Βυ-

272 364 419 419 ζάντιοι
432 400 445 419 ,
481 369 642 423 Νεκροῢ
665 369 785 424 φίλος
804 368 935 419 οὐδεὶς
956 372 990 413 εἴ
1004 371 1060 425 μὴ
1084 369 1410 429 μόνος’Όστρυς.

368 433 417 477 ‘0
437 436 481 477 δὲ
500 435 623 485 αὐτὸς
642 438 835 489 βασιλεὺς
853 438 979 480 Λέων
1000 439 1175 494 διωγμὸν
1195 441 1355 496 ἐποίησε
1384 445 1466 484 τῶν
1478 441 1735 499 Ἀρειανιτῶν

265 501 543 554 Ἐξακιονιτῶν
568 503 635 546 διὰ
650 503 840 560 ’Άσπαρα
860 507 926 547 καὶ
941 506 1256 564 Ἀρδαβούριον,
1295 508 1496 560 διατάξεις
1522 517 1734 568 πανταχοῦ

269 571 544 625 καταπέμψας
564 572 622 627 μὴ
646 571 746 627 ἔχειν
766 572 915 623 αὐτοὺς
936 574 1146 630 ἐκκλησίας
1164 576 1190 632 ἢ
1210 575 1474 633 συνάγεσθαι.
1741 587 1766 623 5

367 639 458 682 Ἐπὶ
489 641 532 682 δὲ
559 645 632 695 τῆς
658 639 785 684 αὐτοῦ
813 644 1023 695 βασιλείας
1050 643 1206 699 ἔβρεξεν
1236 646 1276 687 ἓν
1305 644 1735 691 Κωνσταντινουπὸλει

270 709 408 751 κονίαν
428 707 517 751 ἀντὶ
538 713 693 765 βροχῆς
711 711 777 751 καὶ
798 709 860 751 ἐπὶ
877 714 1081 768 παλαιστῇ
1111 711 1247 767 ὕψους
1275 714 1437 769 ἕστηκεν
1457 714 1514 764 εἷς
1541 714 1640 765 τοὺς
1667 732 1733 759 κε-

271 774 429 833 ράμους
456 774 481 831 ἦ
509 778 623 820 κονιά
640 791 650 801 ·
686 781 753 820 καὶ
786 775 932 828 πάντες
963 777 1129 834 ἔτρεμον
1158 779 1431 832 λιτανεύοντες
1452 783 1519 825 καὶ
1553 783 1734 839 λέγοντες

271 843 334 888 ὅτι
353 848 451 902 Πῦρ
471 840 528 900 ’ἦν
554 847 620 888 καὶ
647 845 826 902 ἐσβέσθη
864 849 931 889 καὶ
963 845 1111 904 εὑρέθη
1135 850 1249 892 κονία
1268 854 1342 893 τοῦ
1368 854 1470 894 θεοῦ
1490 855 1733 910 φιλανθρω-

267 913 536 968 πευσαμὲνου.
1743 923 1788 958 10

369 982 542 1038 Ἐγένετο
574 983 619 1026 δὲ
647 984 688 1026 ἓν
721 988 772 1042 τῇ
795 983 922 1028 αὐτοῦ
946 986 1133 1046 βασιλείᾳ
1152 986 1389 1043 ἐμπρησμὸς
1408 987 1532 1043 μέγας
1549 989 1592 1031 ἓν
1609 991 1732 1032 Κων-

267 1049 596 1094 σταντινουπόλει
630 1050 715 1102 οἷος
751 1052 965 1096 οὐδέποτε·
1006 1052 1162 1110 ἐκαύθη
1193 1055 1270 1111 γὰρ
1302 1055 1382 1098 ἀπὸ
1412 1054 1630 1112 θαλάσσης
1657 1056 1732 1107 ἕως

268 1117 489 1174 θαλάσσης
503 1133 512 1142 ·
551 1121 617 1162 καὶ
638 1123 842 1176 φοβηθεὶς
861 1122 907 1164 τὸ
928 1120 1125 1165 παλάτιον
1153 1124 1322 1178 ἐξῆλθεν
1349 1121 1369 1166 ὅ
1399 1124 1590 1178 βασιλεὺς
1605 1124 1733 1168 Λέων

270 1187 397 1244 πέραν
423 1189 478 1237 εἷς
507 1187 579 1230 τὸν
604 1187 717 1243 ἅγιον
752 1188 988 1244 Μάμαντα,
1031 1193 1097 1233 καὶ
1128 1192 1313 1246 ἐποίησεν
1343 1191 1426 1234 ἐκεῖ
1451 1196 1583 1247 μῆνας
1615 1190 1662 1244 (ἐξ
1690 1193 1732 1236 ἔν

271 1255 482 1314 προκέσσῳ
495 1270 504 1279 ·
541 1258 607 1299 καὶ
628 1256 777 1300 ἔκτισεν
790 1259 873 1301 ἐκεῖ
884 1256 1112 1315 λιμενάριον
1126 1261 1192 1302 καὶ
1214 1258 1403 1314 ἔμβολον,
1427 1259 1549 1318 ὅνπερ
1569 1258 1729 1304 ἐκάλεσε
1742 1268 1786 1304 15

270 1325 358 1367 νέον
378 1324 552 1378 ἔμβολον
567 1338 576 1348 ·
613 1323 724 1375 ὅστις
754 1324 861 1369 οὕτω
882 1331 1060 1369 καλεῖται
1081 1327 1156 1377 ἕως
1175 1332 1249 1383 τῆς
1268 1331 1353 1371 νῦν.

366 1390 681 1449 Ἐπεστράτευσε
711 1394 754 1436 δὲ
785 1392 805 1436 ὃ
840 1394 964 1444 αὐτὸς
980 1395 1106 1438 Λέων
1134 1397 1176 1439 ἐν
1198 1402 1284 1445 τοῖς
1313 1392 1474 1452 χρόνοις
1500 1400 1576 1451 τῆς
1602 1395 1730 1439 αὗτοῦ

269 1462 478 1515 βασιλείας
497 1461 602 1503 κατὰ
622 1463 858 1518 Σινζηριβςου
882 1461 1139 1515 Οὗανδάλου,
1175 1462 1303 1520 ῥηγόςΔ
1313 1468 1394 1506 τῶν
1407 1462 1587 1521 Ἄφρων,
1608 1461 1730 1507 πόλε-

267 1547 346 1584 μον
375 1530 601 1584 ναυμαχίας
634 1529 836 1587 φοβερόν·
873 1533 938 1573 καὶ
969 1531 1124 1586 ἔπεμψε
1150 1530 1295 1574 στόλον
1323 1531 1448 1587 μέγαν
1471 1533 1538 1574 καὶ
1557 1533 1729 1575 Βασιλί-

268 1613 367 1640 σκον
385 1597 456 1640 τὸν
473 1599 696 1654 πατρίκιον,
720 1598 791 1641 τὸν
808 1597 984 1657 ἀδελφὸν
996 1601 1175 1656 Βηρίνης
1194 1604 1266 1655 τῆς
1276 1598 1537 1656 Αὖγούστας,
1557 1604 1633 1655 τῆς
1650 1617 1724 1656 yv-
1737 1609 1784 1645 20

268 1666 404 1716 ναικὸς
434 1670 508 1708 τοῦ
541 1666 668 1709 αὐτοῦ
684 1667 883 1717 Λέοντος.
956 1667 1067 1718 ὅστις
1095 1669 1341 1717 Βασιλίσκος
1365 1667 1506 1721 λαβὼν
1534 1666 1729 1724 χρήματα

269 1734 382 1793 παρὰ
403 1736 660 1791 Ζινζηρίχου,
684 1734 806 1793 ῥηγός
829 1740 910 1778 τῶν
934 1734 1200 1789 Οὖανὸάλων,
1230 1738 1298 1778 καὶ
1314 1736 1515 1793 προέδωκε
1536 1736 1589 1779 τὰ
1607 1740 1729 1780 πλοῖα

359 1846 390 1879 1.
415 1841 650 1888 ἕπραίδευσε]
682 1842 926 1888 ἐπραίδευσαν
951 1844 1076 1878 Chron.
1168 1846 1203 1881 3.
1223 1843 1475 1890 Ἀρειανιτῶν]
1507 1843 1728 1887 Ἀρειαναῖνὲ

361 1888 396 1924 4.
428 1890 610 1932 διατάξεις
631 1891 716 1934 Ch.‚
751 1889 814 1925 διὰ
836 1888 955 1932 τάξεις
977 1890 1045 1924 Ox.
1198 1893 1250 1928 15.
1274 1888 1387 1935 ὅνπερ
1412 1892 1498 1935 Ch.‚
1534 1890 1624 1937 ὅπερ
1657 1891 1725 1926 Ox.

363 1937 418 1972 18.
450 1932 694 1980 Ουάνδάλου,
730 1936 842 1983 ῥηγὸς
866 1937 952 1978 Ch.‚
984 1934 1308 1983 Ουάνδαλούριγος
1328 1939 1397 1972 Ox.

270 2026 456 2061 Thraciam
479 2027 609 2070 evasit3
648 2027 706 2062 ubi
724 2031 761 2062 et
779 2038 880 2073 agros
895 2026 1128 2072 depraedatus
1146 2032 1210 2065 est.
1254 2028 1308 2062 De
1329 2029 1395 2063 hoc
1410 2026 1593 2073 Byzantini
1611 2025 1728 2062 diver-

270 2072 362 2106 bium
385 2073 595 2115 habuerunt,
619 2073 780 2108 dicendo:
819 2074 949 2107 Mortui
969 2075 1100 2109 amicus
1121 2086 1236 2115 nemo,
1257 2075 1326 2108 ‘nisi
1345 2075 1436 2108 solus
1460 2073 1590 2117 Ostrys.

361 2117 454 2151 Idem
472 2119 544 2152 Leo
565 2119 764 2164 Imperator,
791 2119 930 2165 Asparis
949 2127 1053 2166 atque
1067 2119 1250 2154 Ardaburii
1273 2131 1388 2162 causa,
1413 2118 1560 2153 Arianos
1575 2117 1727 2153 Exocio-

272 2162 363 2199 nitas
386 2168 586 2208 persecutus
610 2170 680 2198 estx
717 2165 899 2211 publicatis
922 2167 1047 2212 ubique
1069 2165 1225 2208 Edictis,
1259 2166 1382 2210 quibus
1403 2163 1577 2198 Ecclesiae
1599 2164 1727 2198 habere

271 2220 351 2251 eos,
382 2213 607 2243 conventusve
630 2210 717 2244 ullos
739 2211 861 2245 vetuit.

361 2255 471 2298 Hujus
488 2255 695 2300 temporibus
714 2256 1028 2303 Constantinopoli,
1060 2268 1121 2302 pro
1139 2256 1266 2297 imbre,
1299 2254 1384 2289 cinis
1401 2253 1552 2300 depluit,
1583 2256 1619 2288 et
1639 2265 1727 2299 qua-

271 2302 349 2334 tuor
365 2300 490 2344 digitos
508 2300 595 2334 altus
616 2301 740 2344 tegulis
766 2301 929 2336 incubuit.
977 2303 1142 2337 Tremore
1154 2301 1232 2335 inde
1252 2299 1399 2347 perculsi
1417 2310 1551 2341 omnes,
1592 2299 1629 2333 in
1646 2310 1726 2344 pre-

270 2356 328 2379 ces
346 2357 383 2379 se
401 2346 580 2386 dederunt,
603 2345 755 2380 dicentes
771 2346 934 2381 invicem:
973 2348 1133 2393 „Utique
1154 2347 1242 2392 ignis
1265 2353 1358 2387 erat3
1381 2357 1447 2390 quo
1470 2344 1596 2379 Divina
1617 2344 1727 2380 Mise-

268 2390 421 2425 ricordia
446 2391 616 2433 extincto,
643 2391 727 2425 cinis
749 2392 906 2426 inventus
929 2397 1022 2427 est.“

360 2437 493 2471 Eodem
513 2437 719 2482 imperante,
759 2442 887 2471 tantum
910 2436 1207 2483 Constantinopoli
1236 2436 1351 2471 extitit
1369 2435 1577 2478 incendium,
1615 2447 1725 2481 quan-

268 2485 340 2516 tum
359 2488 460 2516 antea
475 2494 657 2527 nunquam:
683 2494 703 2517 a
724 2483 806 2516 mari
831 2483 917 2517 enim
941 2484 985 2517 ad
1006 2495 1099 2518 mare
1117 2482 1340 2527 conflagravit
1369 2482 1465 2516 urbs.
1511 2482 1583 2516 Leo
1605 2481 1725 2526 itaque

269 2527 460 2572 Imperator
482 2528 669 2570 Palatium,
705 2527 748 2562 de
771 2540 811 2562 eo
834 2534 987 2563 metuens
1009 2541 1053 2563 ne
1076 2530 1117 2563 ab
1141 2529 1277 2573 ignibus
1300 2527 1531 2573 corriperetur
1553 2526 1723 2561 deseruitz

268 2571 472 2618 flumineque
504 2574 669 2618 trajecto,
703 2574 747 2607 D.
772 2573 975 2608 Marnantem
1006 2586 1044 2608 se
1066 2574 1235 2609 contulit:
1275 2573 1333 2608 ubi
1365 2584 1426 2618 per
1449 2584 1510 2608 sex
1534 2583 1666 2607 menses
1686 2571 1723 2607 in

268 2618 439 2653 Processu
459 2620 748 2661 commorabatur3
774 2620 934 2654 extructis
952 2619 1084 2653 interim
1104 2620 1153 2654 ibi
1193 2622 1271 2653 ortu
1287 2623 1322 2653 et
1340 2618 1492 2661 Porticu,
1518 2630 1619 2664 quam
1638 2617 1723 2652 Por-

266 2664 371 2698 ticum
393 2666 528 2698 Novam
545 2665 752 2711 appellavit;
785 2676 852 2709 quo
869 2665 1000 2699 nomine
1019 2676 1127 2710 usque
1145 2677 1165 2699 a
1191 2666 1255 2699 huc
1272 2668 1426 2699 vocatur.

358 2710 450 2744 Idem
481 2711 667 2755 Imperator
697 2711 768 2746 Leo
801 2710 913 2745 navali
945 2710 1070 2755 praelio
1103 2710 1306 2745 formidabili
1331 2709 1560 2744 Sinzerichum
1581 2707 1720 2743 Vanda-

267 2755 345 2796 lum,
378 2756 534 2790 Afrorum
552 2768 678 2801 regem,
709 2757 905 2801 impetebat,
928 2756 1030 2790 misso
1047 2756 1083 2789 in
1103 2768 1176 2791 eum
1196 2768 1268 2790 cum
1284 2756 1392 2791 classe
1409 2755 1540 2800 ingenti
1555 2754 1721 2789 Basilisco

267 2800 441 2843 Patricio,
464 2802 613 2836 Ver-inae
630 2805 824 2847 Augustae,
847 2802 973 2837 Leonis
996 2801 1128 2844 uxoris,
1152 2802 1272 2836 fratre.
1318 2802 1387 2836 Hic
1402 2813 1503 2842 vero,
1525 2798 1679 2846 pecuniis
1701 2810 1722 2833 a

268 2845 470 2881 Zinzericho
494 2847 721 2883 Vandalorum
745 2859 829 2893 rege
851 2847 1021 2894 accepti5‚
1056 2847 1215 2890 classem,
1260 2859 1334 2883 cum
1355 2846 1525 2882 Exarchis
1540 2849 1576 2881 et
1592 2843 1723 2880 comiti-
