1838 3230
264 218 392 246 xxxvx
769 197 1229 245 PROLEGOMENA·

379 314 471 354 XII.
530 314 672 356 Utrum
705 317 813 356 omni
858 315 1075 362 Haereseos
1111 317 1202 357 labe
1232 317 1416 357 immunis
1458 323 1562 358 esset
1582 322 1734 357 ‚no-ter

269 382 629 437 Chronographus,
660 399 709 423 au
739 385 875 438 potius
903 385 1053 424 faveret
1083 385 1382 439 praedictorum
1406 383 1737 435 Barchinon-uni

267 452 470 506 partibus,
500 451 599 490 adeo
619 459 665 491 ut
688 459 902 502 mereatur,
933 466 1022 492 cum
1049 453 1156 492 dicto
1175 452 1326 493 Joanne
1343 453 1560 502 maurico,
1590 450 1736 494 &Aioi-2

266 516 502 573 κρινόμενος
523 519 682 569 audire3
709 521 744 559 si
766 520 926 573 quidem
951 520 1153 572 inquirere
1182 535 1327 574 operae
1346 521 1541 575 pretium:
1559 519 1735 558 ‘nonde-z

269 595 363 627 sunt
383 601 484 639 quae
515 587 634 626 fidem
662 588 829 641 faciunt,
858 589 963 627 inter
991 588 1214 642 Scriptores
1241 603 1329 628 eum
1358 586 1618 628 orthodoxo«
1647 599 1735 627 esse

268 656 404 709 potius
440 657 792 697 annumerandum.
858 656 1113 709 Imperatoris
1166 657 1317 709 quippe
1355 655 1569 695 Iustiniani
1600 653 1734 706 fidem,

270 724 521 776 dogmatibus
539 723 839 763 Haereticorum
851 754 862 774 ‚
893 737 994 776 quos
1011 724 1158 764 Edictis
1174 725 1240 763 ille
1258 725 1537 773 damnaverat,
1567 723 1734 776 opponi.-

269 799 362 842 tam,
386 790 665 831 orthodoxam
685 794 872 845 appellat.
930 790 1161 831 Haeresium
1187 793 1371 845 (inquit)
1398 801 1605 831 sectatores
1622 806 1738 846 quos.

270 875 420 914 cunque
446 857 624 898 Romani
641 856 801 913 Imperii
814 858 971 915 finibus
991 858 1178 899 excedere
1193 861 1335 913 jussit,
1361 857 1517 900 indulta
1537 867 1666 897 tamen
1681 858 1737 898 eis

265 943 335 981 per
359 937 435 966 tres
461 942 606 965 menses
636 925 796 966 licentia
817 929 853 967 si
875 929 944 982 qui
969 943 1039 982 per
1067 927 1111 967 id
1134 937 1280 981 tempus
1300 927 1436 968 Fidem
1459 924 1736 967 orthodoxam

268 992 571 1048 amplecteretur.
629 995 694 1033 Sic
714 995 791 1033 alio
814 995 854 1034 in
874 997 962 1034 loco
982 996 1029 1034 de
1047 986 1290 1035 Justiniano:
1322 994 1404 1034 Sub
1423 993 1532 1034 illius
1557 994 1736 1046 (inquit)

270 1063 431 1115 imperio
447 1060 688 1101 Haeresibus
704 1063 823 1101 variis
847 1062 1095 1103 interdictum
1122 1072 1189 1102 est.
1248 1063 1356 1102 Inter
1375 1062 1470 1102 istas
1492 1076 1588 1102 vero
1609 1062 1738 1102 nomi*

270 1129 390 1168 natim
410 1128 531 1166 fuisse
548 1128 813 1181 Eutychianae
835 1132 1117 1180 interdictum,
1154 1146 1203 1170 ex
1231 1131 1381 1171 Edictis
1399 1132 1444 1174 5⁰
1480 1137 1520 1171 et
1551 1132 1598 1174 6⁰
1627 1130 1737 1183 apud.

274 1193 454 1235 Codicem
473 1193 779 1236 Iustinianaeum
802 1199 845 1237 in
871 1198 1003 1238 Titulo
1027 1201 1081 1241 1⁰.
1098 1200 1141 1238 fit
1161 1199 1436 1252 conspicuum.
1481 1200 1608 1238 Datur
1631 1199 1735 1238 alius

271 1262 434 1315 quidem
456 1262 498 1300 in
525 1277 571 1301 eo
595 1264 731 1315 locus,
762 1267 829 1317 qui
860 1268 993 1306 forsan
1021 1267 1222 1306 nonnullis
1251 1267 1436 1306 videatur
1461 1273 1735 1319 argumentum

271 1330 592 1380 subministrare,
631 1346 718 1371 eum
765 1332 1089 1389 Eutychianorum
1118 1335 1370 1388 opinionibus
1399 1334 1567 1374 tinctum
1591 1333 1736 1390 fuisse3

271 1398 384 1437 locus
423 1398 577 1437 scilicet
607 1398 681 1438 iste
713 1399 783 1438 ubi
816 1400 937 1440 habet
969 1416 1191 1442 sermonem
1222 1404 1271 1443 de
1301 1403 1347 1442 V
1342 1401 1499 1444 italiam·
1523 1402 1738 1441 rebellione

273 1472 411 1504 contra
429 1466 526 1518 Imp.
547 1464 822 1519 Anastasium‚
849 1468 1147 1524 Eutychianum‚
1177 1472 1219 1510 in
1249 1472 1365 1511 fidem
1386 1469 1631 1510 catholicam
1652 1483 1737 1510 sae-

272 1534 470 1583 vientem,
501 1539 539 1572 et
566 1534 783 1587 Episcopos
821 1534 1079 1578 orthodoxos
1107 1552 1128 1579 e
1154 1540 1321 1579 Sedibus
1341 1538 1422 1577 suis
1441 1537 1738 1587 deturbantem3

274 1615 393 1654 quem
418 1599 667 1640 Vitalianum
698 1603 754 1641 ait
778 1602 919 1643 Victor
939 1605 1160 1658 Episcopus
1194 1605 1437 1647 Tununensis
1465 1611 1603 1644 contra
1624 1605 1739 1644 illum

274 1683 382 1708 arma
415 1668 567 1720 cepisse
595 1678 764 1723 propter
793 1669 908 1710 Fidei
938 1670 1167 1714 Catholicae
1197 1674 1500 1723 subversionem,
1529 1683 1564 1712 et
1589 1671 1740 1724 Synodi

277 1734 602 1776 Chalcedonensis
634 1736 942 1788 damnationem,
973 1742 1273 1797 remotionesque
1296 1738 1741 1795 orthodoxorum-Epi-

273 1818 479 1857 scoporum
510 1815 627 1859 atque
653 1807 910 1845 successiones
929 1805 1242 1850 Haereticomm.
1300 1810 1356 1848 De
1383 1809 1450 1848 illa
1469 1808 1660 1848 Vitaliani
1675 1822 1739 1848 re-

273 1871 445 1918 bellione
466 1872 589 1911 verba
609 1873 780 1924 faciens,
810 1880 847 1912 et
865 1874 907 1912 in
926 1874 1061 1926 fugam
1080 1890 1169 1916 eum
1196 1885 1327 1917 actum
1357 1890 1544 1916 enarrans
1567 1874 1739 1916 Clu-ono-

271 1937 446 1991 graphas
474 1947 611 1979 noster
639 1941 697 1979 sic
721 1941 944 1993 subjungit:
979 1943 1062 1984 Καὶ
1087 1944 1246 1998 ἐνίκησε
1269 1945 1293 1987 o‘
1310 1943 1452 1997 Σωτήρ
1470 1941 1641 1998 Χριστός
1670 1943 1739 1985 καὶ

273 2005 304 2059 ἦ
323 2009 394 2046 τοῦ
417 2007 607 2059 βασιλέως
627 2004 738 2061 τύχη.
797 2008 922 2050 Hanc
950 2025 1038 2051 vero
1075 2013 1280 2054 victoriam
1310 2011 1536 2053 conciliavit
1556 2013 1739 2051 Salvator

276 2073 455 2112 Christus
481 2085 515 2113 et
537 2073 789 2128 Imperatoris
803 2076 992 2132 fortuna.
1053 2080 1163 2129 Quae
1192 2081 1314 2120 verba
1332 2081 1543 2120 videantur
1560 2079 1737 2119 indicare

275 2142 402 2181 zelum
424 2142 509 2195 ejus
529 2149 667 2181 contra
687 2157 844 2182 causam
874 2144 921 2183 V
915 2145 1073 2187 italiani
1081 2178 1092 2198 ‚
1125 2156 1163 2190 et
1187 2147 1312 2200 ipsius
1344 2147 1469 2186 fuisse
1495 2147 1737 2200 opinionem,

230 2235 235 2237 -
274 2225 347 2263 pro
377 2210 619 2262 Imperatore
644 2217 830 2262 tanquam
861 2226 935 2264 pro
966 2213 1142 2255 Veritate
1168 2215 1367 2255 Christum
1398 2214 1614 2254 dimicasse.
1682 2214 1738 2256 At

274 2285 478 2329 utcunque
497 2276 575 2316 hoc
596 2279 798 2318 nonnullis
816 2280 946 2332 prima
977 2281 1107 2322 fronte
1128 2283 1332 2332 videatur,
1361 2282 1502 2322 exinde
1528 2290 1657 2323 tamen
1675 2282 1737 2321 ni-

274 2344 332 2383 hil
347 2352 478 2398 potest
496 2345 586 2399 jure
606 2346 769 2398 inferri3
800 2348 879 2387 dici
901 2349 1000 2388 enim
1023 2350 1099 2389 ista
1120 2365 1140 2389 a
1161 2348 1316 2390 Male-la
1345 2356 1536 2403 potuere,
1565 2350 1657 2404 quia
1676 2365 1738 2390 ar-

274 2427 338 2452 ma
367 2408 700 2454 rebellia'contra
726 2416 949 2468 Principem
979 2431 1094 2456 suum
1125 2416 1354 2458 Vitalianus
1381 2424 1614 2471 sumpserat.
1670 2418 1737 2456 Sic

275 2481 341 2519 alii
376 2483 556 2534 profecto
586 2484 809 2536 Scriptores
845 2482 1074 2524 orthodoaei
1100 2485 1149 2525 de
1180 2486 1288 2525 bello
1314 2499 1336 2524 a
1371 2484 1418 2524 V
1412 2484 1579 2525 italiana
1612 2490 1737 2535 moto,

275 2553 463 2599 tanquam
483 2549 533 2588 de
553 2564 597 2589 re
622 2551 880 2604 improbanda
905 2552 1149 2604 loquuntur,
1182 2553 1361 2606 quamvis
1385 2553 1485 2593 bene
1515 2554 1564 2592 de
1583 2568 1628 2592 eo
1649 2567 1740 2592 sen-

275 2614 370 2653 sisse
397 2617 581 2658 videatur
607 2619 751 2659 citatus
785 2619 938 2660 Victor.
1012 2621 1184 2672 Cyrillus
1215 2620 1570 2674 Scythopolitanus
1594 2622 1636 2660 in
1660 2621 1738 2660 Vi-

274 2691 315 2720 ta
334 2681 378 2723 S.
404 2683 535 2723 Sabae
551 2685 593 2738 l)
623 2688 728 2727 illius
749 2688 999 2728 rebellionem
1020 2688 1203 2730 damnare
1230 2689 1412 2740 videtur,
1441 2689 1512 2731 sed
1535 2690 1736 2743 aliquanto

320 2824 330 2844 ¹
343 2825 361 2869 )
385 2837 461 2871 cap.
480 2828 537 2865 57.
