1838 3230
218 190 220 193 ’
258 189 323 236 60
654 181 940 228 IOANNIS
969 183 1306 229 MALALAE

256 298 432 359 πατρός·
469 297 518 358 ἦν
536 303 580 346 δὲ
599 300 619 346 ὅ
636 301 785 360 Ἰωσὴφ
809 300 958 359 ὡραῖος
977 307 1028 361 τῇ
1048 303 1142 364 θέᾳ.
1191 303 1301 355 ὅστις
1315 303 1466 363 Ἰωσὴφ
1484 301 1708 368 ἡρμήνευσε

206 375 236 410 C
259 371 306 415 τὸ
337 370 474 428 ὅραμα
506 375 565 429 τῷ
593 375 757 425 βασιλεῖ
786 370 965 429 Φαραώ,
1004 371 1100 430 ὅπερ
1128 371 1227 416 εἶδεν
1252 373 1378 416 ἕνεκεν
1396 377 1468 416 τοῦ
1488 373 1709 427 μέλλοντος

130 421 163 455 O
187 422 234 457 72
255 441 440 496 γίνεσθαι
471 443 590 494 λιμοῦ
612 442 666 489 εἷς
686 439 759 494 τὴν
778 439 989 495 Αἴγυπτον
1007 443 1073 483 καὶ
1095 442 1150 490 εἷς
1170 445 1305 483 πᾶσαν
1319 439 1461 499 χώραν
1483 442 1544 483 ἐπὶ
1563 441 1634 498 ἕτη
1657 441 1703 495 ζ.

256 510 324 551 καὶ
344 505 568 563 θαυμάσας
589 505 609 549 ὃ
627 507 817 559 βασιλεὺς
835 508 910 563 τὴν
925 513 997 551 τοῦ
1012 509 1161 566 Ἰωσὴφ
1183 507 1393 567 φρόνησιν,
1426 509 1707 568 ἠλευθέρωσεν

258 574 406 628 αὐτόν,
443 577 510 618 καὶ
538 574 682 618 ἔδωκεν
715 575 825 634 αὐτῷ
854 576 969 627 ἀξίαν
996 576 1172 633 μεγάλην
1201 579 1267 620 καὶ
1295 578 1369 632 τὴν
1393 579 1603 636 θυγατέρα
1632 582 1705 622 τοῦ
1715 589 1738 624 5

258 643 467 701 ἀρχιερέως
491 641 787 694 Ἡλιουπόλεως
810 649 884 700 τῆς
911 644 1035 701 οὔσης
1053 647 1094 688 ἐν
1112 644 1309 704 Αἰγύπτῳ
1334 648 1390 696 εἷς
1409 653 1602 702 γυναῖκα,
1639 664 1706 690 κε-

256 711 403 761 λεύσας
431 711 554 754 αὐτὸν
586 713 745 755 διοικεῖν
772 712 847 767 τὴν
866 713 1079 770 Αἴγυπτον
1107 719 1242 756 πᾶσαν
1268 715 1332 757 ἐπὶ
1362 712 1393 767 ζ
1420 714 1489 770 ἔτη
1515 716 1581 757 καὶ
1605 713 1705 769 ἔχειν

256 781 441 831 ἐξουσίαν
462 778 518 829 ὡς
534 778 726 834 βούλεται
752 779 954 836 πράττειν.
1024 781 1134 832 ὅστις
1148 782 1301 839 >Ἰωσὴφ
1323 784 1440 835 κτίζει
1458 781 1578 840 ὥρεῖα
1587 815 1601 835 ,
1638 784 1706 825 καὶ

256 848 498 891 ἀποτίθεται
530 855 642 891 σῖτον
669 850 710 891 ἓν
740 849 879 900 αὐτοῖς
904 854 986 893 τῶν
1017 848 1118 893 ἑπτὰ
1151 851 1343 894 ἐνιαυτῶν
1353 883 1367 904 ,
1399 852 1466 894 καὶ
1488 848 1705 907 ἐχορήγησε

255 920 465 972 πανταχοῦ
499 916 548 958 δι’
584 915 731 960 ἑαυτοῦ
761 916 834 972 τήν
861 936 904 961 τε
924 918 1148 976 ἀγορασίαν
1170 921 1236 961 καὶ
1254 919 1329 974 τὴν
1349 918 1487 969 ἔξοδον
1505 924 1578 974 τῆς
1598 917 1704 975 πρά-ι
1716 932 1760 967 10

257 1001 382 1037 σεως,
419 982 592 1039 ποιήσας
618 983 672 1035 ὥς
698 984 915 1042 ἠβουλήθη
947 985 1081 1037 αὐτός.
1153 989 1220 1029 καὶ
1247 991 1319 1042 τῆς
1347 991 1466 1042 λιμοῦ
1492 987 1705 1043 γενομένης

224 1069 228 1071 “
261 1055 316 1103 εἷς
334 1057 469 1095 πᾶσαν
489 1052 562 1107 τὴν
580 1057 667 1109 γῆν,
703 1049 837 1108 ἦλθον
858 1055 896 1097 οἳ
915 1055 1083 1112 ἀδελφοὶ
1106 1054 1231 1098 αὐτοῦ
1253 1054 1331 1097 ἀπὸ
1348 1059 1421 1110 τῆς
1439 1059 1512 1110 γῆς
1528 1055 1704 1099 Χαναὰν

202 1131 235 1165 D
260 1123 316 1171 εἷς
333 1121 543 1176 Αἰγυπτον
575 1119 774 1178 ἀγοράσαι
807 1129 932 1166 σῖτον.
1001 1126 1066 1167 καὶ
1089 1123 1268 1179 ἐπιγνοὺς
1290 1122 1600 1180 αὖτοὺςἸωσὴφ
1620 1123 1705 1166 ἐκέ-

257 1193 373 1231 λευσε
395 1193 651 1244 κρατηθῆναι
673 1188 835 1242 αὐτούς,
871 1193 937 1233 καὶ
956 1190 1183 1249 ε’θάρῥησεν
1200 1191 1338 1241 αὐτοῖς
1357 1190 1418 1234 ὅτι
1435 1190 1610 1248 ἀδελφὸς
1628 1191 1705 1234 αὗ-

256 1261 339 1300 τῶν
370 1255 563 1313 ὖπάρχει,
601 1259 667 1300 καὶ
694 1256 917 1314 ἠνάγκασεν
948 1260 1096 1309 αὐτοὺς
1128 1260 1320 1302 ἀπελθεῖν
1341 1261 1407 1302 καὶ
1423 1259 1583 1316 ἀγαγεῖν
1600 1259 1701 1316 πρὸς
1713 1271 1756 1306 15

255 1325 383 1368 αὐτὸν
411 1325 482 1368 τὸν
508 1325 684 1382 ἀδελφὸν
713 1326 840 1369 αὐτοῦ
869 1327 938 1370 τὸν
968 1327 1204 1384 μικρότερον
1229 1327 1300 1370 τὸν
1321 1330 1514 1382 Βενιαμὶν
1536 1329 1602 1371 καὶ
1629 1328 1701 1370 τὸν

256 1394 412 1449 πατέρα
447 1393 572 1436 αὐτοῦ
597 1394 743 1448 Ἰακὼβ
770 1397 837 1436 καὶ
867 1396 940 1450 τὴν
972 1397 1197 1452 συγγένειαν
1226 1396 1351 1438 αὐτοῦ
1380 1400 1528 1438 πᾶσαν.
1598 1396 1637 1438 οἶ
1657 1397 1702 1438 δὲ

253 1461 426 1518 ἀδελφοὶ
449 1461 574 1504 αὐτοῦ
597 1460 844 1512 ἀπελθόντες
867 1463 1034 1519 ἤνεγκαν
1061 1464 1162 1520 πρὸς
1184 1463 1255 1507 τὸν
1278 1463 1426 1520 Ἰωσὴφ
1451 1463 1522 1506 τὸν
1544 1464 1700 1519 πατέρα

128 1543 161 1575 0
186 1542 231 1578 73
257 1530 392 1572 αὐτῶν
421 1531 488 1571 καὶ
515 1529 587 1572 τὸν
609 1530 784 1588 ἀδελφὸν
810 1531 946 1574 αὐτῶν
974 1532 1045 1574 τὸν
1066 1534 1258 1586 Βενιαμὶν
1287 1534 1352 1573 καὶ
1374 1531 1447 1587 τὴν
1473 1532 1700 1587 συγγένειαν

252 1597 389 1640 αὐτῶν
406 1601 557 1650 πᾶσαν,
581 1596 760 1653 ὀνόματα
781 1598 834 1642 οε’
854 1600 1072 1658 ἆῤῥενικῶν
1088 1618 1130 1643 τε
1151 1602 1216 1642 καὶ
1233 1604 1438 1656 θηλυκῶν.
1490 1601 1557 1642 καὶ
1577 1597 1695 1656 ἕκρά-
1707 1612 1755 1646 20

250 1683 370 1721 τησεν
389 1666 538 1715 αὐτοὺς
554 1666 702 1723 Ἰωσὴφ
725 1669 814 1720 ἐκεῖ,
839 1670 904 1710 καὶ
923 1667 1086 1726 ᾤκησαν
1107 1668 1180 1723 τὴν
1193 1668 1406 1724 Αἴγυπτον
1427 1669 1488 1709 ἐπὶ
1509 1668 1578 1723 ἔτη
1597 1671 1698 1710 πολ-

251 1733 303 1776 λά
316 1749 326 1758 ·
356 1736 423 1777 καὶ
440 1734 589 1789 ἐγένετο
609 1739 771 1790 πλῆθος
792 1735 955 1793 ἄπειρον
977 1738 1019 1787 ἐξ
1039 1737 1173 1779 αὐτῶν
1193 1734 1494 1791 τῶνἙβραίων,
1512 1739 1700 1778 οἰκοῦντα

250 1803 292 1845 ἐν
322 1800 520 1862 Αἰγύπτῳ
556 1803 630 1853 ἕως
656 1803 846 1854 Μωσέως
874 1809 947 1847 τοῦ
976 1804 1260 1855 κελευσθέντος
1289 1802 1367 1847 ὕπὸ
1396 1808 1497 1848 θεοῦ
1532 1802 1699 1858 ἐκβάλαι

342 1921 379 1957 4.
410 1918 658 1967 ἠλευθέρωσεν
688 1924 774 1966 Ch„
822 1922 1062 1971 ἓλευθέρωσεν
1096 1925 1164 1959 Ox·
1287 1924 1320 1958 6.
1353 1921 1597 1963 Ἰλιουπόλεως
1627 1923 1695 1957 Ox.

346 1967 400 2003 14.
426 1968 650 2015 ἐθάῤῥησεν]
674 1970 774 2003 Conf.
798 1971 864 2004 vol.
887 1971 932 2004 II.
956 1983 991 2017 p.
1013 1973 1069 2007 83.
1093 1971 1134 2005 C.
1241 1971 1299 2006 22.
1326 1970 1522 2014 οἰκοῦντα]
1549 1967 1696 2005 οἰκούν-

346 2027 420 2049 των
442 2015 508 2050 Ch.
554 2016 627 2049 Sed
650 2027 682 2050 v.
706 2016 751 2050 ad
774 2027 808 2061 p.
833 2017 887 2053 15.
911 2016 955 2051 D.

255 2115 349 2162 patri
378 2116 498 2151 charus
521 2120 627 2159 esset,
661 2129 781 2152 venum
814 2117 997 2160 dederant,
1040 2118 1141 2163 (erat
1162 2117 1249 2152 enim
1280 2118 1389 2153 forma
1410 2116 1696 2163 pulcherrimus‚)

252 2161 347 2196 emit.
391 2163 555 2208 Josephus
576 2174 657 2196 vero
680 2175 753 2196 cum
769 2163 954 2197 Pharaonis
973 2165 1015 2198 de
1037 2163 1189 2210 septenni
1207 2165 1316 2206 fame,
1338 2166 1528 2209 Aegyptum
1551 2175 1698 2199 omnem-

256 2219 323 2252 que
347 2207 478 2252 penitus
500 2207 672 2252 regionem
694 2208 868 2250 invasura,
903 2209 1061 2243 somnium
1083 2210 1324 2254 interpretatus
1347 2216 1451 2250 esset,
1483 2209 1696 2254 prudentiam

256 2252 396 2287 hominis
419 2253 494 2287 Rex
517 2253 710 2295 admiratus,
733 2254 892 2287 libertate
915 2255 1006 2298 prius
1028 2255 1185 2289 donatum
1208 2266 1329 2294 summo
1351 2255 1470 2289 habuit
1492 2255 1527 2288 in
1547 2256 1696 2295 honore3

255 2299 429 2343 filiamque
450 2298 624 2333 Pontificis
642 2299 880 2343 Heliopoleos,
904 2302 1052 2345 Aegypti
1074 2301 1185 2342 urbis,
1206 2300 1242 2334 in
1264 2312 1398 2335 uxorem
1421 2300 1534 2340 dedit3
1559 2310 1696 2334 conces-

254 2356 292 2378 sa
316 2343 417 2378 etiam
441 2344 473 2378 ei
494 2347 685 2389 potestate,
723 2347 913 2389 Aegyptum
936 2349 1040 2379 totam
1063 2357 1124 2391 per
1154 2346 1360 2391 septennium
1383 2357 1444 2392 pro
1466 2345 1564 2379 libitu
1588 2345 1696 2378 admi*

254 2389 432 2424 nistrandi.
478 2389 650 2424 Extructis
677 2389 799 2434 itaque
830 2390 980 2432 horreis,
1019 2391 1184 2436 Josephus
1210 2395 1337 2437 septem
1366 2402 1524 2426 annorum
1547 2401 1695 2435 proven—

252 2440 323 2470 tum
352 2434 471 2470 iisdem
502 2434 672 2476 condidit;
708 2446 887 2480 curamque
917 2436 1020 2470 totius
1051 2436 1228 2481 emptionis
1256 2436 1525 2480 venditionisque
1554 2436 1628 2479 ipse
1657 2435 1695 2468 in

251 2493 288 2514 se
311 2481 455 2526 recepit.
515 2481 618 2515 Fame
641 2483 750 2515 autem
774 2492 835 2525 per
857 2485 982 2515 terram
1004 2481 1192 2516 universam
1214 2486 1389 2527 grassante
1409 2479 1548 2526 Josephi
1570 2481 1693 2515 fratres

248 2538 272 2560 e
305 2530 398 2561 terra
433 2526 594 2560 Chanaan
623 2526 659 2560 in
691 2526 904 2571 Aegyptum,
948 2526 1108 2561 frumenti
1139 2527 1312 2562 coemendi
1346 2538 1471 2568 causa,
1512 2525 1695 2559 descende-

251 2576 348 2605 runt:
392 2583 474 2617 quos
496 2572 553 2606 ubi
584 2571 671 2607 vidit
692 2571 878 2616 Josephus,
916 2572 1032 2605 fratris
1066 2584 1142 2606 usus
1165 2572 1308 2613 fiducia,
1343 2572 1433 2617 ipsos
1456 2571 1693 2615 comprehendi

248 2617 368 2660 jussit,
400 2617 580 2663 missosque
601 2617 735 2652 tandem
755 2617 901 2659 faciens,
931 2617 983 2651 uti
1005 2617 1232 2661 Benjaminum
1253 2618 1392 2651 fratrem
1414 2628 1506 2650 suum
1527 2620 1609 2651 natu
1630 2616 1693 2650 mi-

248 2673 368 2696 norem
392 2667 427 2696 et
448 2663 611 2698 =Iacobum
633 2667 783 2708 patrem,
813 2666 987 2707 totumque
1019 2662 1165 2707 denique
1198 2661 1386 2696 familitium
1408 2673 1523 2696 eorum
1545 2662 1609 2696 sibi
1631 2662 1692 2696 ad-

250 2707 434 2749 ducerent,
465 2708 646 2743 mandavit.
692 2708 810 2753 Illique
832 2709 1013 2750 abeuntes,
1043 2708 1135 2751 jussa
1158 2708 1229 2751 ejus
1253 2707 1386 2741 executi
1408 2713 1506 2742 sunt:
1543 2712 1692 2752 patrem—

252 2763 322 2795 que
342 2764 456 2796 suum,
488 2758 523 2788 et
545 2753 773 2799 Benjaminum
794 2754 955 2794 fratrem,
992 2764 1187 2797 omnemque
1209 2753 1295 2787 adeo
1318 2753 1491 2798 utriusque
1512 2764 1611 2788 sexus
1633 2764 1692 2787 co-

250 2797 464 2841 gnationem,
493 2811 629 2834 numero
652 2811 745 2835 cxxv
768 2811 878 2834 secum
899 2799 1078 2840 ducentes,
1112 2809 1134 2834 a
1152 2799 1299 2843 Josepho
1323 2798 1498 2832 habitandi
1519 2799 1555 2832 in
1578 2801 1693 2842 Aegy-

251 2847 313 2887 pto
346 2843 455 2880 locum
478 2850 692 2892 acceperunt.
739 2845 841 2882 Unde
862 2856 935 2880 cum
969 2848 1046 2892 post
1068 2843 1188 2880 multos
1211 2855 1314 2880 annos
1344 2844 1379 2879 in
1409 2844 1597 2887 immensam
1611 2854 1692 2877 ⁴cre-
