1838 3230
266 182 332 233 58
664 177 955 224 IOANNIS
983 178 1319 224 MALALAE

266 317 347 345 ται.
419 297 531 351 ὅστις
547 299 669 350 2560,-
686 299 730 342 ἐκ
747 303 821 354 τῆς
835 295 1048 355 Αἰγύπτου
1068 298 1252 344 ἐπελθών
1269 299 1474 358 παρέλαβε
1489 299 1564 358 τὴν
1578 298 1717 360 χώραν

264 373 347 413 τῶν
367 369 589 425 λεγομένων
608 369 859 411 Χαναναίων
879 368 1076 421 ἐθνικῶν,
1113 367 1221 412 τοῦτ’
1257 369 1342 412 ἐστὶ
1362 369 1437 424 τὴν
1459 373 1533 412 νῦν
1553 371 1718 427 λεγομέ-

265 456 338 494 νην
355 437 650 491 Παλαιστίνην.
702 437 768 478 καὶ
785 433 992 487 ὑποτάξας
1009 436 1135 492 αὐτὴν
1156 435 1308 496 ᾤκησεν
1328 438 1411 480 ἐκεῖ
1423 438 1465 480 ἐν
1487 437 1614 495 αὐτῇ·
1649 440 1718 483 καὶ

265 507 384 559 κτίζει
412 503 552 558 πόλιν,
586 504 637 560 ἣν
665 502 826 547 ἐκάλεσε
854 502 1004 548 Σιδόνα
1026 507 1080 556 εἷς
1101 505 1230 559 ὄνομα
1252 506 1378 558 ἴδιον,
1413 504 1502 561 ἥτις
1521 511 1593 549 νῦν
1609 507 1718 552 ἐστιν

263 572 343 617 ὖπό
373 573 447 628 τὴν
480 574 672 628 Φοινίκην
698 570 853 630 χώραν.
923 574 990 615 καὶ
1017 573 1157 617 λοιπὸν
1177 575 1220 615 ἐκ
1241 579 1316 618 τοῦ
1335 574 1473 631 γένους
1495 579 1568 617 τοῦ
1588 576 1750 626 Σίδου5

265 640 454 697 κατήχθη
476 639 497 684 ὅ
518 641 655 696 Μέλχι
666 673 679 693 ,
711 639 733 684 ὃ
753 641 888 698 πατὴρ
909 645 982 684 τοῦ
1003 642 1149 694 Σεδέκ,
1177 640 1387 698 γενόμενος
1408 642 1535 700 ἱερεὺς
1552 645 1618 686 καὶ
1636 648 1717 699 βα-

266 710 397 759 σιλεὺς
417 706 621 765 ἐπεκλήθη
642 709 907 765 Μελχισεδέκ,
938 707 993 760 ὥς
1011 710 1321 768 προγέγραπται.
1360 705 1479 761 οὗτος
1497 706 1569 754 οὖν
1585 710 1719 768 ὑπῆρ-

260 796 333 834 χεν
353 777 479 834 ἱερεὺς
504 779 571 820 καὶ
590 779 783 833 βασιλεὺς
802 782 884 821 τῶν
902 780 1174 831 Χαναναίων,
1212 781 1279 821 καὶ
1306 778 1433 823 ἔκτισε
1463 777 1579 822 πόλιν
1599 781 1641 824 ἐν
1658 785 1717 840 τῷ

266 846 348 904 ὄρει
377 850 436 905 τῷ
464 846 663 905 λεγομένῳ
692 845 822 899 Σιών,
859 844 999 901 ἥντινα
1021 845 1181 890 ἐκάλεσε
1210 846 1374 903 Σαλήμ,
1413 846 1509 904 ὅπερ
1533 849 1641 892 ἐστὶν
1660 851 1718 892 εῖ-

211 927 244 961 D
269 913 393 973 ρήνης
411 911 539 964 πόλις.
595 916 662 957 καὶ
683 916 939 970 ἐβασίλευσεν
958 916 1000 958 ἐν
1019 915 1123 973 αὐτῇ
1145 914 1213 970 ἴτη
1234 914 1323 973 ριγ’,
1353 918 1419 961 καὶ
1439 920 1618 977 τελευτᾷ,
1653 918 1716 960 δί-
1727 930 1772 965 10

265 1000 379 1034 καιος
406 984 474 1025 καὶ
502 983 731 1038 παρθένος,
778 983 921 1033 καθὼς
947 982 1145 1038 Ἰώσηπος
1177 985 1218 1027 ἐν
1250 988 1302 1041 τῇ
1333 984 1593 1045 ἆρχαιολογίᾳ
1632 985 1717 1036 ἐξέ-

143 1062 177 1096 Ο
201 1063 246 1098 70
268 1057 383 1095 θετο.
453 1052 521 1094 καὶ
545 1049 734 1107 Ἰωάννης
764 1053 809 1094 δὲ
835 1053 903 1094 καὶ
928 1050 1155 1110 Κύριλλος,
1191 1053 1231 1095 οἷ
1258 1050 1471 1096 ὅσιώτατοι
1491 1053 1714 1110 ἐπίσκοποι,

264 1120 318 1165 τὰ
348 1118 455 1163 αὐτοὶ
478 1117 601 1164 εἶπον.

361 1187 461 1231 Ἀπὸ
483 1183 554 1231 οὖν
575 1192 648 1231 τοῦ
669 1192 956 1241 κατακλυσμοῦ
978 1188 1052 1238 ἕως
1065 1187 1254 1245 Ἀβραὰμ
1271 1186 1341 1243 ξ’τη
1364 1189 1463 1232 εῗσὶν
1485 1187 1596 1246 wby‘,
1635 1187 1717 1232 ἀπὸ

265 1258 311 1301 δὲ
341 1261 416 1312 τῆς
443 1258 709 1313 πυργοποιίας
739 1257 807 1312 ἔτη
842 1258 916 1299 εἶσὶ
944 1254 1048 1313 φκγ’.
1119 1259 1185 1299 καὶ
1217 1257 1366 1313 ἐγένετο
1397 1257 1606 1311 μετέπειτα
1633 1257 1714 1300 ἀπὸ
1728 1267 1771 1303 15

256 1325 448 1383 Ἀβραὰμ
461 1327 527 1367 καὶ
542 1323 696 1378 Ἰσαάκ,
722 1329 796 1368 τοῦ
816 1325 922 1376 υἶοῦ,
942 1327 1007 1367 καὶ
1024 1323 1184 1377 Ἰακώβ,
1205 1329 1278 1367 τοῦ
1301 1323 1461 1381 ἐκγόνου
1483 1325 1623 1378 αὐτοῦ,
1649 1326 1715 1368 καὶ

261 1399 337 1437 τοῦ
368 1392 600 1450 σπέρματος
627 1393 783 1446 αὐτῶν,
821 1394 863 1444 ἐξ
897 1387 952 1436 ὧν
981 1395 1079 1436 εἶσιν
1105 1391 1307 1448 Ἑβραῖοι,
1346 1393 1424 1439 ἀπὸ
1445 1398 1528 1436 τῶν
1554 1392 1716 1450 χρόνων

261 1467 336 1506 τοῦ
351 1461 541 1518 Ἀβραὰμ
561 1462 633 1505 τὸν
646 1466 888 1519 χαρακτῆρα
905 1465 977 1504 τοῦ
997 1460 1146 1511 ἔθνους
1164 1461 1231 1503 διὰ
1251 1465 1467 1518 περιτομῆς
1493 1460 1712 1520 εἷληφότες.

263 1532 371 1575 ἐστὶν
387 1525 460 1573 οὖν
479 1529 558 1572 ἀπὸ
573 1530 704 1584 Ἀδὰμ
724 1530 798 1580 ἕως
814 1533 888 1573 τοῦ
904 1528 1093 1586 Ἀβραὰμ
1114 1529 1183 1585 ἐτη
1205 1527 1356 1589 ,σψμεῖ

357 1596 406 1642 ‘O
444 1598 489 1642 δὲ
525 1597 714 1656 Ἀβραὰμ
741 1594 792 1654 ἦν
823 1599 923 1641 ἐτῶν
955 1595 1006 1655 ρ’,
1044 1595 1110 1640 ὅτε
1140 1598 1319 1654 ἐγέννησε
1343 1596 1415 1641 τὸν
1446 1595 1608 1652 Ἰσαάκ,
1645 1600 1770 1643 mim

352 1721 387 1755 6.
420 1717 613 1764 γενόμενος
636 1716 773 1764 ἱερεὺς]
806 1718 951 1760 „Locus
971 1717 1038 1752 iste
1059 1718 1195 1752 mutilus
1223 1722 1389 1764 apparet;
1423 1714 1524 1760 ὅστις
1554 1719 1714 1764 supplen-

353 1766 430 1799 dum
453 1765 612 1808 videtum
648 1765 740 1810 quod
764 1764 866 1799 etiam
889 1775 957 1798 non
980 1764 1024 1798 ad
1047 1764 1192 1806 Melchi,
1224 1764 1283 1798 sed
1307 1763 1350 1798 ad
1373 1763 1540 1799 Sedecum
1561 1765 1714 1799 referen-

352 1810 476 1847 dum.“
501 1811 566 1845 Ch.
659 1814 713 1846 11.
745 1808 938 1856 Ἰώσηπος]
963 1810 995 1843 Is
1018 1810 1121 1844 Arch.
1142 1809 1172 1844 1.
1197 1813 1250 1846 10.
1274 1812 1307 1845 2.
1332 1810 1418 1843 haec
1433 1815 1578 1844 tantum:
1603 1806 1622 1845 ὅ
1648 1811 1715 1854 τῆς

354 1855 511 1900 Σόλυμα
531 1855 670 1897 πόλεως
687 1856 855 1904 βασιλεύς
872 1854 1134 1900 Μελχισεδέκης
1145 1866 1153 1875 ·
1179 1858 1347 1900 σημαίνει
1366 1853 1406 1889 δὲ
1420 1858 1531 1892 τοῦτο
1546 1855 1714 1902 βασιλεύς

358 1903 512 1943 δίκαιος.
605 1904 659 1938 15.
688 1902 918 1948 πυργοποΐας
941 1903 1009 1937 ΟΧ.
1099 1903 1182 1937 ibid.
1215 1901 1374 1946 ἐγένετο]
1405 1898 1629 1946 Ἰουδαϊσμὸς
1650 1902 1713 1937 ad-'

356 1947 410 1982 dit
432 1949 497 1983 Ch.
589 1950 644 1984 18.
670 1948 863 1995 εἰληφότος
886 1950 951 1983 Ch.
1043 1949 1100 1983 19.
1123 1948 1262 1995 ,⁶²Wss‘]
1285 1948 1452 1983 Numerus
1473 1948 1623 1984 vitiosus.

266 2062 356 2103 sunt,
379 2060 551 2095 oriundus.
597 2061 700 2096 Sidus
723 2062 811 2097 enim
832 2063 897 2097 iste
913 2062 1114 2109 Aegyptius,
1138 2063 1393 2098 Cananaeorum
1414 2061 1599 2107 regionem,
1624 2074 1712 2108 quae

266 2118 355 2141 nunc
376 2106 571 2142 Palaestina
600 2111 762 2149 vocatur,
799 2109 887 2143 bello
912 2119 1105 2153 aggressus,
1142 2109 1179 2143 in
1201 2113 1405 2154 potestatem
1437 2119 1532 2142 suam
1553 2108 1729 2152 redegit3.

266 2152 451 2197 Urbeque,
484 2163 581 2196 quam
604 2151 639 2186 in
663 2164 781 2187 nomen
803 2163 915 2195 suum,
949 2155 1107 2189 Sidonem
1131 2154 1335 2200 appellavit,
1372 2155 1485 2199 (quae
1506 2154 1712 2200 temporibus

266 2197 359 2232 hisce
381 2197 587 2231 Phoeniciae
611 2202 662 2231 est
685 2199 864 2242 ditionis‚)
890 2202 1065 2242 extructa,
1089 2200 1212 2235 ibidem
1234 2201 1330 2235 sedes
1351 2199 1472 2244 posuit.
1519 2200 1575 2234 Ex
1597 2202 1712 2245 poste-

266 2242 312 2277 ris
335 2246 446 2277 autem
469 2242 544 2276 Sidi
567 2243 663 2287 hujus
686 2247 762 2277 erat
785 2244 928 2285 Melchi,
964 2245 1088 2280 sedeci
1109 2251 1226 2293 pater:
1265 2246 1323 2291 qui
1344 2246 1419 2280 Rex
1444 2257 1517 2279 cum
1541 2249 1646 2286 esset,
1677 2247 1712 2279 et

265 2288 455 2330 Sacerdos3
488 2288 756 2323 Melchisedecus
777 2291 1027 2334 cognominatus
1049 2295 1121 2333 est,
1157 2296 1197 2326 ut
1218 2303 1319 2337 supra
1350 2291 1511 2336 scriptum
1533 2296 1595 2325 est.
1643 2289 1711 2324 Ca-

263 2333 402 2369 nanaeis
425 2333 550 2378 igitur,
583 2345 724 2378 quorum
759 2335 834 2369 Rex
867 2335 1023 2381 idemque
1045 2337 1202 2372 sacerdos
1226 2341 1321 2379 erat,
1354 2338 1490 2378 urbem,
1522 2347 1621 2380 quam
1644 2335 1710 2368 Sa-

263 2380 350 2421 lem,
384 2379 420 2413 id
446 2384 516 2421 est,
549 2380 650 2414 Pacis
672 2382 804 2422 urbem,
829 2381 988 2423 vocavit,
1020 2383 1056 2416 in
1079 2388 1192 2417 monte
1215 2383 1298 2417 Sion
1321 2381 1487 2417 condidit:
1524 2380 1602 2422 ubi,
1635 2391 1710 2414 cum

264 2436 368 2459 annos
400 2435 487 2460 cxm
517 2430 711 2469 regnasset,
740 2427 848 2471 justus
881 2430 916 2460 et
949 2428 1080 2462 caelebs
1114 2428 1201 2462 diem
1232 2440 1326 2462 suum
1357 2427 1460 2461 obiit:
1492 2425 1592 2460 sicuti
1614 2425 1711 2459 Jose-

262 2471 348 2550 phu?
357 2470 415 2550 din
449 2469 739 2516 Antiquitatibus3
779 2472 926 2506 Joaunes
948 2472 1029 2507 item
1051 2477 1087 2507 et
1110 2473 1277 2519 Cyrinus,
1316 2471 1514 2507 sanctissimi
1535 2470 1709 2517 Episcopi,

262 2521 319 2551 tra
343 2516 355 2550 i
380 2519 488 2551 erunt.

353 2562 383 2596 A
405 2561 543 2597 Diluvio
565 2562 702 2607 itaque,
726 2561 771 2596 ad
792 2562 1034 2604 Abrahamum,
1057 2562 1135 2596 anni
1157 2565 1372 2597 numerantur
1394 2561 1580 2607 octingenti
1603 2573 1710 2596 nona-

262 2606 360 2685 ginta
391 2611 480 2642 tres:
523 2620 545 2642 a
567 2608 688 2643 Turris
720 2613 828 2643 autem
854 2608 1129 2650 Constructione,
1163 2609 1242 2643 anni
1264 2618 1389 2642 nxxm.
1436 2609 1488 2642 Ab
1519 2608 1709 2642 Abrahamo

288 2652 429 2697 enique3
471 2656 506 2688 et
524 2653 642 2688 Isaaco
666 2654 736 2689 filio
760 2658 796 2688 et
822 2654 949 2688 Jacobo
972 2657 1112 2698 nepote,
1147 2653 1335 2698 semineque
1357 2654 1511 2695 illorum,
1550 2653 1619 2697 (ex
1643 2664 1708 2697 quo

263 2697 535 2734 Circumcisionis
559 2700 785 2734 characterem
813 2699 959 2745 suscepit
980 2699 1233 2742 Abrahamus‚)
1266 2700 1475 2734 Ebraeorum
1497 2710 1580 2743 gens
1603 2697 1710 2742 origi-

264 2753 341 2776 nem
362 2755 455 2778 suam
477 2744 621 2779 ductura
643 2750 704 2781 est.
750 2745 803 2780 Ab
825 2744 952 2780 Adamo
976 2749 1108 2788 autem,
1131 2745 1176 2780 ad
1198 2745 1441 2788 Abrahamum,
1464 2744 1544 2779 anni
1566 2743 1709 2779 effluxe-

264 2790 344 2824 runt
365 2799 593 2824 mnnnccxnv.

358 2834 566 2872 Abrahamus
589 2847 695 2881 vero,
718 2839 849 2873 centum
872 2847 975 2873 annos
996 2838 1112 2880 natus,
1136 2835 1254 2882 genuit
1275 2836 1447 2880 isaacum3
1468 2836 1604 2872 Isaacus
1627 2845 1707 2871 vero
