<?xml version="1.0" encoding="UTF-8"?>
<!DOCTYPE html PUBLIC "-//W3C//DTD XHTML 1.0 Transitional//EN"
    "http://www.w3.org/TR/xhtml1/DTD/xhtml1-transitional.dtd">
<html xmlns="http://www.w3.org/1999/xhtml" xml:lang="en" lang="en">
 <head>
  <title>
</title>
<meta http-equiv="Content-Type" content="text/html;charset=utf-8" />
  <meta name='ocr-system' content='tesseract 3.04.00' />
  <meta name='ocr-capabilities' content='ocr_page ocr_carea ocr_par ocr_line ocrx_word'/>
</head>
<body>
  <div class='ocr_page' id='page_1' title='image "./corpusscriptorum28niebuoft_0535.png"; bbox 0 0 1838 3230; ppageno 0'>
   <div class='ocr_carea' id='block_1_1' title="bbox 399 126 1599 209">
    <p class='ocr_par' dir='ltr' id='par_1_1' title="bbox 399 126 1599 209">
     <span class='ocr_line' id='line_1_1' title="bbox 399 126 1599 209; baseline 0.006 -16"><span class='ocrx_word' id='word_1_1' title='bbox 399 149 1011 196; x_wconf 85' lang='lat' dir='ltr'>CHRONOGRAPHIA.</span> <span class='ocrx_word' id='word_1_2' title='bbox 1070 152 1118 196; x_wconf 86' lang='lat' dir='ltr'>L.</span> <span class='ocrx_word' id='word_1_3' title='bbox 1141 126 1307 198; x_wconf 76' lang='lat' dir='ltr'>&#39;xv111.</span> <span class='ocrx_word' id='word_1_4' title='bbox 1499 162 1599 209; x_wconf 83' lang='lat'>453</span> 
     </span>
    </p>
   </div>
   <div class='ocr_carea' id='block_1_2' title="bbox 55 267 1734 1908">
    <p class='ocr_par' dir='ltr' id='par_1_2' title="bbox 121 267 1598 396">
     <span class='ocr_line' id='line_1_2' title="bbox 121 267 1598 330; baseline 0.006 -18"><span class='ocrx_word' id='word_1_5' title='bbox 121 276 251 325; x_wconf 80' lang='grc' dir='ltr'><strong><em>μαῖοι,</em></strong></span> <span class='ocrx_word' id='word_1_6' title='bbox 278 267 504 330; x_wconf 72' lang='grc' dir='ltr'><strong><em>ἔπε’ῥριψαν</em></strong></span> <span class='ocrx_word' id='word_1_7' title='bbox 522 269 685 327; x_wconf 66' lang='grc' dir='ltr'><strong><em>Πέρσαι</em></strong></span> <span class='ocrx_word' id='word_1_8' title='bbox 703 271 820 326; x_wconf 55' lang='grc' dir='ltr'><strong><em>’μετὰ</em></strong></span> <span class='ocrx_word' id='word_1_9' title='bbox 849 269 1134 329; x_wconf 78' lang='grc' dir='ltr'><strong><em>ἐβδομήκοντα</em></strong></span> <span class='ocrx_word' id='word_1_10' title='bbox 1149 270 1363 330; x_wconf 75' lang='grc' dir='ltr'><em>χιλιάδων,</em></span> <span class='ocrx_word' id='word_1_11' title='bbox 1400 274 1598 328; x_wconf 77' lang='grc' dir='ltr'><strong><em>διελόντες</em></strong></span> 
     </span>
     <span class='ocr_line' id='line_1_3' title="bbox 123 335 635 396; baseline 0 -14"><span class='ocrx_word' id='word_1_12' title='bbox 123 335 276 390; x_wconf 71' lang='grc' dir='ltr'><strong><em>αὖτοὺς</em></strong></span> <span class='ocrx_word' id='word_1_13' title='bbox 296 341 352 391; x_wconf 71' lang='grc' dir='ltr'>εἷς</span> <span class='ocrx_word' id='word_1_14' title='bbox 367 345 476 396; x_wconf 74' lang='grc' dir='ltr'><strong><em>τρεῖς</em></strong></span> <span class='ocrx_word' id='word_1_15' title='bbox 492 337 635 396; x_wconf 80' lang='grc' dir='ltr'><strong><em>ἀρχάς.</em></strong></span> 
     </span>
    </p>

    <p class='ocr_par' dir='ltr' id='par_1_3' title="bbox 121 405 1656 539">
     <span class='ocr_line' id='line_1_4' title="bbox 216 405 1656 471; baseline 0.006 -24"><span class='ocrx_word' id='word_1_16' title='bbox 216 409 311 452; x_wconf 79' lang='grc' dir='ltr'><strong><em>,Καὶ</em></strong></span> <span class='ocrx_word' id='word_1_17' title='bbox 333 405 495 466; x_wconf 77' lang='grc' dir='ltr'><strong><em>γνόντες</em></strong></span> <span class='ocrx_word' id='word_1_18' title='bbox 515 408 554 451; x_wconf 81' lang='grc' dir='ltr'><strong><em>οἶ</em></strong></span> <span class='ocrx_word' id='word_1_19' title='bbox 581 406 743 465; x_wconf 77' lang='grc' dir='ltr'><strong><em>ἔξαρχοι</em></strong></span> <span class='ocrx_word' id='word_1_20' title='bbox 764 406 989 463; x_wconf 74' lang='grc' dir='ltr'><strong><em>Ῥωμαίων,</em></strong></span> <span class='ocrx_word' id='word_1_21' title='bbox 1016 407 1271 468; x_wconf 73' lang='grc' dir='ltr'><strong><em>ὁρμήσαντες</em></strong></span> <span class='ocrx_word' id='word_1_22' title='bbox 1291 412 1397 455; x_wconf 80' lang='grc' dir='ltr'><strong><em>κατὰ</em></strong></span> <span class='ocrx_word' id='word_1_23' title='bbox 1416 415 1594 471; x_wconf 80' lang='grc' dir='ltr'><strong><em>Περσῶν</em></strong></span> <span class='ocrx_word' id='word_1_24' title='bbox 1625 421 1656 455; x_wconf 86' lang='lat' dir='ltr'><strong>c</strong></span> 
     </span>
     <span class='ocr_line' id='line_1_5' title="bbox 121 475 1594 539; baseline 0.005 -20"><span class='ocrx_word' id='word_1_25' title='bbox 121 475 423 533; x_wconf 72' lang='grc' dir='ltr'><strong><em>συνέκρουσαν’</em></strong></span> <span class='ocrx_word' id='word_1_26' title='bbox 469 477 538 519; x_wconf 78' lang='grc' dir='ltr'>καὶ</span> <span class='ocrx_word' id='word_1_27' title='bbox 581 480 796 533; x_wconf 80' lang='grc' dir='ltr'><strong><em>συμβολῆς</em></strong></span> <span class='ocrx_word' id='word_1_28' title='bbox 834 479 1048 534; x_wconf 73' lang='grc' dir='ltr'><strong><em>γενομένης</em></strong></span> <span class='ocrx_word' id='word_1_29' title='bbox 1092 481 1288 537; x_wconf 75' lang='grc' dir='ltr'><strong><em>ἐμίγησαν</em></strong></span> <span class='ocrx_word' id='word_1_30' title='bbox 1327 481 1380 524; x_wconf 83' lang='grc' dir='ltr'><strong><em>τὰ</em></strong></span> <span class='ocrx_word' id='word_1_31' title='bbox 1416 484 1594 539; x_wconf 87' lang='grc' dir='ltr'><strong><em>Περσῶν</em></strong></span> 
     </span>
    </p>

    <p class='ocr_par' dir='ltr' id='par_1_4' title="bbox 85 542 1645 881">
     <span class='ocr_line' id='line_1_6' title="bbox 85 542 1593 608; baseline 0.003 -18"><span class='ocrx_word' id='word_1_32' title='bbox 85 545 190 590; x_wconf 68' lang='grc' dir='ltr'><strong><em>ὁκαὶ</em></strong></span> <span class='ocrx_word' id='word_1_33' title='bbox 216 542 429 601; x_wconf 79' lang='grc' dir='ltr'><strong><em>Ῥωμαίων</em></strong></span> <span class='ocrx_word' id='word_1_34' title='bbox 453 542 738 603; x_wconf 86' lang='grc' dir='ltr'><strong><em>στρατόπεδα,</em></strong></span> <span class='ocrx_word' id='word_1_35' title='bbox 778 549 846 590; x_wconf 83' lang='grc' dir='ltr'>καὶ</span> <span class='ocrx_word' id='word_1_36' title='bbox 876 546 1034 602; x_wconf 79' lang='grc' dir='ltr'><strong><em>ἔκοψαν</em></strong></span> <span class='ocrx_word' id='word_1_37' title='bbox 1067 546 1259 604; x_wconf 80' lang='grc' dir='ltr'><strong><em>Ῥωμαῖοι</em></strong></span> <span class='ocrx_word' id='word_1_38' title='bbox 1286 549 1458 608; x_wconf 77' lang='grc' dir='ltr'><strong><em>Πέρσας</em></strong></span> <span class='ocrx_word' id='word_1_39' title='bbox 1486 552 1593 594; x_wconf 76' lang='grc' dir='ltr'><strong><em>κατὰ</em></strong></span> 
     </span>
     <span class='ocr_line' id='line_1_7' title="bbox 119 610 1645 674; baseline 0.005 -18"><span class='ocrx_word' id='word_1_40' title='bbox 119 610 293 670; x_wconf 76' lang='grc' dir='ltr'><strong><em>κράτος,</em></strong></span> <span class='ocrx_word' id='word_1_41' title='bbox 329 611 525 669; x_wconf 74' lang='grc' dir='ltr'>λαβόντες</span> <span class='ocrx_word' id='word_1_42' title='bbox 543 615 610 657; x_wconf 79' lang='grc' dir='ltr'>καὶ</span> <span class='ocrx_word' id='word_1_43' title='bbox 634 615 771 671; x_wconf 82' lang='grc' dir='ltr'><strong><em>σίγνον</em></strong></span> <span class='ocrx_word' id='word_1_44' title='bbox 788 614 1007 673; x_wconf 82' lang='grc' dir='ltr'><strong><em>Περσικόν.</em></strong></span> <span class='ocrx_word' id='word_1_45' title='bbox 1064 615 1102 660; x_wconf 78' lang='grc' dir='ltr'>,ὅ</span> <span class='ocrx_word' id='word_1_46' title='bbox 1123 619 1167 660; x_wconf 79' lang='grc' dir='ltr'><strong><em>δὲ</em></strong></span> <span class='ocrx_word' id='word_1_47' title='bbox 1187 618 1355 674; x_wconf 85' lang='grc' dir='ltr'><strong><em>Μηρὰμ</em></strong></span> <span class='ocrx_word' id='word_1_48' title='bbox 1382 619 1487 674; x_wconf 83' lang='grc' dir='ltr'><strong><em>μετὰ</em></strong></span> <span class='ocrx_word' id='word_1_49' title='bbox 1505 619 1594 663; x_wconf 83' lang='grc' dir='ltr'><strong><em>ὄλί-</em></strong></span> <span class='ocrx_word' id='word_1_50' title='bbox 1643 646 1645 648; x_wconf 97' lang='grc'>-</span> 
     </span>
     <span class='ocr_line' id='line_1_8' title="bbox 118 681 1587 743; baseline 0.004 -17"><span class='ocrx_word' id='word_1_51' title='bbox 118 698 201 738; x_wconf 82' lang='grc' dir='ltr'><strong><em>γων</em></strong></span> <span class='ocrx_word' id='word_1_52' title='bbox 230 682 370 740; x_wconf 77' lang='grc' dir='ltr'><strong><em>φυγὼν</em></strong></span> <span class='ocrx_word' id='word_1_53' title='bbox 413 681 490 726; x_wconf 74' lang='grc' dir='ltr'>σὺν</span> <span class='ocrx_word' id='word_1_54' title='bbox 518 686 576 741; x_wconf 77' lang='grc' dir='ltr'><strong><em>τῷ</em></strong></span> <span class='ocrx_word' id='word_1_55' title='bbox 597 683 675 742; x_wconf 74' lang='grc' dir='ltr'><strong><em>υἱῷ</em></strong></span> <span class='ocrx_word' id='word_1_56' title='bbox 697 688 770 726; x_wconf 85' lang='grc' dir='ltr'>τοῦ</span> <span class='ocrx_word' id='word_1_57' title='bbox 798 685 1002 738; x_wconf 77' lang='grc' dir='ltr'><strong><em>βασιλέως</em></strong></span> <span class='ocrx_word' id='word_1_58' title='bbox 1036 683 1218 742; x_wconf 78' lang='grc' dir='ltr'><strong><em>διεσώθη</em></strong></span> <span class='ocrx_word' id='word_1_59' title='bbox 1242 689 1297 737; x_wconf 78' lang='grc' dir='ltr'>εἰς</span> <span class='ocrx_word' id='word_1_60' title='bbox 1317 687 1364 730; x_wconf 83' lang='grc' dir='ltr'><strong><em>τὸ</em></strong></span> <span class='ocrx_word' id='word_1_61' title='bbox 1385 689 1587 743; x_wconf 76' lang='grc' dir='ltr'><strong><em>Νισίβιον.</em></strong></span> 
     </span>
     <span class='ocr_line' id='line_1_9' title="bbox 119 750 1643 813; baseline 0.005 -20"><span class='ocrx_word' id='word_1_62' title='bbox 119 750 298 808; x_wconf 70' lang='grc' dir='ltr'><strong><em>ἐναιίτῇ</em></strong></span> <span class='ocrx_word' id='word_1_63' title='bbox 333 751 378 794; x_wconf 79' lang='grc' dir='ltr'><strong><em>δέ</em></strong></span> <span class='ocrx_word' id='word_1_64' title='bbox 405 755 456 808; x_wconf 84' lang='grc' dir='ltr'><strong><em>τῇ</em></strong></span> <span class='ocrx_word' id='word_1_65' title='bbox 484 756 675 809; x_wconf 79' lang='grc' dir='ltr'><strong><em>συμβολῇ</em></strong></span> <span class='ocrx_word' id='word_1_66' title='bbox 710 754 777 795; x_wconf 80' lang='grc' dir='ltr'>καὶ</span> <span class='ocrx_word' id='word_1_67' title='bbox 813 752 984 810; x_wconf 74' lang='grc' dir='ltr'><strong><em>ἔξαρχος</em></strong></span> <span class='ocrx_word' id='word_1_68' title='bbox 1015 757 1192 810; x_wconf 84' lang='grc' dir='ltr'><strong><em>Περσῶν</em></strong></span> <span class='ocrx_word' id='word_1_69' title='bbox 1223 754 1460 813; x_wconf 79' lang='grc' dir='ltr'><strong><em>κατεσφάγη</em></strong></span> <span class='ocrx_word' id='word_1_70' title='bbox 1496 755 1591 800; x_wconf 83' lang='grc' dir='ltr'><strong><em>ὄνό-</em></strong></span> <span class='ocrx_word' id='word_1_71' title='bbox 1640 782 1643 784; x_wconf 97' lang='grc'>-</span> 
     </span>
     <span class='ocr_line' id='line_1_10' title="bbox 115 817 1589 881; baseline 0.004 -18"><span class='ocrx_word' id='word_1_72' title='bbox 115 835 218 873; x_wconf 75' lang='grc' dir='ltr'><strong><em>ματι</em></strong></span> <span class='ocrx_word' id='word_1_73' title='bbox 237 817 389 876; x_wconf 78' lang='grc' dir='ltr'><strong><em>Σάγος,</em></strong></span> <span class='ocrx_word' id='word_1_74' title='bbox 416 821 595 863; x_wconf 78' lang='grc' dir='ltr'><strong><em>Σουνίκα</em></strong></span> <span class='ocrx_word' id='word_1_75' title='bbox 622 825 697 863; x_wconf 77' lang='grc' dir='ltr'>τοῦ</span> <span class='ocrx_word' id='word_1_76' title='bbox 730 821 879 872; x_wconf 81' lang='grc' dir='ltr'><strong><em>δουκὸς</em></strong></span> <span class='ocrx_word' id='word_1_77' title='bbox 916 824 984 865; x_wconf 83' lang='grc' dir='ltr'>καὶ</span> <span class='ocrx_word' id='word_1_78' title='bbox 1010 821 1184 880; x_wconf 77' lang='grc' dir='ltr'><strong><em>ἐξάρχου</em></strong></span> <span class='ocrx_word' id='word_1_79' title='bbox 1201 821 1414 878; x_wconf 82' lang='grc' dir='ltr'><strong><em>Ῥωμαίων</em></strong></span> <span class='ocrx_word' id='word_1_80' title='bbox 1435 827 1491 876; x_wconf 80' lang='grc' dir='ltr'>εἰς</span> <span class='ocrx_word' id='word_1_81' title='bbox 1507 843 1589 881; x_wconf 85' lang='grc' dir='ltr'><strong><em>μο-</em></strong></span> 
     </span>
    </p>

    <p class='ocr_par' dir='ltr' id='par_1_5' title="bbox 60 886 1590 1015">
     <span class='ocr_line' id='line_1_11' title="bbox 60 886 1590 951; baseline 0.003 -19"><span class='ocrx_word' id='word_1_82' title='bbox 60 896 106 932; x_wconf 84' lang='grc'>10</span> <span class='ocrx_word' id='word_1_83' title='bbox 117 889 316 943; x_wconf 78' lang='grc' dir='ltr'><strong><em>νομαχίαν</em></strong></span> <span class='ocrx_word' id='word_1_84' title='bbox 347 888 474 932; x_wconf 76' lang='grc' dir='ltr'><strong><em>αὐτὸν</em></strong></span> <span class='ocrx_word' id='word_1_85' title='bbox 511 889 877 944; x_wconf 72' lang='grc' dir='ltr'><strong><em>προτρεψαμένου·</em></strong></span> <span class='ocrx_word' id='word_1_86' title='bbox 925 892 993 934; x_wconf 82' lang='grc' dir='ltr'>καὶ</span> <span class='ocrx_word' id='word_1_87' title='bbox 1026 886 1075 946; x_wconf 76' lang='grc' dir='ltr'><strong><em>ἦν</em></strong></span> <span class='ocrx_word' id='word_1_88' title='bbox 1110 894 1210 935; x_wconf 83' lang='grc' dir='ltr'><strong><em>ἰδεῖν</em></strong></span> <span class='ocrx_word' id='word_1_89' title='bbox 1239 894 1354 949; x_wconf 81' lang='grc' dir='ltr'><strong><em>νίκην</em></strong></span> <span class='ocrx_word' id='word_1_90' title='bbox 1381 897 1590 951; x_wconf 82' lang='grc' dir='ltr'><strong><em>Περσικῆς</em></strong></span> 
     </span>
     <span class='ocr_line' id='line_1_12' title="bbox 113 955 1055 1015; baseline 0.004 -16"><span class='ocrx_word' id='word_1_91' title='bbox 113 955 334 1009; x_wconf 75' lang='grc' dir='ltr'><strong><em>ἀπονοίας,</em></strong></span> <span class='ocrx_word' id='word_1_92' title='bbox 373 959 430 1007; x_wconf 76' lang='grc' dir='ltr'>εἰς</span> <span class='ocrx_word' id='word_1_93' title='bbox 445 956 601 1014; x_wconf 89' lang='grc' dir='ltr'><strong><em>ἔδαφος</em></strong></span> <span class='ocrx_word' id='word_1_94' title='bbox 619 956 870 1013; x_wconf 78' lang='grc' dir='ltr'><strong><em>ἢπλωμένιον</em></strong></span> <span class='ocrx_word' id='word_1_95' title='bbox 891 963 1055 1015; x_wconf 81' lang='grc' dir='ltr'><strong><em>νεκρῶν.</em></strong></span> 
     </span>
    </p>

    <p class='ocr_par' dir='ltr' id='par_1_6' title="bbox 113 1025 1636 1220">
     <span class='ocr_line' id='line_1_13' title="bbox 215 1025 1587 1088; baseline 0.004 -19"><span class='ocrx_word' id='word_1_96' title='bbox 215 1027 304 1069; x_wconf 80' lang='grc' dir='ltr'><strong><em>Καὶ</em></strong></span> <span class='ocrx_word' id='word_1_97' title='bbox 333 1025 456 1082; x_wconf 75' lang='grc' dir='ltr'><strong><em>γνοὺς</em></strong></span> <span class='ocrx_word' id='word_1_98' title='bbox 482 1030 604 1069; x_wconf 82' lang='grc' dir='ltr'><strong><em>τοῦτο</em></strong></span> <span class='ocrx_word' id='word_1_99' title='bbox 628 1025 810 1083; x_wconf 85' lang='grc' dir='ltr'><strong><em>Κωάδης</em></strong></span> <span class='ocrx_word' id='word_1_100' title='bbox 854 1026 887 1088; x_wconf 63' lang='lat'>5}</span> <span class='ocrx_word' id='word_1_101' title='bbox 918 1031 1096 1085; x_wconf 86' lang='grc' dir='ltr'><strong><em>ΙΙερσῶν</em></strong></span> <span class='ocrx_word' id='word_1_102' title='bbox 1135 1029 1330 1082; x_wconf 79' lang='grc' dir='ltr'><strong><em>βασιλεὺς</em></strong></span> <span class='ocrx_word' id='word_1_103' title='bbox 1368 1029 1587 1086; x_wconf 70' lang='grc' dir='ltr'><strong><em>ἐπέτρεψεν</em></strong></span> 
     </span>
     <span class='ocr_line' id='line_1_14' title="bbox 114 1094 1636 1160; baseline 0.003 -22"><span class='ocrx_word' id='word_1_104' title='bbox 114 1094 312 1138; x_wconf 80' lang='grc' dir='ltr'><strong><em>εἲσελθεΐν</em></strong></span> <span class='ocrx_word' id='word_1_105' title='bbox 345 1094 417 1138; x_wconf 83' lang='grc' dir='ltr'>τὸν</span> <span class='ocrx_word' id='word_1_106' title='bbox 445 1096 658 1152; x_wconf 84' lang='grc' dir='ltr'><strong><em>πατρίκιον</em></strong></span> <span class='ocrx_word' id='word_1_107' title='bbox 690 1094 904 1154; x_wconf 79' lang='grc' dir='ltr'><strong><em>Ῥουφῖνον</em></strong></span> <span class='ocrx_word' id='word_1_108' title='bbox 949 1096 1038 1152; x_wconf 83' lang='grc' dir='ltr'>ἅμα</span> <span class='ocrx_word' id='word_1_109' title='bbox 1072 1101 1130 1156; x_wconf 78' lang='grc' dir='ltr'><strong><em>τῷ</em></strong></span> <span class='ocrx_word' id='word_1_110' title='bbox 1158 1096 1305 1153; x_wconf 88' lang='grc' dir='ltr'><strong><em>κόμητι</em></strong></span> <span class='ocrx_word' id='word_1_111' title='bbox 1327 1097 1581 1160; x_wconf 77' lang='grc' dir='ltr'><strong><em>Ἀλεξάνδρῳ</em></strong></span> <span class='ocrx_word' id='word_1_112' title='bbox 1605 1112 1636 1147; x_wconf 88' lang='lat' dir='ltr'>D</span> 
     </span>
     <span class='ocr_line' id='line_1_15' title="bbox 113 1162 513 1220; baseline 0 -14"><span class='ocrx_word' id='word_1_113' title='bbox 113 1165 172 1214; x_wconf 74' lang='grc' dir='ltr'>εἷς</span> <span class='ocrx_word' id='word_1_114' title='bbox 190 1162 264 1219; x_wconf 83' lang='grc' dir='ltr'>τὴν</span> <span class='ocrx_word' id='word_1_115' title='bbox 281 1164 513 1220; x_wconf 78' lang='grc' dir='ltr'><strong><em>πρεσβείαν.</em></strong></span> 
     </span>
    </p>

    <p class='ocr_par' dir='ltr' id='par_1_7' title="bbox 59 1229 1734 1568">
     <span class='ocr_line' id='line_1_16' title="bbox 59 1229 1585 1293; baseline 0.003 -19"><span class='ocrx_word' id='word_1_116' title='bbox 59 1237 105 1273; x_wconf 84' lang='lat'>15</span> <span class='ocrx_word' id='word_1_117' title='bbox 209 1231 279 1275; x_wconf 87' lang='grc' dir='ltr'><strong><em>Ἔν</em></strong></span> <span class='ocrx_word' id='word_1_118' title='bbox 312 1231 426 1292; x_wconf 76' lang='grc' dir='ltr'><strong><em>αὐτῷ</em></strong></span> <span class='ocrx_word' id='word_1_119' title='bbox 457 1233 503 1275; x_wconf 77' lang='grc' dir='ltr'><strong><em>δὲ</em></strong></span> <span class='ocrx_word' id='word_1_120' title='bbox 531 1236 589 1291; x_wconf 79' lang='grc' dir='ltr'><strong><em>τῷ</em></strong></span> <span class='ocrx_word' id='word_1_121' title='bbox 617 1229 754 1291; x_wconf 80' lang='grc' dir='ltr'><strong><em>χρόνῳ</em></strong></span> <span class='ocrx_word' id='word_1_122' title='bbox 785 1230 969 1291; x_wconf 78' lang='grc' dir='ltr'><strong><em>ἀνεφάνη</em></strong></span> <span class='ocrx_word' id='word_1_123' title='bbox 1000 1251 1063 1284; x_wconf 88' lang='grc' dir='ltr'>τις</span> <span class='ocrx_word' id='word_1_124' title='bbox 1093 1234 1136 1277; x_wconf 86' lang='grc' dir='ltr'>ἐκ</span> <span class='ocrx_word' id='word_1_125' title='bbox 1167 1238 1241 1290; x_wconf 84' lang='grc' dir='ltr'>τῆς</span> <span class='ocrx_word' id='word_1_126' title='bbox 1257 1235 1426 1278; x_wconf 84' lang='grc' dir='ltr'><strong><em>Ἰταλῶν</em></strong></span> <span class='ocrx_word' id='word_1_127' title='bbox 1442 1233 1585 1293; x_wconf 83' lang='grc' dir='ltr'><strong><em>χώρας</em></strong></span> 
     </span>
     <span class='ocr_line' id='line_1_17' title="bbox 113 1299 1584 1360; baseline 0.003 -16"><span class='ocrx_word' id='word_1_128' title='bbox 113 1302 419 1357; x_wconf 82' lang='grc' dir='ltr'><strong><em>κωμοδρομῶν,</em></strong></span> <span class='ocrx_word' id='word_1_129' title='bbox 458 1299 560 1356; x_wconf 83' lang='grc' dir='ltr'><strong><em>ἔχων</em></strong></span> <span class='ocrx_word' id='word_1_130' title='bbox 579 1301 676 1355; x_wconf 78' lang='grc' dir='ltr'><strong><em>μεθ’</em></strong></span> <span class='ocrx_word' id='word_1_131' title='bbox 699 1300 848 1345; x_wconf 71' lang='grc' dir='ltr'><strong><em>ἑαυτοῦ</em></strong></span> <span class='ocrx_word' id='word_1_132' title='bbox 879 1300 981 1345; x_wconf 90' lang='grc' dir='ltr'><strong><em>κύνα</em></strong></span> <span class='ocrx_word' id='word_1_133' title='bbox 1007 1301 1188 1357; x_wconf 77' lang='grc' dir='ltr'><strong><em>ξανθόν,</em></strong></span> <span class='ocrx_word' id='word_1_134' title='bbox 1234 1302 1346 1354; x_wconf 79' lang='grc' dir='ltr'><strong><em>ὅστις</em></strong></span> <span class='ocrx_word' id='word_1_135' title='bbox 1370 1302 1584 1360; x_wconf 87' lang='grc' dir='ltr'><strong><em>κελευόμε-</em></strong></span> 
     </span>
     <span class='ocr_line' id='line_1_18' title="bbox 112 1367 1734 1430; baseline 0.004 -19"><span class='ocrx_word' id='word_1_136' title='bbox 112 1385 184 1419; x_wconf 86' lang='grc' dir='ltr'>νος</span> <span class='ocrx_word' id='word_1_137' title='bbox 199 1367 280 1412; x_wconf 58' lang='lat' dir='ltr'>{md</span> <span class='ocrx_word' id='word_1_138' title='bbox 299 1373 373 1412; x_wconf 83' lang='grc' dir='ltr'>τοῦ</span> <span class='ocrx_word' id='word_1_139' title='bbox 395 1368 745 1426; x_wconf 77' lang='grc' dir='ltr'><strong><em>ἀναθρεψαμένου</em></strong></span> <span class='ocrx_word' id='word_1_140' title='bbox 770 1371 892 1414; x_wconf 82' lang='grc' dir='ltr'><strong><em>ἐποίει</em></strong></span> <span class='ocrx_word' id='word_1_141' title='bbox 921 1371 1012 1414; x_wconf 81' lang='grc' dir='ltr'><strong><em>τινὰ</em></strong></span> <span class='ocrx_word' id='word_1_142' title='bbox 1038 1370 1259 1425; x_wconf 76' lang='grc' dir='ltr'><strong><em>θαύματος</em></strong></span> <span class='ocrx_word' id='word_1_143' title='bbox 1281 1372 1387 1424; x_wconf 76' lang='grc' dir='ltr'><strong><em>ἄξια.</em></strong></span> <span class='ocrx_word' id='word_1_144' title='bbox 1460 1371 1482 1416; x_wconf 82' lang='grc' dir='ltr'><em>ὃ</em></span> <span class='ocrx_word' id='word_1_145' title='bbox 1504 1373 1583 1430; x_wconf 76' lang='grc' dir='ltr'>γὰρ</span> <span class='ocrx_word' id='word_1_146' title='bbox 1606 1382 1641 1417; x_wconf 94' lang='grc' dir='ltr'>Ο</span> <span class='ocrx_word' id='word_1_147' title='bbox 1667 1381 1734 1419; x_wconf 83' lang='grc'>190</span> 
     </span>
     <span class='ocr_line' id='line_1_19' title="bbox 111 1435 1644 1500; baseline 0.003 -20"><span class='ocrx_word' id='word_1_148' title='bbox 111 1436 238 1480; x_wconf 69' lang='grc' dir='ltr'><strong><em>αὐτὸν</em></strong></span> <span class='ocrx_word' id='word_1_149' title='bbox 265 1435 614 1494; x_wconf 81' lang='grc' dir='ltr'><strong><em>ἀναθρεψάμενος</em></strong></span> <span class='ocrx_word' id='word_1_150' title='bbox 657 1436 786 1489; x_wconf 69' lang='grc' dir='ltr'><strong><em>ἑστώς</em></strong></span> <span class='ocrx_word' id='word_1_151' title='bbox 813 1441 855 1483; x_wconf 88' lang='grc' dir='ltr'><strong><em>ἐν</em></strong></span> <span class='ocrx_word' id='word_1_152' title='bbox 885 1444 937 1497; x_wconf 81' lang='grc' dir='ltr'><strong><em>τῇ</em></strong></span> <span class='ocrx_word' id='word_1_153' title='bbox 961 1439 1104 1500; x_wconf 70' lang='grc' dir='ltr'><strong><em>ἀγορᾷ,</em></strong></span> <span class='ocrx_word' id='word_1_154' title='bbox 1126 1443 1192 1483; x_wconf 78' lang='grc' dir='ltr'>καὶ</span> <span class='ocrx_word' id='word_1_155' title='bbox 1215 1440 1337 1496; x_wconf 75' lang='grc' dir='ltr'><strong><em>ὄχλου</em></strong></span> <span class='ocrx_word' id='word_1_156' title='bbox 1360 1446 1584 1498; x_wconf 82' lang='grc' dir='ltr'><strong><em>περιεστῶ-</em></strong></span> <span class='ocrx_word' id='word_1_157' title='bbox 1641 1467 1644 1469; x_wconf 90' lang='grc'>-</span> 
     </span>
     <span class='ocr_line' id='line_1_20' title="bbox 109 1504 1582 1568; baseline 0.002 -18"><span class='ocrx_word' id='word_1_158' title='bbox 109 1523 185 1556; x_wconf 84' lang='grc' dir='ltr'>τος</span> <span class='ocrx_word' id='word_1_159' title='bbox 208 1508 264 1557; x_wconf 74' lang='grc' dir='ltr'>εἷς</span> <span class='ocrx_word' id='word_1_160' title='bbox 292 1506 340 1550; x_wconf 85' lang='grc' dir='ltr'><strong><em>τό</em></strong></span> <span class='ocrx_word' id='word_1_161' title='bbox 362 1504 628 1560; x_wconf 79' lang='grc' dir='ltr'><strong><em>θεάσασθαι,</em></strong></span> <span class='ocrx_word' id='word_1_162' title='bbox 666 1505 810 1568; x_wconf 69' lang='grc' dir='ltr'><strong><em>λάθρᾳ</em></strong></span> <span class='ocrx_word' id='word_1_163' title='bbox 848 1513 923 1552; x_wconf 86' lang='grc' dir='ltr'>τοῦ</span> <span class='ocrx_word' id='word_1_164' title='bbox 962 1509 1082 1559; x_wconf 84' lang='grc' dir='ltr'><strong><em>κυνὸς</em></strong></span> <span class='ocrx_word' id='word_1_165' title='bbox 1120 1510 1322 1564; x_wconf 82' lang='grc' dir='ltr'><strong><em>ἐκομίζετο</em></strong></span> <span class='ocrx_word' id='word_1_166' title='bbox 1358 1510 1470 1566; x_wconf 79' lang='grc' dir='ltr'><strong><em>παρὰ</em></strong></span> <span class='ocrx_word' id='word_1_167' title='bbox 1498 1514 1582 1554; x_wconf 81' lang='grc' dir='ltr'>τῶν</span> 
     </span>
    </p>

    <p class='ocr_par' dir='ltr' id='par_1_8' title="bbox 55 1572 1581 1908">
     <span class='ocr_line' id='line_1_21' title="bbox 55 1572 1581 1635; baseline 0.003 -18"><span class='ocrx_word' id='word_1_168' title='bbox 55 1572 302 1619; x_wconf 61' lang='grc' dir='ltr'><strong><em>ΞΟὲστῶτων</em></strong></span> <span class='ocrx_word' id='word_1_169' title='bbox 323 1576 586 1626; x_wconf 77' lang='grc' dir='ltr'><strong><em>δακτυλίδια,</em></strong></span> <span class='ocrx_word' id='word_1_170' title='bbox 627 1577 694 1619; x_wconf 80' lang='grc' dir='ltr'>καὶ</span> <span class='ocrx_word' id='word_1_171' title='bbox 714 1577 840 1620; x_wconf 79' lang='grc' dir='ltr'><strong><em>ἐτίθει</em></strong></span> <span class='ocrx_word' id='word_1_172' title='bbox 864 1580 920 1627; x_wconf 78' lang='grc' dir='ltr'>εἰς</span> <span class='ocrx_word' id='word_1_173' title='bbox 950 1577 997 1620; x_wconf 85' lang='grc' dir='ltr'><strong><em>τὸ</em></strong></span> <span class='ocrx_word' id='word_1_174' title='bbox 1023 1577 1177 1635; x_wconf 80' lang='grc' dir='ltr'><strong><em>ἔδαφος</em></strong></span> <span class='ocrx_word' id='word_1_175' title='bbox 1205 1578 1454 1634; x_wconf 77' lang='grc' dir='ltr'><strong><em>περισκὲπων</em></strong></span> <span class='ocrx_word' id='word_1_176' title='bbox 1474 1578 1581 1622; x_wconf 76' lang='grc' dir='ltr'><strong><em>αὐτὰ</em></strong></span> 
     </span>
     <span class='ocr_line' id='line_1_22' title="bbox 111 1641 1580 1705; baseline 0.003 -19"><span class='ocrx_word' id='word_1_177' title='bbox 111 1644 155 1686; x_wconf 81' lang='grc' dir='ltr'><strong><em>ἐν</em></strong></span> <span class='ocrx_word' id='word_1_178' title='bbox 175 1641 353 1699; x_wconf 82' lang='grc' dir='ltr'><strong><em>χώματι.</em></strong></span> <span class='ocrx_word' id='word_1_179' title='bbox 424 1645 491 1686; x_wconf 76' lang='grc' dir='ltr'>καὶ</span> <span class='ocrx_word' id='word_1_180' title='bbox 519 1644 707 1700; x_wconf 73' lang='grc' dir='ltr'><strong><em>ἐπέτρεπε</em></strong></span> <span class='ocrx_word' id='word_1_181' title='bbox 727 1650 786 1704; x_wconf 72' lang='grc' dir='ltr'><strong><em>τῷ</em></strong></span> <span class='ocrx_word' id='word_1_182' title='bbox 808 1648 897 1688; x_wconf 82' lang='grc' dir='ltr'><strong><em>κυνὶ</em></strong></span> <span class='ocrx_word' id='word_1_183' title='bbox 914 1647 1063 1702; x_wconf 85' lang='grc' dir='ltr'><strong><em>ἐπᾶραι</em></strong></span> <span class='ocrx_word' id='word_1_184' title='bbox 1095 1648 1162 1688; x_wconf 83' lang='grc' dir='ltr'>καὶ</span> <span class='ocrx_word' id='word_1_185' title='bbox 1183 1648 1324 1689; x_wconf 79' lang='grc' dir='ltr'><strong><em>δοῦναι</em></strong></span> <span class='ocrx_word' id='word_1_186' title='bbox 1355 1644 1514 1705; x_wconf 71' lang='grc' dir='ltr'><strong><em>ἑκάστῳ</em></strong></span> <span class='ocrx_word' id='word_1_187' title='bbox 1533 1647 1580 1691; x_wconf 78' lang='grc' dir='ltr'><strong><em>τὸ</em></strong></span> 
     </span>
     <span class='ocr_line' id='line_1_23' title="bbox 111 1710 1578 1773; baseline 0.003 -19"><span class='ocrx_word' id='word_1_188' title='bbox 111 1711 238 1754; x_wconf 69' lang='grc' dir='ltr'><strong><em>ἴδιον·</em></strong></span> <span class='ocrx_word' id='word_1_189' title='bbox 288 1713 356 1754; x_wconf 83' lang='grc' dir='ltr'>καὶ</span> <span class='ocrx_word' id='word_1_190' title='bbox 392 1712 564 1769; x_wconf 80' lang='grc' dir='ltr'><strong><em>ἐρευνῶν</em></strong></span> <span class='ocrx_word' id='word_1_191' title='bbox 593 1710 613 1755; x_wconf 82' lang='grc' dir='ltr'><em>ὃ</em></span> <span class='ocrx_word' id='word_1_192' title='bbox 648 1710 757 1756; x_wconf 87' lang='grc' dir='ltr'><strong><em>κύων</em></strong></span> <span class='ocrx_word' id='word_1_193' title='bbox 803 1718 861 1772; x_wconf 73' lang='grc' dir='ltr'><strong><em>τῷ</em></strong></span> <span class='ocrx_word' id='word_1_194' title='bbox 898 1712 1072 1768; x_wconf 86' lang='grc' dir='ltr'><strong><em>στόματι</em></strong></span> <span class='ocrx_word' id='word_1_195' title='bbox 1109 1715 1294 1758; x_wconf 76' lang='grc' dir='ltr'><strong><em>ἐπεδίδου</em></strong></span> <span class='ocrx_word' id='word_1_196' title='bbox 1332 1712 1489 1773; x_wconf 70' lang='grc' dir='ltr'><strong><em>ἑκάστῳ</em></strong></span> <span class='ocrx_word' id='word_1_197' title='bbox 1531 1715 1578 1758; x_wconf 78' lang='grc' dir='ltr'><strong><em>τὸ</em></strong></span> 
     </span>
     <span class='ocr_line' id='line_1_24' title="bbox 111 1778 1579 1840; baseline 0.002 -18"><span class='ocrx_word' id='word_1_198' title='bbox 111 1778 413 1837; x_wconf 75' lang='grc' dir='ltr'><strong><em>γνωριζόμενον.</em></strong></span> <span class='ocrx_word' id='word_1_199' title='bbox 483 1778 506 1823; x_wconf 83' lang='grc' dir='ltr'><strong><em>ὅ</em></strong></span> <span class='ocrx_word' id='word_1_200' title='bbox 541 1782 586 1822; x_wconf 79' lang='grc' dir='ltr'><strong><em>δὲ</em></strong></span> <span class='ocrx_word' id='word_1_201' title='bbox 617 1780 742 1831; x_wconf 79' lang='grc' dir='ltr'><strong><em>αὐτὸς</em></strong></span> <span class='ocrx_word' id='word_1_202' title='bbox 762 1779 870 1825; x_wconf 82' lang='grc' dir='ltr'><strong><em>κύων</em></strong></span> <span class='ocrx_word' id='word_1_203' title='bbox 900 1784 967 1825; x_wconf 82' lang='grc' dir='ltr'>καὶ</span> <span class='ocrx_word' id='word_1_204' title='bbox 991 1781 1202 1840; x_wconf 82' lang='grc' dir='ltr'><strong><em>διαφόρων</em></strong></span> <span class='ocrx_word' id='word_1_205' title='bbox 1227 1783 1430 1837; x_wconf 79' lang='grc' dir='ltr'><strong><em>βασιλέων</em></strong></span> <span class='ocrx_word' id='word_1_206' title='bbox 1462 1785 1579 1838; x_wconf 81' lang='grc' dir='ltr'><strong><em>νομί-</em></strong></span> 
     </span>
     <span class='ocr_line' id='line_1_25' title="bbox 112 1849 1578 1908; baseline 0.002 -16"><span class='ocrx_word' id='word_1_207' title='bbox 112 1865 253 1904; x_wconf 91' lang='grc' dir='ltr'><strong><em>σματα</em></strong></span> <span class='ocrx_word' id='word_1_208' title='bbox 283 1850 412 1907; x_wconf 88' lang='grc' dir='ltr'><strong><em>μυριά</em></strong></span> <span class='ocrx_word' id='word_1_209' title='bbox 443 1849 628 1892; x_wconf 76' lang='grc' dir='ltr'><strong><em>ἐπεδίδου</em></strong></span> <span class='ocrx_word' id='word_1_210' title='bbox 674 1850 760 1893; x_wconf 80' lang='grc' dir='ltr'><strong><em>κατ’</em></strong></span> <span class='ocrx_word' id='word_1_211' title='bbox 786 1849 930 1906; x_wconf 66' lang='grc' dir='ltr'><strong><em>ὄνομα.</em></strong></span> <span class='ocrx_word' id='word_1_212' title='bbox 1002 1856 1267 1908; x_wconf 79' lang='grc' dir='ltr'><strong><em>παρεστῶτος</em></strong></span> <span class='ocrx_word' id='word_1_213' title='bbox 1290 1852 1334 1895; x_wconf 81' lang='grc' dir='ltr'><strong><em>δέ</em></strong></span> <span class='ocrx_word' id='word_1_214' title='bbox 1359 1850 1484 1907; x_wconf 78' lang='grc' dir='ltr'><strong><em>ὄχλου</em></strong></span> <span class='ocrx_word' id='word_1_215' title='bbox 1505 1851 1578 1895; x_wconf 83' lang='grc' dir='ltr'><strong><em>ἀν-</em></strong></span> 
     </span>
    </p>
   </div>
   <div class='ocr_carea' id='block_1_3' title="bbox 201 1934 1485 1984">
    <p class='ocr_par' dir='ltr' id='par_1_9' title="bbox 201 1934 1485 1984">
     <span class='ocr_line' id='line_1_26' title="bbox 201 1934 1485 1984; baseline 0.001 -12"><span class='ocrx_word' id='word_1_216' title='bbox 201 1934 260 1972; x_wconf 81' lang='lat'>24.</span> <span class='ocrx_word' id='word_1_217' title='bbox 282 1935 414 1982; x_wconf 81' lang='grc' dir='ltr'><strong><em>μυρία]</em></strong></span> <span class='ocrx_word' id='word_1_218' title='bbox 436 1934 644 1982; x_wconf 77' lang='grc' dir='ltr'><strong><em>μιγνύμενα</em></strong></span> <span class='ocrx_word' id='word_1_219' title='bbox 663 1936 897 1983; x_wconf 80' lang='lat' dir='ltr'><strong>Theophanes</strong></span> <span class='ocrx_word' id='word_1_220' title='bbox 916 1948 951 1984; x_wconf 87' lang='lat' dir='ltr'>p.</span> <span class='ocrx_word' id='word_1_221' title='bbox 976 1938 1054 1974; x_wconf 87' lang='lat'><strong>190.</strong></span> <span class='ocrx_word' id='word_1_222' title='bbox 1072 1939 1115 1980; x_wconf 92' lang='lat' dir='ltr'>A,</span> <span class='ocrx_word' id='word_1_223' title='bbox 1143 1937 1320 1973; x_wconf 84' lang='lat' dir='ltr'>Cedrenus</span> <span class='ocrx_word' id='word_1_224' title='bbox 1339 1939 1419 1975; x_wconf 87' lang='grc'><strong><em>375.</em></strong></span> <span class='ocrx_word' id='word_1_225' title='bbox 1443 1939 1485 1973; x_wconf 85' lang='grc' dir='ltr'>Α.</span> 
     </span>
    </p>
   </div>
   <div class='ocr_carea' id='block_1_4' title="bbox 106 2009 1579 2884">
    <p class='ocr_par' dir='ltr' id='par_1_10' title="bbox 106 2009 1579 2562">
     <span class='ocr_line' id='line_1_27' title="bbox 109 2009 1576 2058; baseline 0.002 -13"><span class='ocrx_word' id='word_1_226' title='bbox 109 2011 211 2052; x_wconf 76' lang='lat' dir='ltr'>raut3</span> <span class='ocrx_word' id='word_1_227' title='bbox 247 2020 323 2045; x_wconf 89' lang='lat' dir='ltr'>cum</span> <span class='ocrx_word' id='word_1_228' title='bbox 345 2010 566 2058; x_wconf 77' lang='lat' dir='ltr'><strong>septuaginta</strong></span> <span class='ocrx_word' id='word_1_229' title='bbox 587 2011 768 2046; x_wconf 86' lang='lat' dir='ltr'>Persarum</span> <span class='ocrx_word' id='word_1_230' title='bbox 792 2010 964 2053; x_wconf 85' lang='lat' dir='ltr'>Millibus,</span> <span class='ocrx_word' id='word_1_231' title='bbox 988 2009 1023 2045; x_wconf 88' lang='lat' dir='ltr'>in</span> <span class='ocrx_word' id='word_1_232' title='bbox 1047 2015 1118 2046; x_wconf 89' lang='lat' dir='ltr'>tres</span> <span class='ocrx_word' id='word_1_233' title='bbox 1141 2015 1259 2058; x_wconf 86' lang='lat' dir='ltr'>partes</span> <span class='ocrx_word' id='word_1_234' title='bbox 1282 2010 1422 2054; x_wconf 87' lang='lat' dir='ltr'>divisis,</span> <span class='ocrx_word' id='word_1_235' title='bbox 1444 2010 1479 2046; x_wconf 89' lang='lat' dir='ltr'>in</span> <span class='ocrx_word' id='word_1_236' title='bbox 1502 2011 1576 2048; x_wconf 82' lang='lat' dir='ltr'>illos</span> 
     </span>
     <span class='ocr_line' id='line_1_28' title="bbox 155 2054 350 2091; baseline -0.005 0"><span class='ocrx_word' id='word_1_237' title='bbox 155 2054 238 2091; x_wconf 81' lang='lat' dir='ltr'>ressi</span> <span class='ocrx_word' id='word_1_238' title='bbox 261 2060 350 2091; x_wconf 79' lang='lat' dir='ltr'>sunt.</span> 
     </span>
     <span class='ocr_line' id='line_1_29' title="bbox 108 2068 1578 2150; baseline 0.001 -14"><span class='ocrx_word' id='word_1_239' title='bbox 108 2068 154 2103; x_wconf 55' lang='lat' dir='ltr'>eg</span> <span class='ocrx_word' id='word_1_240' title='bbox 202 2101 309 2144; x_wconf 81' lang='lat' dir='ltr'>Quod</span> <span class='ocrx_word' id='word_1_241' title='bbox 330 2102 388 2138; x_wconf 86' lang='lat' dir='ltr'>ubi</span> <span class='ocrx_word' id='word_1_242' title='bbox 410 2103 570 2139; x_wconf 87' lang='lat' dir='ltr'>Romanis</span> <span class='ocrx_word' id='word_1_243' title='bbox 591 2103 742 2138; x_wconf 84' lang='lat' dir='ltr'>Ducibus</span> <span class='ocrx_word' id='word_1_244' title='bbox 764 2106 880 2138; x_wconf 87' lang='lat' dir='ltr'>notum</span> <span class='ocrx_word' id='word_1_245' title='bbox 902 2101 983 2145; x_wconf 84' lang='lat' dir='ltr'>fuit,</span> <span class='ocrx_word' id='word_1_246' title='bbox 1007 2107 1044 2137; x_wconf 90' lang='lat' dir='ltr'>et</span> <span class='ocrx_word' id='word_1_247' title='bbox 1066 2102 1132 2150; x_wconf 88' lang='lat' dir='ltr'>ipsi</span> <span class='ocrx_word' id='word_1_248' title='bbox 1153 2102 1190 2137; x_wconf 89' lang='lat' dir='ltr'>in</span> <span class='ocrx_word' id='word_1_249' title='bbox 1211 2103 1372 2149; x_wconf 87' lang='lat' dir='ltr'>impetum</span> <span class='ocrx_word' id='word_1_250' title='bbox 1398 2103 1578 2138; x_wconf 80' lang='lat' dir='ltr'>Persarum</span> 
     </span>
     <span class='ocr_line' id='line_1_30' title="bbox 106 2147 1577 2204; baseline -0.001 -20"><span class='ocrx_word' id='word_1_251' title='bbox 106 2147 353 2204; x_wconf 72' lang='lat' dir='ltr'>suscipiendum</span> <span class='ocrx_word' id='word_1_252' title='bbox 383 2161 456 2184; x_wconf 80' lang='lat' dir='ltr'>sese</span> <span class='ocrx_word' id='word_1_253' title='bbox 480 2154 624 2198; x_wconf 85' lang='lat' dir='ltr'>parant;</span> <span class='ocrx_word' id='word_1_254' title='bbox 663 2149 866 2195; x_wconf 85' lang='lat' dir='ltr'>praelioque</span> <span class='ocrx_word' id='word_1_255' title='bbox 897 2149 1088 2192; x_wconf 89' lang='lat' dir='ltr'>commisso,</span> <span class='ocrx_word' id='word_1_256' title='bbox 1126 2153 1162 2184; x_wconf 86' lang='lat' dir='ltr'>et</span> <span class='ocrx_word' id='word_1_257' title='bbox 1184 2149 1390 2184; x_wconf 79' lang='lat' dir='ltr'>exercitibus</span> <span class='ocrx_word' id='word_1_258' title='bbox 1424 2149 1577 2194; x_wconf 83' lang='lat' dir='ltr'>Romano</span> 
     </span>
     <span class='ocr_line' id='line_1_31' title="bbox 106 2194 1579 2240; baseline 0.001 -12"><span class='ocrx_word' id='word_1_259' title='bbox 106 2194 316 2240; x_wconf 70' lang='lat' dir='ltr'>Persicoque</span> <span class='ocrx_word' id='word_1_260' title='bbox 338 2194 430 2230; x_wconf 90' lang='lat' dir='ltr'>inter</span> <span class='ocrx_word' id='word_1_261' title='bbox 453 2207 491 2230; x_wconf 85' lang='lat' dir='ltr'>se</span> <span class='ocrx_word' id='word_1_262' title='bbox 514 2195 673 2238; x_wconf 88' lang='lat' dir='ltr'>confusis,</span> <span class='ocrx_word' id='word_1_263' title='bbox 697 2195 842 2230; x_wconf 80' lang='lat' dir='ltr'>Romani</span> <span class='ocrx_word' id='word_1_264' title='bbox 865 2196 986 2230; x_wconf 81' lang='lat' dir='ltr'>Persas</span> <span class='ocrx_word' id='word_1_265' title='bbox 1009 2195 1144 2240; x_wconf 86' lang='lat' dir='ltr'>penitus</span> <span class='ocrx_word' id='word_1_266' title='bbox 1168 2195 1354 2236; x_wconf 86' lang='lat' dir='ltr'>fuderunt;</span> <span class='ocrx_word' id='word_1_267' title='bbox 1376 2194 1499 2229; x_wconf 82' lang='lat' dir='ltr'>vexillo</span> <span class='ocrx_word' id='word_1_268' title='bbox 1524 2198 1579 2229; x_wconf 89' lang='lat' dir='ltr'>et·-</span> 
     </span>
     <span class='ocr_line' id='line_1_32' title="bbox 108 2238 1578 2287; baseline -0.001 -12"><span class='ocrx_word' id='word_1_269' title='bbox 108 2238 178 2275; x_wconf 79' lang='lat' dir='ltr'>iam</span> <span class='ocrx_word' id='word_1_270' title='bbox 209 2241 349 2276; x_wconf 85' lang='lat' dir='ltr'>Persico</span> <span class='ocrx_word' id='word_1_271' title='bbox 383 2242 510 2277; x_wconf 79' lang='lat' dir='ltr'>abiate.</span> <span class='ocrx_word' id='word_1_272' title='bbox 564 2243 748 2276; x_wconf 78' lang='lat' dir='ltr'>Caeterum</span> <span class='ocrx_word' id='word_1_273' title='bbox 779 2241 911 2276; x_wconf 82' lang='lat' dir='ltr'>Meram</span> <span class='ocrx_word' id='word_1_274' title='bbox 942 2240 1116 2287; x_wconf 81' lang='lat' dir='ltr'>Regisque</span> <span class='ocrx_word' id='word_1_275' title='bbox 1138 2240 1227 2275; x_wconf 87' lang='lat' dir='ltr'>filius</span> <span class='ocrx_word' id='word_1_276' title='bbox 1259 2240 1376 2286; x_wconf 85' lang='lat' dir='ltr'>paucis</span> <span class='ocrx_word' id='word_1_277' title='bbox 1399 2239 1578 2275; x_wconf 87' lang='lat' dir='ltr'>admodum</span> 
     </span>
     <span class='ocr_line' id='line_1_33' title="bbox 109 2286 1578 2332; baseline -0.001 -12"><span class='ocrx_word' id='word_1_278' title='bbox 109 2286 250 2332; x_wconf 73' lang='lat' dir='ltr'>stipati,</span> <span class='ocrx_word' id='word_1_279' title='bbox 283 2287 369 2332; x_wconf 80' lang='lat' dir='ltr'>fuga</span> <span class='ocrx_word' id='word_1_280' title='bbox 390 2287 455 2322; x_wconf 84' lang='lat' dir='ltr'>sibi</span> <span class='ocrx_word' id='word_1_281' title='bbox 477 2289 709 2330; x_wconf 86' lang='lat' dir='ltr'>consulentes,</span> <span class='ocrx_word' id='word_1_282' title='bbox 745 2287 790 2322; x_wconf 85' lang='lat' dir='ltr'>ad</span> <span class='ocrx_word' id='word_1_283' title='bbox 813 2287 957 2322; x_wconf 87' lang='lat' dir='ltr'>Nisibim</span> <span class='ocrx_word' id='word_1_284' title='bbox 981 2291 1171 2322; x_wconf 81' lang='lat' dir='ltr'>evaserunt.</span> <span class='ocrx_word' id='word_1_285' title='bbox 1218 2287 1295 2321; x_wconf 86' lang='lat' dir='ltr'>Hac</span> <span class='ocrx_word' id='word_1_286' title='bbox 1319 2291 1431 2320; x_wconf 82' lang='lat' dir='ltr'>autem</span> <span class='ocrx_word' id='word_1_287' title='bbox 1459 2297 1578 2332; x_wconf 82' lang='lat' dir='ltr'>pugna</span> 
     </span>
     <span class='ocr_line' id='line_1_34' title="bbox 109 2331 1576 2379; baseline -0.001 -13"><span class='ocrx_word' id='word_1_288' title='bbox 109 2331 236 2367; x_wconf 74' lang='lat' dir='ltr'>cecidit</span> <span class='ocrx_word' id='word_1_289' title='bbox 256 2332 368 2378; x_wconf 73' lang='lat' dir='ltr'>Sagua</span> <span class='ocrx_word' id='word_1_290' title='bbox 390 2333 548 2379; x_wconf 85' lang='lat' dir='ltr'>quidam,</span> <span class='ocrx_word' id='word_1_291' title='bbox 570 2334 750 2369; x_wconf 87' lang='lat' dir='ltr'>Persarum</span> <span class='ocrx_word' id='word_1_292' title='bbox 773 2333 972 2375; x_wconf 85' lang='lat' dir='ltr'>Exarchus;</span> <span class='ocrx_word' id='word_1_293' title='bbox 1010 2345 1108 2378; x_wconf 90' lang='lat' dir='ltr'>quem</span> <span class='ocrx_word' id='word_1_294' title='bbox 1131 2332 1269 2373; x_wconf 86' lang='lat' dir='ltr'>Sunica,</span> <span class='ocrx_word' id='word_1_295' title='bbox 1292 2331 1371 2365; x_wconf 89' lang='lat' dir='ltr'>Dux</span> <span class='ocrx_word' id='word_1_296' title='bbox 1397 2332 1576 2374; x_wconf 84' lang='lat' dir='ltr'>Romanus,</span> 
     </span>
     <span class='ocr_line' id='line_1_35' title="bbox 110 2376 1577 2426; baseline 0 -15"><span class='ocrx_word' id='word_1_297' title='bbox 110 2376 280 2422; x_wconf 69' lang='lat' dir='ltr'>singulare</span> <span class='ocrx_word' id='word_1_298' title='bbox 302 2378 346 2413; x_wconf 85' lang='lat' dir='ltr'>ad</span> <span class='ocrx_word' id='word_1_299' title='bbox 370 2384 542 2414; x_wconf 84' lang='lat' dir='ltr'>certamen</span> <span class='ocrx_word' id='word_1_300' title='bbox 565 2385 786 2426; x_wconf 85' lang='lat' dir='ltr'>provocatum</span> <span class='ocrx_word' id='word_1_301' title='bbox 806 2379 1006 2425; x_wconf 79' lang='lat' dir='ltr'>prostravit.</span> <span class='ocrx_word' id='word_1_302' title='bbox 1054 2381 1170 2424; x_wconf 85' lang='lat' dir='ltr'>Atque</span> <span class='ocrx_word' id='word_1_303' title='bbox 1192 2377 1322 2412; x_wconf 85' lang='lat' dir='ltr'>diffusis</span> <span class='ocrx_word' id='word_1_304' title='bbox 1349 2377 1397 2411; x_wconf 88' lang='lat' dir='ltr'>ibi</span> <span class='ocrx_word' id='word_1_305' title='bbox 1422 2389 1483 2423; x_wconf 80' lang='lat' dir='ltr'>per</span> <span class='ocrx_word' id='word_1_306' title='bbox 1506 2382 1577 2411; x_wconf 89' lang='lat' dir='ltr'>ter-</span> 
     </span>
     <span class='ocr_line' id='line_1_36' title="bbox 111 2423 1540 2470; baseline 0.001 -13"><span class='ocrx_word' id='word_1_307' title='bbox 111 2433 182 2458; x_wconf 83' lang='lat' dir='ltr'>ram</span> <span class='ocrx_word' id='word_1_308' title='bbox 203 2423 353 2470; x_wconf 87' lang='lat' dir='ltr'>undique</span> <span class='ocrx_word' id='word_1_309' title='bbox 377 2425 612 2468; x_wconf 79' lang='lat' dir='ltr'>cadaveribus,</span> <span class='ocrx_word' id='word_1_310' title='bbox 637 2425 756 2460; x_wconf 88' lang='lat' dir='ltr'>videre</span> <span class='ocrx_word' id='word_1_311' title='bbox 779 2430 856 2460; x_wconf 84' lang='lat' dir='ltr'>erat</span> <span class='ocrx_word' id='word_1_312' title='bbox 877 2425 1117 2460; x_wconf 85' lang='lat' dir='ltr'>Confidentiae</span> <span class='ocrx_word' id='word_1_313' title='bbox 1140 2424 1302 2459; x_wconf 85' lang='lat' dir='ltr'>Persicae</span> <span class='ocrx_word' id='word_1_314' title='bbox 1324 2423 1540 2469; x_wconf 83' lang='lat' dir='ltr'>triumphum.</span> 
     </span>
     <span class='ocr_line' id='line_1_37' title="bbox 202 2468 1577 2512; baseline -0.001 -8"><span class='ocrx_word' id='word_1_315' title='bbox 202 2468 340 2506; x_wconf 73' lang='lat' dir='ltr'>certior</span> <span class='ocrx_word' id='word_1_316' title='bbox 362 2477 476 2506; x_wconf 89' lang='lat' dir='ltr'>autem</span> <span class='ocrx_word' id='word_1_317' title='bbox 509 2471 554 2506; x_wconf 92' lang='lat' dir='ltr'>de</span> <span class='ocrx_word' id='word_1_318' title='bbox 576 2471 627 2507; x_wconf 87' lang='lat' dir='ltr'>his</span> <span class='ocrx_word' id='word_1_319' title='bbox 650 2472 761 2506; x_wconf 85' lang='lat' dir='ltr'>factus</span> <span class='ocrx_word' id='word_1_320' title='bbox 783 2471 961 2506; x_wconf 81' lang='lat' dir='ltr'>Persarum</span> <span class='ocrx_word' id='word_1_321' title='bbox 984 2471 1062 2505; x_wconf 86' lang='lat' dir='ltr'>Rex</span> <span class='ocrx_word' id='word_1_322' title='bbox 1085 2470 1230 2512; x_wconf 85' lang='lat' dir='ltr'>Coades,</span> <span class='ocrx_word' id='word_1_323' title='bbox 1278 2469 1438 2504; x_wconf 82' lang='lat' dir='ltr'>Rufinum</span> <span class='ocrx_word' id='word_1_324' title='bbox 1461 2468 1577 2503; x_wconf 84' lang='lat' dir='ltr'>Patri-</span> 
     </span>
     <span class='ocr_line' id='line_1_38' title="bbox 110 2513 1336 2562; baseline -0.001 -13"><span class='ocrx_word' id='word_1_325' title='bbox 110 2513 209 2556; x_wconf 74' lang='lat' dir='ltr'>cium,</span> <span class='ocrx_word' id='word_1_326' title='bbox 231 2514 464 2562; x_wconf 82' lang='lat' dir='ltr'>Comitemque</span> <span class='ocrx_word' id='word_1_327' title='bbox 488 2517 728 2559; x_wconf 79' lang='lat' dir='ltr'>Alexandrum,</span> <span class='ocrx_word' id='word_1_328' title='bbox 753 2517 972 2562; x_wconf 82' lang='lat' dir='ltr'>Legationem</span> <span class='ocrx_word' id='word_1_329' title='bbox 997 2529 1088 2552; x_wconf 87' lang='lat' dir='ltr'>suam</span> <span class='ocrx_word' id='word_1_330' title='bbox 1113 2517 1208 2551; x_wconf 86' lang='lat' dir='ltr'>obire</span> <span class='ocrx_word' id='word_1_331' title='bbox 1227 2514 1336 2560; x_wconf 85' lang='lat' dir='ltr'>jussit.</span> 
     </span>
    </p>

    <p class='ocr_par' dir='ltr' id='par_1_11' title="bbox 107 2558 1573 2884">
     <span class='ocr_line' id='line_1_39' title="bbox 199 2558 1573 2609; baseline 0.001 -15"><span class='ocrx_word' id='word_1_332' title='bbox 199 2558 322 2596; x_wconf 77' lang='lat' dir='ltr'>Iisdem</span> <span class='ocrx_word' id='word_1_333' title='bbox 343 2563 552 2608; x_wconf 80' lang='lat' dir='ltr'>temporibus</span> <span class='ocrx_word' id='word_1_334' title='bbox 574 2563 681 2598; x_wconf 81' lang='lat' dir='ltr'>Italus</span> <span class='ocrx_word' id='word_1_335' title='bbox 704 2562 838 2609; x_wconf 87' lang='lat' dir='ltr'>quidam</span> <span class='ocrx_word' id='word_1_336' title='bbox 862 2563 1148 2598; x_wconf 85' lang='lat' dir='ltr'>circumforaneus</span> <span class='ocrx_word' id='word_1_337' title='bbox 1171 2559 1336 2602; x_wconf 77' lang='lat' dir='ltr'>innotuit3</span> <span class='ocrx_word' id='word_1_338' title='bbox 1374 2559 1432 2606; x_wconf 89' lang='lat' dir='ltr'>qui</span> <span class='ocrx_word' id='word_1_339' title='bbox 1456 2571 1573 2595; x_wconf 86' lang='lat' dir='ltr'>canem</span> 
     </span>
     <span class='ocr_line' id='line_1_40' title="bbox 110 2605 1573 2655; baseline 0.001 -16"><span class='ocrx_word' id='word_1_340' title='bbox 110 2605 237 2640; x_wconf 82' lang='lat' dir='ltr'>fulvum</span> <span class='ocrx_word' id='word_1_341' title='bbox 260 2606 504 2651; x_wconf 80' lang='lat' dir='ltr'>circumduxit,</span> <span class='ocrx_word' id='word_1_342' title='bbox 548 2610 609 2655; x_wconf 88' lang='lat' dir='ltr'>qui</span> <span class='ocrx_word' id='word_1_343' title='bbox 643 2608 769 2644; x_wconf 88' lang='lat' dir='ltr'>domini</span> <span class='ocrx_word' id='word_1_344' title='bbox 790 2609 833 2644; x_wconf 89' lang='lat' dir='ltr'>ad</span> <span class='ocrx_word' id='word_1_345' title='bbox 857 2614 972 2644; x_wconf 89' lang='lat' dir='ltr'>nutum</span> <span class='ocrx_word' id='word_1_346' title='bbox 1005 2607 1158 2643; x_wconf 82' lang='lat' dir='ltr'>miranda</span> <span class='ocrx_word' id='word_1_347' title='bbox 1189 2606 1355 2652; x_wconf 84' lang='lat' dir='ltr'>quaedam</span> <span class='ocrx_word' id='word_1_348' title='bbox 1378 2606 1573 2652; x_wconf 85' lang='lat' dir='ltr'>perficeret.</span> 
     </span>
     <span class='ocr_line' id='line_1_41' title="bbox 109 2651 1570 2699; baseline -0.001 -12"><span class='ocrx_word' id='word_1_349' title='bbox 109 2651 273 2687; x_wconf 86' lang='lat' dir='ltr'>Dominus</span> <span class='ocrx_word' id='word_1_350' title='bbox 295 2652 382 2688; x_wconf 90' lang='lat' dir='ltr'>euim</span> <span class='ocrx_word' id='word_1_351' title='bbox 404 2655 440 2689; x_wconf 81' lang='lat' dir='ltr'>in</span> <span class='ocrx_word' id='word_1_352' title='bbox 461 2656 538 2690; x_wconf 80' lang='lat' dir='ltr'>foro</span> <span class='ocrx_word' id='word_1_353' title='bbox 563 2661 675 2697; x_wconf 79' lang='lat' dir='ltr'>stans,</span> <span class='ocrx_word' id='word_1_354' title='bbox 698 2659 735 2690; x_wconf 88' lang='lat' dir='ltr'>et</span> <span class='ocrx_word' id='word_1_355' title='bbox 757 2655 996 2691; x_wconf 85' lang='lat' dir='ltr'>circumstante</span> <span class='ocrx_word' id='word_1_356' title='bbox 1017 2653 1167 2697; x_wconf 86' lang='lat' dir='ltr'>undique</span> <span class='ocrx_word' id='word_1_357' title='bbox 1191 2652 1419 2697; x_wconf 85' lang='lat' dir='ltr'>spectaculum</span> <span class='ocrx_word' id='word_1_358' title='bbox 1442 2653 1570 2699; x_wconf 86' lang='lat' dir='ltr'>populo</span> 
     </span>
     <span class='ocr_line' id='line_1_42' title="bbox 107 2697 1570 2747; baseline 0.001 -16"><span class='ocrx_word' id='word_1_359' title='bbox 107 2697 194 2731; x_wconf 83' lang='lat' dir='ltr'>clam</span> <span class='ocrx_word' id='word_1_360' title='bbox 217 2709 323 2740; x_wconf 83' lang='lat' dir='ltr'>cane,</span> <span class='ocrx_word' id='word_1_361' title='bbox 356 2698 561 2735; x_wconf 82' lang='lat' dir='ltr'>adstantium</span> <span class='ocrx_word' id='word_1_362' title='bbox 586 2701 726 2736; x_wconf 82' lang='lat' dir='ltr'>annulos</span> <span class='ocrx_word' id='word_1_363' title='bbox 748 2701 961 2747; x_wconf 84' lang='lat' dir='ltr'>accipiebat,</span> <span class='ocrx_word' id='word_1_364' title='bbox 996 2711 1079 2746; x_wconf 84' lang='lat' dir='ltr'>quos</span> <span class='ocrx_word' id='word_1_365' title='bbox 1101 2698 1136 2733; x_wconf 87' lang='lat' dir='ltr'>in</span> <span class='ocrx_word' id='word_1_366' title='bbox 1159 2699 1230 2733; x_wconf 86' lang='lat' dir='ltr'>solo</span> <span class='ocrx_word' id='word_1_367' title='bbox 1254 2697 1442 2743; x_wconf 82' lang='lat' dir='ltr'>depositos,</span> <span class='ocrx_word' id='word_1_368' title='bbox 1474 2702 1570 2733; x_wconf 84' lang='lat' dir='ltr'>terra</span> 
     </span>
     <span class='ocr_line' id='line_1_43' title="bbox 108 2743 1569 2789; baseline 0.001 -12"><span class='ocrx_word' id='word_1_369' title='bbox 108 2746 252 2788; x_wconf 81' lang='lat' dir='ltr'>aggesta</span> <span class='ocrx_word' id='word_1_370' title='bbox 274 2745 436 2789; x_wconf 80' lang='lat' dir='ltr'>tegebat:</span> <span class='ocrx_word' id='word_1_371' title='bbox 477 2746 606 2781; x_wconf 84' lang='lat' dir='ltr'>Canem</span> <span class='ocrx_word' id='word_1_372' title='bbox 630 2746 752 2782; x_wconf 90' lang='lat' dir='ltr'>deinde</span> <span class='ocrx_word' id='word_1_373' title='bbox 775 2759 833 2782; x_wconf 86' lang='lat' dir='ltr'>eos</span> <span class='ocrx_word' id='word_1_374' title='bbox 857 2746 996 2788; x_wconf 86' lang='lat' dir='ltr'>tollere,</span> <span class='ocrx_word' id='word_1_375' title='bbox 1025 2750 1061 2779; x_wconf 87' lang='lat' dir='ltr'>et</span> <span class='ocrx_word' id='word_1_376' title='bbox 1082 2756 1177 2780; x_wconf 89' lang='lat' dir='ltr'>suum</span> <span class='ocrx_word' id='word_1_377' title='bbox 1200 2743 1326 2789; x_wconf 83' lang='lat' dir='ltr'>cuique</span> <span class='ocrx_word' id='word_1_378' title='bbox 1347 2743 1492 2779; x_wconf 88' lang='lat' dir='ltr'>reddere</span> <span class='ocrx_word' id='word_1_379' title='bbox 1511 2745 1569 2788; x_wconf 84' lang='lat' dir='ltr'>ju-</span> 
     </span>
     <span class='ocr_line' id='line_1_44' title="bbox 108 2788 1569 2837; baseline -0.001 -14"><span class='ocrx_word' id='word_1_380' title='bbox 108 2789 226 2824; x_wconf 85' lang='lat' dir='ltr'>bebat.</span> <span class='ocrx_word' id='word_1_381' title='bbox 273 2789 376 2825; x_wconf 84' lang='lat' dir='ltr'>Canis</span> <span class='ocrx_word' id='word_1_382' title='bbox 397 2789 513 2837; x_wconf 88' lang='lat' dir='ltr'>itaque</span> <span class='ocrx_word' id='word_1_383' title='bbox 535 2791 714 2837; x_wconf 86' lang='lat' dir='ltr'>indagatos</span> <span class='ocrx_word' id='word_1_384' title='bbox 739 2792 878 2828; x_wconf 77' lang='lat' dir='ltr'>annulos</span> <span class='ocrx_word' id='word_1_385' title='bbox 901 2804 962 2827; x_wconf 87' lang='lat' dir='ltr'>ore</span> <span class='ocrx_word' id='word_1_386' title='bbox 984 2790 1207 2837; x_wconf 75' lang='lat' dir='ltr'>prehendens,</span> <span class='ocrx_word' id='word_1_387' title='bbox 1232 2789 1354 2835; x_wconf 90' lang='lat' dir='ltr'>cuique</span> <span class='ocrx_word' id='word_1_388' title='bbox 1374 2801 1467 2825; x_wconf 83' lang='lat' dir='ltr'>suum</span> <span class='ocrx_word' id='word_1_389' title='bbox 1489 2788 1569 2823; x_wconf 92' lang='lat' dir='ltr'>red-</span> 
     </span>
     <span class='ocr_line' id='line_1_45' title="bbox 107 2834 1567 2884; baseline -0.001 -14"><span class='ocrx_word' id='word_1_390' title='bbox 107 2834 231 2873; x_wconf 81' lang='lat' dir='ltr'>hibuit.</span> <span class='ocrx_word' id='word_1_391' title='bbox 285 2835 388 2871; x_wconf 23' lang='lat' dir='ltr'>Idem*</span> <span class='ocrx_word' id='word_1_392' title='bbox 408 2836 511 2872; x_wconf 81' lang='lat' dir='ltr'>etiam</span> <span class='ocrx_word' id='word_1_393' title='bbox 540 2838 642 2874; x_wconf 82' lang='lat' dir='ltr'>Canis</span> <span class='ocrx_word' id='word_1_394' title='bbox 672 2838 881 2874; x_wconf 85' lang='lat' dir='ltr'>diversorum</span> <span class='ocrx_word' id='word_1_395' title='bbox 912 2849 1050 2884; x_wconf 88' lang='lat' dir='ltr'>quoque</span> <span class='ocrx_word' id='word_1_396' title='bbox 1081 2838 1324 2884; x_wconf 84' lang='lat' dir='ltr'>Imperatorum</span> <span class='ocrx_word' id='word_1_397' title='bbox 1356 2835 1567 2872; x_wconf 84' lang='lat' dir='ltr'>Numismata</span> 
     </span>
    </p>
   </div>
  </div>
 </body>
</html>
