1838 3230
285 177 384 226 540
801 174 1267 220 ANNOTATIONES.

283 289 481 330 mendose.
551 287 749 329 Mensibus
775 288 1034 330 Macedonicis
1067 292 1215 345 passim
1243 291 1372 333 utitur
1399 290 1728 343 Auctor-noster,

285 359 451 398 quorum
478 346 577 387 haec
594 346 764 387 nomina.

586 400 766 454 Δύστρος
1187 402 1363 443 Martius

590 456 792 504 Ξάνθικος
1187 458 1346 508 Aprilis

588 513 824 565 Λρτεμίσιος
1188 514 1330 554 Maius

587 568 730 616 Δέσιος
1187 569 1328 609 Iunius

589 621 778 677 Πάνεμος
1188 624 1318 664 Julius

588 678 700 729 Λόος
1187 681 1393 734 Augustus

594 739 807 789 Γορπιαῖος
1190 735 1408 788 September

594 794 902 846 Υπερβερεταῖος
1193 790 1359 832 October

589 849 687 896 Δίος
1189 846 1333 888 Novem
1339 848 1402 887 ber

588 906 819 953 Απηλλαΐος
1188 901 1397 943 December

588 956 818 1007 Αὕδυναῖος
1189 956 1402 999 Ianuarius

590 1017 796 1068 Περίττιος
1188 1011 1433 1058 Ὲεόνὶιανίιιε.

397 1085 492 1137 Pag·
526 1088 616 1128 173.
658 1088 721 1127 13.
769 1087 826 1140 τῷ
853 1084 965 1138 Ηλίῳ
1003 1086 1157 1133 Τιτᾶνι,
1188 1083 1242 1131 ὥς
1271 1084 1516 1140 ὖψουμένῳ]
1552 1085 1730 1126 Raderus

284 1138 358 1176 ista
377 1142 518 1190 vertit,
547 1142 654 1193 apud.
673 1141 763 1181 Chr.
785 1142 900 1181 Alex.
921 1142 963 1178 in
983 1139 1090 1189 solis,
1120 1147 1165 1178 ut
1189 1141 1344 1180 Titanis
1361 1142 1528 1190 excelsi,
1558 1141 1730 1181 cultum:

284 1195 386 1233 male
407 1197 574 1236 omnino.
630 1194 864 1249 ὖψούμενος
885 1196 985 1235 enim
1006 1195 1072 1233 hic
1091 1195 1219 1234 dictus
1242 1198 1321 1246 sol,
1349 1198 1392 1236 id
1423 1205 1481 1238 est
1517 1196 1731 1237 Exultatus

285 1251 394 1299 (non
414 1252 637 1302 an-celsus)
668 1267 714 1291 eo
733 1253 840 1304 quod
860 1253 910 1290 ad
929 1253 1187 1302 Aequatorem
1205 1261 1436 1304 provectus,
1465 1253 1631 1292 mediam
1649 1255 1730 1307 jam

286 1307 528 1345 altitudinem
551 1322 671 1357 suam,
701 1309 1004 1361 septentrionem
1022 1321 1156 1346 versus
1180 1309 1362 1359 attigerit.
1419 1311 1486 1348 Sol
1503 1310 1604 1348 enim
1628 1324 1731 1349 sem-

285 1376 357 1414 per
374 1362 565 1402 Eaecelsus
585 1365 665 1402 dici
682 1371 832 1416 potest3
860 1362 1076 1402 Eoealtatus
1096 1377 1191 1402 vero
1212 1378 1257 1402 eo
1277 1366 1412 1416 magis,
1441 1367 1730 1418 Septentriona-

285 1419 411 1468 libus,
442 1432 520 1470 quo
553 1435 574 1458 a
603 1422 771 1472 Tropico
797 1421 1025 1472 Capricorni
1046 1420 1197 1469 longius
1216 1419 1386 1460 dicessit.
1443 1422 1574 1460 Martii
1594 1424 1731 1473 itaque

283 1487 380 1512 xxv.
403 1473 447 1512 id
466 1481 536 1524 est,
567 1476 826 1528 Aequinoctio
843 1489 980 1523 verno,
1001 1476 1217 1513 Certamina
1237 1474 1334 1515 haec
1354 1477 1401 1514 ab
1425 1477 1636 1529 Oenomao,
1665 1491 1730 1516 so-

282 1530 332 1568 lis
348 1530 428 1582 jam
447 1531 506 1568 sic
526 1532 617 1570 satis
640 1533 812 1571 Exultati
829 1532 869 1569 in
884 1531 1090 1582 honorem,
1114 1531 1293 1570 instituta
1315 1532 1513 1573 dicuntur.

398 1600 491 1650 Pag.
523 1601 616 1641 173.
650 1603 716 1641 17.
759 1599 1104 1651 καταγωνίσασθαι
1133 1594 1277 1647 αὐτὸν]
1309 1599 1399 1640 Chr.
1419 1599 1532 1638 Alex.
1554 1612 1730 1650 καταγω·

283 1653 465 1701 νίζεσθαι
517 1650 664 1695 αὕτοῦε
713 1655 1023 1708 καταγωνίζομαι
1055 1653 1122 1692 hic
1157 1667 1232 1706 pro
1270 1651 1581 1708 α’νταγωνίζομαι
1616 1654 1731 1706 poni-

283 1716 367 1747 tur:
396 1711 706 1763 καταγωνίζομαι
725 1711 827 1751 enim
850 1710 1011 1762 proprie
1027 1709 1229 1762 significat,
1256 1708 1470 1750 Certamine
1487 1712 1624 1751 vinco.-
1652 1710 1730 1749 He-

283 1764 468 1817 sychius:
498 1768 809 1820 καταγωνίζεται,
839 1769 947 1822 νικᾷ.

394 1835 497 1885 Peg.
530 1835 620 1877 174.
649 1838 716 1877 22.
760 1833 781 1876 ὁ
807 1830 1007 1881 Ενυάλιος
1038 1830 1185 1887 ἅρμασι
1210 1829 1396 1883 διπῶλοις
1425 1831 1595 1886 ἐφεῦρε]
1639 1831 1729 1870 Chr.

284 1887 396 1926 Alex.
417 1886 562 1941 ἅρμασι
581 1888 630 1942 δή
650 1894 834 1939 πολλοῖς-τ
865 1889 1061 1928 mendose.

399 1958 494 2008 Pag·
527 1956 618 1999 175.
646 1960 684 1998 2.
735 1957 778 1998 ἐν
804 1960 886 2003 τοῖς
905 1957 1092 2007 Ετησίοις
1110 1951 1268 2005 αὕτοῦ,]
1307 1956 1453 1994 Iterum
1480 1955 1581 1994 forte
1599 1954 1729 1993 corri-

262 2050 267 2054 ⁴
288 2010 456 2059 gendum
477 2012 569 2050 Chr.
598 2012 712 2050 Alex.
742 2013 811 2051 ubi
840 2026 914 2062 pro
944 2013 1131 2064 Ετησίοις
1158 2011 1276 2050 habet
1292 2012 1518 2063 Αἰτησίοις.·
1549 2009 1655 2060 quod
1670 2010 1729 2048 in-

288 2072 441 2118 terpres
469 2067 599 2106 Aeliis
634 2069 763 2109 vertit.
831 2069 951 2108 Αἴτια
986 2068 1142 2119 quidem
1166 2067 1348 2119 inscripti
1379 2065 1602 2104 Callimachi
1633 2079 1729 2117 ope-

287 2122 343 2160 ris
357 2152 367 2171 ,
391 2136 477 2174 ¹quo
497 2123 715 2162 fabularum
738 2124 906 2175 origines
926 2130 964 2162 et
992 2138 1125 2162 causas
1145 2128 1379 2175 exposuerat
1394 2123 1526 2170 Poeta,
1555 2122 1729 2160 meminit

290 2178 451 2216 Servius
477 2179 520 2217 in
541 2183 579 2221 7.
615 2179 774 2220 Aeneid.
806 2186 844 2218 et
868 2180 1037 2220 Martial.
1067 2180 1096 2217 1.
1130 2183 1193 2221 10.
1221 2179 1356 2231 Epigr.
1375 2177 1414 2220 4.
1448 2176 1729 2215 Callimachum

289 2241 415 2272 autem
443 2235 565 2273 libros
596 2236 904 2286 quamplurimos
929 2235 1153 2287 scripsisse,
1185 2237 1279 2277 800,
1307 2246 1493 2282 numero,
1531 2234 1641 2271 testis
1669 2239 1730 2270 est

287 2290 450 2340 Suidas3
491 2290 560 2342 qui
575 2296 703 2328 tamen
725 2291 868 2329 multos
889 2305 1026 2331 eorum
1045 2303 1293 2341 enumerans,
1325 2302 1397 2328 nec
1412 2288 1539 2327 nostri
1560 2285 1728 2341 Ετήσια,

287 2358 360 2383 nec
379 2346 484 2384 <licta
514 2346 631 2387 Αἴτια
653 2346 783 2385 habet.

401 2415 497 2464 Pag.
528 2412 620 2455 175.
650 2415 713 2454 13.
768 2409 816 2451 τὰ
847 2409 891 2452 δὲ
924 2410 1020 2452 ἕπτοὲ
1051 2410 1229 2463 σπαθία]
1266 2411 1321 2449 ita
1350 2410 1467 2450 etiam
1498 2408 1588 2450 Chr.
1614 2409 1727 2450 Alex.

287 2467 495 2505 mendose:
537 2469 712 2509 σπαθίον
740 2467 844 2507 enim
886 2466 1111 2506 Gladiolum
1150 2467 1362 2518 significat:
1401 2466 1621 2515 Legendum
1653 2466 1730 2504 ita-

286 2536 364 2573 que
396 2537 486 2561 cum
519 2524 715 2572 Cedreno,
744 2520 904 2572 σπᾶτια,
933 2523 1042 2575 quod
1071 2523 1307 2562 vocabulum
1330 2536 1428 2574 pure
1460 2522 1638 2559 Latinum
1658 2527 1728 2559 est.

286 2578 344 2616 De
366 2579 465 2618 Circi
486 2594 584 2619 vero
616 2579 922 2629 constructione,
951 2579 1044 2617 vide
1065 2579 1314 2630 Onuphrium
1331 2578 1584 2629 Panvinfflm,
1613 2583 1654 2616 et
1670 2576 1727 2614 Cl.

286 2634 466 2674 Salmasii
488 2638 528 2674 in
548 2636 726 2674 Solinum
745 2635 908 2675 Plinian.
936 2634 1217 2674 Exercitation.

401 2694 496 2742 Pssg·
528 2691 620 2733 175.
652 2691 717 2734 14.
762 2689 834 2743 τήν
850 2692 1005 2742 κίνησιν
1021 2692 1091 2741 τῆς
1114 2686 1375 2741 ἀστρονομίας
1404 2692 1483 2729 τῶν
1501 2685 1596 2728 ἕπτοῖ
1618 2683 1728 2727 «ἰστέ-

286 2759 367 2795 ρων
389 2749 463 2797 τῆς
480 2742 650 2800 μεγάλης
671 2745 859 2801 &puteo-J
891 2747 997 2785 Haec
1023 2747 1135 2783 aliter
1156 2747 1341 2796 leguntur
1362 2745 1468 2798 apud
1496 2744 1588 2781 Chr.
1614 2743 1727 2781 Alex.

285 2799 364 2839 hoc
390 2802 530 2843 modo:
582 2799 657 2855 τήν
684 2804 841 2857 κίνησιν
867 2805 938 2856 τῆς
966 2798 1141 2856 ἄστρώας
1174 2798 1290 2855 (fort.
1316 2800 1390 2854 τὴν
1417 2797 1620 2854 οἴστρῶαν)
1648 2799 1728 2838 τῶν
