1838 3230
265 175 366 223 234
659 170 950 216 IOANNIS
977 173 1315 219 MALALAE

263 290 312 333 τὸ
336 289 449 346 παρὰ
475 291 521 333 τὸ
544 288 639 347 ἷίρος
663 290 786 344 με’ρος
807 293 881 346 τῆς
904 287 1079 344 πόλεως,
1116 292 1281 334 κτισθὲν
1308 290 1389 335 ὕπὸ
1409 290 1614 348 Ἀντιόχου
1629 297 1727 339 τοῦ,

263 357 583 416 ἐπιφανεστάτου
617 358 837 412 βασιλέως·
885 357 947 400 ὅτι
980 361 1046 402 καὶ
1082 359 1129 402 τὸ
1157 359 1445 415 βουλευτήριον
1483 360 1611 405 ἔκτισε
1643 363 1713 406 καὶ

262 426 368 470 ἄλλα
396 425 495 484 ἱερά.
567 423 760 475 ὡσαύτως
792 427 836 468 δὲ
865 428 930 469 καὶ
951 426 1152 482 Ἀντίοχος
1179 426 1411 482 ὃβασιλεύς
1436 427 1557 472 πάλιν
1591 414 1614 472 ὗ
1643 433 1708 473 λε-
1731 458 1747 469 2

113 506 146 540 0
170 507 239 543 302
261 493 428 550 γόμενος
459 492 714 550 Φιλάδελφος
749 494 896 537 ἔκτισεν
928 494 1002 545 ἔξω
1031 500 1104 550 τῆς
1131 494 1284 545 πόλεως
1314 494 1467 539 πολλά·
1505 495 1615 546 ὅστις
1642 498 1710 546 καὶ

260 565 303 606 ἓν
321 562 474 619 Δάφνῃ
493 562 643 604 ἔκτισεν
661 563 701 604 ἓν
720 567 777 620 τῷ
798 562 908 604 ἄλσει
931 563 1016 617 ἱερὰ
1040 563 1111 606 δύο
1123 597 1137 616 ‚
1170 563 1423 614 Ἀπόλλωνος
1443 566 1510 606 καὶ
1525 564 1708 622 Ἀρτὲμι-
1719 577 1748 613 5-

260 633 354 684 ὃος,
391 629 544 685 στήσας
567 631 608 672 ἓν
630 630 769 679 αὐτοῖς
796 628 1011 686 ἀγάλματα
1033 629 1105 674 δύο
1123 636 1280 688 χρυσᾶ,
1319 632 1541 688 παρασχὼν
1558 630 1710 688 προνό-

257 717 334 753 μια
362 706 448 748 τοῖς
483 696 802 754 καταφεύγουσιν
839 700 921 740 ἐκεῖ
949 699 1051 755 πρὸς
1079 699 1124 742 τὸ
1151 699 1209 754 μὴ
1243 700 1519 754 ἕκβάλλεσθαί
1542 717 1632 743 τινα
1663 701 1708 743 ἐκ

206 780 237 815 Β
261 771 342 810 τῶν
369 767 503 809 αὐτῶν
528 767 656 822 ἱερῶν.
725 770 857 810 ταῦτα
885 767 929 809 δὲ
949 766 1132 821 ἔκτισαν,
1170 767 1236 810 ὅτε
1267 768 1319 810 τὰ
1339 768 1606 812 Μακεδονικὰ
1624 772 1707 823 βα-

257 837 384 878 σίλεια
413 833 604 890 ὑπῆρχεν.

353 901 400 945 Ὁ
429 904 474 945 δὲ
507 903 693 958 Τιβέριος
719 904 885 958 Καῖσαρ
916 899 1066 944 ἔκτισεν
1092 901 1134 944 ἓν
1157 907 1208 959 τῇ
1230 902 1334 960 αὐτῇ
1360 902 1575 963 Ἀντιοχείᾳ
1592 901 1704 947 πόλει
1716 916 1760 951 10

256 971 362 1027 ἱερὸν
382 971 484 1027 μέγα
505 971 608 1020 Διὸς
637 972 915 1013 Καπετωλίου.
986 968 1134 1024 ὁμοίως
1156 972 1200 1013 δὲ
1221 970 1370 1014 ἔκτισεν
1389 969 1410 1014 ὃ
1434 972 1557 1022 αὐτὸς
1581 977 1705 1025 βασι-

255 1040 346 1089 λεῦς
365 1041 431 1081 καὶ
452 1037 647 1094 δημόσιον
672 1038 842 1093 λουτρὸν
876 1039 1045 1092 πλησίον
1073 1042 1145 1092 τῆς
1168 1037 1442 1093 Ὀλυμπιάδος
1467 1043 1598 1096 πηγῆς
1629 1044 1704 1095 τῆς

252 1109 486 1162 κτισθείσης
511 1106 589 1149 ὑπὸ
619 1105 881 1163 Ἀλεξάνδρου
911 1110 985 1148 τοῦ
1008 1105 1250 1156 ,Μακεδόνος
1285 1110 1339 1156 εἷς
1368 1106 1498 1160 ὄνομα
1527 1112 1600 1163 τῆς
1626 1106 1702 1150 αὗ-

253 1180 327 1218 τοῦ
346 1173 501 1231 μητρός
516 1189 524 1198 ·
562 1175 642 1218 ἔπιε
663 1175 738 1230 γὰρ
771 1176 813 1217 ἐκ
838 1178 910 1217 τοῦ
943 1174 1068 1216 αὐτοῦ
1097 1173 1249 1223 ὕδατος
1271 1175 1534 1231 Ἀλέξανδρος
1568 1164 1725 1218 ἐλθών-

252 1245 332 1286 ἐκεῖ
351 1245 416 1285 καὶ
437 1241 540 1285 εἶπεν
569 1242 630 1285 ὅτι
656 1242 776 1284 ’Έπια
808 1241 912 1298 γάλα
931 1247 1003 1296 τῆς
1024 1243 1120 1295 ε’μῆς
1136 1241 1303 1298 μητρός.
1369 1250 1492 1286 κεῖται
1515 1244 1560 1286 δὲ
1577 1241 1602 1298 ἦ
1622 1261 1700 1299 πη-
1713 1256 1756 1292 15

250 1312 301 1368 γὴ
320 1311 431 1367 παρὰ
453 1311 499 1354 τὸ
524 1310 640 1367 ὅρος·
676 1309 814 1364 ἥντινα
836 1309 856 1352 ὃ
877 1310 999 1358 αὐτὸς
1026 1311 1211 1366 Τιβέριος
1235 1311 1313 1353 ἴσω
1334 1315 1407 1353 τοῦ
1426 1312 1580 1365 τείχους
1601 1311 1702 1354 ἀπέ-

249 1384 414 1422 κλεισεν.
485 1378 610 1421 ἔκτισε
639 1380 682 1420 δὲ
708 1381 773 1420 καὶ
801 1378 906 1433 ἱερὸν
934 1381 991 1435 τῷ
1022 1377 1211 1436 Διονύσῳ
1233 1378 1334 1435 πρὸς
1351 1383 1410 1436 τῷ
1429 1378 1510 1434 ὄρει
1532 1377 1553 1421 ὃ
1576 1379 1700 1428 αὐτὸς

250 1448 437 1504 Τιβέριος
452 1445 663 1500 βασιλεύς,
702 1445 854 1501 στήσας
874 1444 946 1487 δύο
969 1443 1120 1499 στήλας
1136 1444 1311 1501 μεγάλας
1329 1451 1411 1488 τῶν
1432 1447 1474 1495 ἓξ
1489 1444 1699 1501 Ἀντιόπης

192 1528 224 1562 c
246 1515 516 1571 γεννηθέντων
536 1513 801 1570 Διοσκούρων
820 1513 902 1564 ἔξω
922 1517 994 1556 τοῦ
1015 1517 1114 1555 ναοῦ
1134 1516 1188 1563 εἷς
1207 1514 1326 1568 τιμὴν
1348 1513 1496 1566 αὐτῶν,
1525 1514 1698 1570 Ἀμφίο-

246 1582 315 1633 νός
336 1600 378 1626 τε
409 1585 474 1625 καὶ
492 1582 654 1637 Ζήθου.
726 1581 746 1625 ὁ
776 1581 898 1630 αὐτὸς
922 1581 1107 1636 Τιβέριος
1137 1581 1292 1624 καὶτὸν
1319 1581 1503 1635 ποταμὸν
1525 1586 1600 1636 τῆς
1618 1579 1752 1628 τιό-20

244 1656 345 1701 λεως
378 1651 449 1694 τὸν
477 1649 617 1709 πρῴην
646 1649 854 1706 λεγόμενον
884 1647 1105 1705 Δράκοντα
1138 1647 1395 1703 μετεκάλεσεν
1418 1647 1614 1706 Ὀρόντην
1643 1653 1696 1707 τῇ

95 1732 129 1768 0
151 1733 222 1769 303
239 1718 441 1776 Ῥωμαϊκῇ
468 1720 565 1770 λε’ξει
576 1752 589 1772 ,
628 1718 723 1776 ὅπερ
746 1715 1002 1776 ἑρμηνεύεται
1025 1715 1272 1767 ἀνατολικός.
1345 1716 1471 1760 ἔκτισε
1490 1718 1534 1759 δὲ
1558 1718 1626 1760 καὶ
1646 1717 1693 1760 τὸ

331 1852 367 1885 2.
395 1847 704 1895 ἐπιφανεστάτου]
728 1851 827 1884 For-t.
848 1845 1073 1894 Ἐπιφανοῦς
1095 1850 1175 1884 τοῦ.
1265 1849 1349 1884 ibid.
1378 1844 1436 1886 ὅτι
1456 1846 1518 1884 καὶ
1539 1846 1580 1883 τὰ
1604 1848 1693 1894 βου-

332 1896 542 1940 λευτήριον]
568 1897 707 1939 „Forte
729 1896 917 1940 legendum,
943 1894 1003 1932 ὅτε
1026 1900 1086 1930 aut
1108 1894 1244 1937 ὅστις.“
1267 1896 1331 1930 Ch.
1422 1896 1457 1930 8.
1482 1894 1589 1940 ἱερῶν
1613 1894 1691 1936 Ch„

333 1941 459 1988 ἱερέων
484 1944 550 1976 Ox,

243 2066 323 2101 pars
345 2055 456 2097 urbis,
495 2066 583 2100 quae
606 2055 649 2089 ad
684 2058 826 2090 montem
850 2055 936 2097 sita,
975 2055 1018 2090 ab
1042 2054 1165 2089 illustri
1194 2054 1252 2089 illo
1275 2052 1443 2088 Antiocho
1467 2052 1604 2088 condita
1626 2054 1689 2095 est,

243 2102 470 2144 (Senaculum
495 2112 614 2145 nempe
637 2101 824 2146 publicum,
856 2102 989 2145 aliaque
1011 2101 1087 2135 loca
1109 2101 1250 2143 sacra‚)
1285 2110 1494 2143 nequaquam
1517 2098 1689 2132 moenibus

245 2147 358 2180 cincta
392 2147 622 2180 habitabatur.
668 2146 831 2180 Similiter
863 2147 963 2180 etiam
987 2147 1167 2180 Antiochus
1191 2144 1428 2189 Philadelphus
1450 2150 1548 2178 extra
1570 2144 1688 2178 urbem

242 2192 348 2226 multa
371 2192 537 2225 extruxit=
564 2191 620 2235 qui
644 2196 679 2225 et
703 2192 746 2225 ad
769 2193 952 2236 Daphnen,
978 2193 1013 2226 in
1037 2193 1152 2232 Luno,
1175 2191 1271 2224 Fana
1294 2190 1360 2223 duo
1386 2189 1555 2231 condidit,
1579 2188 1688 2234 Apol-

242 2237 303 2271 lini
326 2248 447 2278 unum,
475 2237 615 2270 alterum
639 2236 787 2270 Dianae:
823 2237 858 2270 in
881 2238 1000 2282 quibus
1024 2238 1124 2271 etiam
1146 2241 1272 2270 statuas
1295 2235 1376 2268 duas
1399 2246 1517 2268 aureas
1540 2234 1687 2268 colloca-

240 2283 311 2323 vit,
347 2284 519 2328 Asylorum
543 2283 589 2315 eis
609 2282 690 2325 jura
713 2283 917 2323 concedens3
959 2287 998 2316 ut
1019 2295 1062 2316 ne
1086 2281 1158 2326 quis
1180 2280 1316 2321 noxius,
1347 2280 1391 2313 ad
1414 2291 1456 2314 ea
1478 2279 1686 2322 confugiens,

239 2327 321 2361 inde
342 2329 589 2362 extraheretur.
635 2327 730 2361 Haec
752 2339 831 2361 vero
857 2333 1013 2362 extructa
1034 2333 1128 2368 sunt,
1152 2327 1211 2360 sub
1230 2325 1377 2369 Regibus
1400 2324 1638 2359 Macedonicis.

333 2374 497 2408 Extruxit
530 2373 631 2406 etiam
655 2372 813 2406 Tiberius
836 2373 980 2414 Caesar,
1013 2374 1049 2407 in
1074 2373 1188 2406 eadem
1214 2371 1409 2411 Antiochia,
1448 2369 1608 2413 templum
1630 2369 1684 2402 in-

238 2429 323 2463 gens
345 2419 425 2453 Jovi
449 2418 664 2463 Capitolino:
701 2418 860 2452 Balneum
883 2430 1017 2463 quoque
1040 2418 1209 2464 publicum
1232 2416 1403 2456 extruxit,
1427 2425 1535 2460 prope
1557 2415 1683 2448 fontem

236 2465 350 2506 illum,
375 2475 474 2509 quem
499 2463 577 2497 olim
599 2463 748 2497 condidit
771 2463 959 2497 Alexander
985 2464 1139 2504 Macedo,
1166 2472 1353 2506 nomenque
1377 2460 1408 2494 ei
1432 2460 1539 2502 dedit,
1563 2471 1584 2493 a
1608 2460 1684 2494 Ma-
1730 2460 1738 2466 ”

236 2514 291 2543 tre
313 2521 393 2551 sua,
418 2509 665 2554 Olympiadem.
713 2509 902 2543 Alexander
925 2509 1011 2542 enim
1035 2521 1074 2543 eo
1099 2510 1255 2548 vernem,
1293 2513 1327 2540 et
1349 2517 1451 2550 aquas
1475 2505 1518 2539 de
1541 2505 1685 2538 scaturi-

235 2555 315 2598 gine
337 2554 396 2588 illa
418 2555 555 2595 bibens;
596 2554 715 2588 videor
737 2554 899 2598 (inquit)
923 2554 1002 2587 mihi
1025 2555 1077 2587 lac
1100 2560 1282 2587 maternum
1306 2552 1464 2585 hausisse.
1510 2550 1598 2584 Fons
1621 2560 1684 2583 au-

235 2604 304 2634 tem
326 2600 391 2634 iste
410 2601 510 2643 juxta
533 2605 675 2634 montem
698 2599 778 2634 situs
801 2604 871 2640 est3
918 2610 1015 2643 quem
1040 2603 1075 2633 et
1096 2600 1188 2632 intra
1220 2597 1310 2631 urbis
1334 2597 1491 2630 ambitum
1514 2595 1682 2629 moenibus

236 2645 303 2678 suis
325 2646 487 2679 Tiberius
518 2644 711 2680 incluserat.
767 2644 859 2678 Idem
881 2644 981 2678 etiam
1004 2645 1138 2678 Baccho
1162 2645 1274 2677 fanum
1298 2642 1448 2676 extruxit
1466 2643 1566 2685 juxta
1588 2650 1682 2674 mon-

235 2692 324 2731 tem3
349 2691 464 2734 positis
487 2690 586 2724 etiam
610 2690 758 2726 exterius
781 2690 825 2724 ad
846 2690 1004 2734 templum
1026 2690 1146 2723 statuis
1169 2689 1318 2729 duabus,
1342 2687 1535 2730 Amphionis
1558 2690 1593 2719 et
1614 2685 1682 2719 Ze-

235 2734 307 2775 thi,
343 2735 580 2769 Dioscurorum
610 2748 654 2770 ex
677 2735 824 2781 Antiopa
852 2741 1089 2780 prognatorum
1112 2734 1146 2767 in
1179 2734 1347 2768 honorem.
1395 2732 1547 2766 Fluvium
1570 2730 1682 2771 etiam,

238 2780 355 2814 urbem
381 2781 575 2823 assuentem,
599 2781 657 2825 qui
680 2781 791 2815 Draco
815 2781 891 2814 olim
913 2781 1116 2821 vocabatur,
1139 2780 1321 2820 Orontem,
1346 2778 1440 2823 quasi
1463 2776 1680 2815 orientalem,

238 2825 392 2859 Romana
422 2826 540 2870 lingua
565 2827 712 2861 vocavit.
759 2827 947 2861 Theatrum
981 2837 1114 2871 quoque
1145 2824 1314 2865 extruxit,
1355 2824 1548 2868 circumque
1579 2820 1679 2855 alium
