1838 3230
284 150 382 196 666
857 145 963 188 APP
971 144 1158 189 ENDIX.

284 258 429 314 γάρων.
459 259 525 298 Sic
546 258 603 298 Jo.
624 260 817 299 Tzetzes
805 274 846 298 m
864 260 996 312 Opere
1016 260 1096 300 MS.
1116 260 1182 300 cit.
1212 260 1265 299 ait
1289 259 1524 300 Achillem
1510 275 1563 301 m
1578 258 1739 316 Txpojam

284 316 445 355 duxisse
469 313 638 357 Ου’ννων
656 313 897 369 Βουλγάρων
926 314 1144 370 στράτευμα
1170 319 1253 358 τῶν
1274 313 1570 371 Μυρμηδόνων-
1594 318 1656 358 ita
1683 319 1741 358 le-

282 373 390 423 gitur
411 373 452 410 in
476 372 598 410 Godd.
619 376 656 414 2.
680 373 786 410 MSS.
807 372 908 411 Bibl.
931 373 1060 412 Oxon.
1091 373 1296 412 obsemius
1324 387 1420 413 vero
1454 374 1496 414 in
1517 373 1615 418 Cod.
1635 387 1739 426 quo.-

283 429 372 467 dam
392 429 535 468 tertio:
567 429 758 468 Tzetzes
748 443 832 481 ipse
850 429 1017 468 fortasse
1040 430 1200 482 scripsit
1222 445 1302 470 των
1327 433 1416 471 νῦν.
1471 430 1582 471 Idem
1600 436 1750 483 postea*

282 486 324 523 in
345 485 482 525 eodem
506 485 647 535 Opere
1664 512 1667 516 ν

499 542 736 593 Πυραίχμης
754 543 836 581 τῶν
858 537 1049 582 Παιόνων
1070 539 1114 582 δὲ
1132 540 1305 582 τουτέστι
1326 543 1406 582 τῶν
1424 538 1665 610 Βουλγοὶρων

508 599 599 636 Των
623 597 663 645 ἐξ
685 597 812 637 Ασίου
829 612 1032 649 ποταμου,
1060 596 1233 638 τουτέστι
1250 613 1320 637 του
1343 595 1547 651 Βαρδᾶρη.

391 649 874 706 Pag.103.11.9.sv3n
895 656 966 705 τῆς
992 650 1198 705 κινήσεως.
1246 652 1314 692 hic
1342 653 1625 694 desiderantur
1644 667 1741 706 quo·

282 705 450 746 rundam
469 708 775 760 desciiptiones,
804 715 851 747 ut
869 710 1190 759 Agamemnonis,
1218 710 1404 758 Menelai,
1433 710 1622 760 Achillis,
1651 711 1742 751 Dio-

282 763 429 812 medis,
459 764 611 816 Ajacis,
644 771 716 804 etc.
748 765 796 803 de
818 765 981 816 quibus,
1014 765 1046 803 si
1067 766 1249 817 placeant
1264 779 1413 816 nugae,
1445 767 1581 807 videre
1602 767 1751 819 ροεεὶῐ,’

284 826 444 873 praeter
469 821 587 869 alios,
619 821 894 860 Jo.Tze1zes
883 837 922 859 m
946 823 1076 874 Opere
1095 822 1173 860 MS.
1199 836 1319 873 supra
1354 823 1420 860 cit.
1455 823 1522 874 qui
1543 838 1563 861 a
1583 823 1743 874 reliquis

286 877 457 915 multum
483 877 589 915 dism
593 884 693 929 epat.
752 878 808 916 De
828 877 981 916 Achille
1002 878 1103 916 inter
1123 878 1198 916 alia
1220 879 1275 916 sic
1296 877 1435 917 habet·
1464 877 1622 928 λευκὸς,
1653 879 1744 927 ξαν-

286 930 456 1002 θόθριξ,
487 933 556 974 καὶ
587 931 777 987 σγουρος,
809 931 1026 987 δασύθριξ,
1055 933 1123 974 καὶ
1151 931 1394 987 μακρόρῤιν·
1424 934 1493 973 ubi
1520 949 1603 974 vox
1626 946 1745 986 σγου·

288 986 374 1042 ρός,
406 1003 506 1041 quae
538 1004 615 1028 non
647 991 822 1028 occurrit
852 991 957 1041 apud
985 991 1224 1040 Cedimenum
1254 991 1455 1040 Mnlelam,
1482 997 1550 1029 aut
1570 991 1624 1030 Is.
1647 991 1746 1028 Por-

288 1044 631 1110 phylogennetum
657 1053 794 1085 notatu
827 1046 956 1098 digna.
1015 1047 1135 1098 Apud
1166 1047 1346 1085 Tzetzem
1376 1047 1555 1086 occurrit
1579 1047 1651 1086 ista
1664 1059 1746 1086 sae-

291 1102 382 1154 pius
401 1103 442 1140 in
461 1103 537 1140 illis
560 1102 902 1154 descriptionibus.
964 1102 1026 1141 Ait
1044 1103 1258 1142 Melionem
1280 1103 1400 1142 fuisse
1425 1101 1604 1171 εὔθριχα,
1633 1115 1746 1156 &rov-

292 1155 384 1210 ρὸν,
428 1155 644 1207 εὕπώγωνα
681 1166 753 1199 etc.
797 1159 1016 1199 Thoantem
1055 1157 1216 1207 λεπτον,
1258 1157 1427 1212 σγουρον
1439 1187 1450 1209 ,
1492 1155 1745 1212 υπόγλαυκον

293 1220 368 1252 etc.
415 1215 675 1254 Protesilaum
722 1211 994 1265 εὖσύνθετον,
1042 1212 1331 1269 σγουρόθριχα,
1377 1213 1628 1268 ξανθόθριχα
1670 1221 1742 1253 etc.

291 1270 452 1322 Ajacem
472 1271 573 1309 Loci
577 1285 706 1309 ensem
726 1269 1115 1324 σγουρομελανθριχα
1137 1271 1205 1311 καὶ
1224 1269 1395 1323 στραβόν
1414 1271 1482 1311 καὶ
1499 1287 1580 1311 των
1600 1285 1745 1324 μακρο-

290 1323 532 1378 προσώπων.
591 1327 818 1365 Diomedem
840 1327 938 1365 dicit
959 1335 1142 1378 :espectu
1161 1328 1405 1379 reliquorum
1421 1327 1598 1367 Heroum
1613 1327 1744 1366 brevis

293 1388 464 1422 staturae
481 1384 627 1434 fuisse3
658 1383 797 1421 deinde
818 1384 1028 1421 subnectit.

510 1439 616 1479 Επεὶ
634 1437 776 1479 τούτου
800 1441 984 1504 χωρίκιον
1006 1435 1171 1492 ὕστερον
1192 1437 1392 1491 ἐφευρέθη

510 1499 685 1536 Εσωθεν
706 1492 900 1547 λάρνακός
919 1511 1026 1542 τινος
1045 1495 1086 1535 ἐν
1107 1498 1156 1556 τῆ
1173 1494 1447 1549 Λογγιβαρδίᾳ

511 1556 574 1591 ,Αν
567 1550 668 1620 ιδρός
686 1548 856 1610 μεγαλου
876 1551 1144 1604 μέγεθος,οὑ
1163 1553 1241 1591 τῶν
1259 1553 1393 1616 κομῶν
1408 1566 1451 1590 το
1466 1546 1591 1602 πάχος

512 1606 618 1655 Εἰς’
608 1605 724 1660 όγκον
743 1609 796 1660 ην
815 1605 1001 1661 ἰσόμερον
1015 1603 1194 1662 κονδύλῳ
1213 1602 1429 1661 μεσαιτάτῳ

508 1666 550 1703 Ο
574 1664 665 1719 ἱερῷ
685 1667 756 1716 τῆς
771 1667 942 1731 Αθηνᾶς
960 1647 1178 1716 ἐκρέμασαν
1195 1679 1249 1710 ως
1266 1665 1418 1712 θαῦμα.

407 1721 508 1772 Pag.
542 1720 633 1762 105.
666 1720 704 1761 5.
748 1736 904 1772 μαντις,
934 1719 1001 1760 καὶ
1038 1716 1308 1767 οἰωνοσκόπος
1334 1717 1502 1769 ἄριστος.
1570 1716 1626 1753 De
1658 1714 1750 1752 Cal-

299 1776 461 1824 chante,
493 1776 600 1827 quod
627 1789 761 1826 magus
784 1777 905 1815 suerit
926 1783 964 1815 et
989 1777 1230 1826 aslnologus‚
1271 1781 1310 1814 et
1338 1775 1387 1813 de
1407 1774 1489 1826 ejus
1511 1772 1631 1823 Virga
1653 1784 1748 1823 pro-

298 1806 461 1884 phetica²
479 1832 572 1870 audi
590 1832 641 1870 sis
661 1834 844 1871 Tzetzem
861 1847 910 1870 ex
932 1833 1064 1870 eodem
1086 1832 1202 1872 libro.

524 1886 605 1939 Την
623 1889 717 1939 μίαν
737 1885 888 1941 ραβδον
907 1904 1122 1940 μαντικην,
1153 1887 1280 1940 χρυσῆ
1295 1883 1369 1938 γὰρ
1394 1880 1484 1936 ουχ’
1509 1882 1685 1937 υπῆρχεν

519 1942 630 1984 Auo}
651 1946 786 1997 ξυλίνη
803 1944 869 1985 καὶ
876 1942 1033 2012 κυρτὴ,
1063 1941 1252 1998 χρήσιμος
1272 1941 1315 1982 δὲ
1333 1941 1533 1994 μαντείαις

521 1998 635 2040 Kato}
654 2003 724 2052 τῆς
745 2004 819 2054 γῆς
828 2017 910 2069 γαρ
934 2001 1085 2053 χέοντες
1105 2000 1254 2052 τέφραν
1274 1998 1316 2039 ἐκ
1334 1999 1406 2049 τῆς
1424 1996 1552 2043 ἑστίας

530 2059 589 2109 Τῇ
610 2053 746 2110 ῥάβδῳ
764 2055 885 2126 ταύτῃ
902 2060 1086 2109 τεχνικῶς
1106 2056 1278 2127 ἔγραφον
1295 2069 1365 2101 τας
1384 2053 1567 2124 μαντείας

522 2111 738 2159 Βλέποντες
746 2110 856 2182 πρὸς
873 2128 943 2153 τον
962 2111 1087 2179 ἥλιον
1100 2112 1174 2152 καὶ
1185 2110 1360 2177 λέγοντες
1379 2125 1422 2150 το
1442 2107 1591 2174 μέλλον.

530 2165 687 2218 Ταύτην
707 2185 780 2220 την
800 2166 951 2220 ῥἀβδον
974 2165 1227 2221 Πλούταρχος
1244 2163 1379 2206 λύτιον
1396 2160 1590 2216 ὀνομάζει,

523 2221 723 2270 Λιτούους
740 2223 782 2264 δὲ
802 2222 1047 2272 Κοκκειανος
1066 2222 1241 2269 Κάσσιος
1260 2223 1360 2268 Λίος
1384 2220 1435 2273 (l.
1460 2218 1596 2267 Δίων)
1614 2215 1724 2268 λέγει.

419 2277 519 2330 Pag·
551 2279 642 2321 105.
672 2283 740 2322 20
790 2277 915 2333 Παρις
941 2287 1014 2320 etc.
1056 2282 1111 2318 De
1142 2278 1292 2317 Paridis
1331 2278 1473 2322 forma,
1512 2280 1557 2312 ut
1587 2273 1654 2323 qui
1681 2272 1753 2310 sub

307 2334 460 2374 Venere
485 2336 644 2373 Planeta
672 2341 785 2374 natus
814 2337 961 2386 fuerat,
988 2337 1122 2375 nescio
1154 2334 1250 2387 quid
1274 2333 1562 2382 Astrologicum
1586 2335 1756 2379 nugatur

306 2391 364 2430 Jo.
387 2392 549 2429 Tzetzes
568 2405 630 2443 op
650 2391 716 2431 cit.

424 2450 519 2498 Pog.
553 2451 643 2489 106
674 2448 714 2490 4.
747 2443 967 2497 οἷναφάλας.
997 2448 1038 2485 C.
1069 2446 1118 2484 de
1137 2445 1352 2484 Justiniano
1371 2437 1587 2492 αναφαλας.

425 2505 649 2554 Pag.107.
685 2507 748 2545 13.
785 2506 886 2556 νῆας
910 2506 943 2542 λ.
973 2502 1022 2541 de
1061 2515 1222 2541 numero
1250 2499 1409 2539 navium
1429 2497 1493 2536 adi
1526 2497 1558 2535 si
1577 2496 1674 2535 libet
1699 2496 1756 2535 Jo.

309 2558 522 2597 Tzetzem
512 2572 551 2596 m
576 2572 638 2609 op.
664 2559 730 2598 cit.

426 2618 521 2666 Pag·
553 2619 644 2657 127
677 2619 742 2657 18.
773 2610 1026 2666 σφενδόβολα.
1059 2613 1143 2651 aliis
1164 2606 1419 2662 σφενδοβὸλα.

426 2667 920 2722 Ραὲ.154.13.ῑδιάζει
943 2670 998 2718 εἰς
1014 2684 1087 2719 την
1106 2667 1363 2719 Μαραβίτιδα
1381 2662 1524 2718 χώραν.
1583 2650 1759 2703 Habetur

315 2727 414 2764 haec
435 2727 567 2764 fabula
591 2727 696 2778 apud
716 2727 886 2767 Hamart.
902 2724 988 2766 MS.
1019 2726 1085 2777 qui
1103 2726 1142 2763 in
1165 2723 1242 2762 hoc
1261 2723 1349 2761 loco
1376 2722 1513 2761 scribit
1530 2721 1586 2769 εἰς
1606 2735 1679 2772 την
1700 2723 1762 2760 Ιν-

318 2780 436 2835 δικὴν
458 2780 595 2832 ἰδιαζει
616 2779 760 2837 χώραν.
