1838 3230
448 154 1070 202 CHRONOGRAPHIA.
1099 156 1148 200 L.
1178 155 1295 209 XIV,
1510 160 1609 208 371

127 279 257 331 ἑστώς
289 280 358 324 καὶ
379 285 576 340 θεωρῶν,
614 273 825 336 εὖφῆμησε
851 277 925 320 τὸν
955 275 1130 333 βασιλέα
1150 275 1322 320 Λέοντα
1349 274 1505 322 πολλά·
1543 280 1611 321 καὶ

126 347 446 403 ἀποσπάσαντες
467 349 595 395 αὐτὸν
614 344 826 403 ἀπήγαγον
857 345 938 390 ἀπὸ
958 351 1033 391 τοῦ
1054 347 1290 398 Ζευξίππου
1319 349 1375 398 εἷς
1392 347 1467 404 τὴν
1483 345 1611 404 μεγά-
1635 358 1669 393 o
1692 358 1738 394 78

126 423 204 475 λην
230 419 459 476 ἐκκλησίαν.
530 419 598 463 καὶ
625 415 725 466 δοὺς
745 415 791 459 τὸ
821 413 952 471 ὄνομα
982 415 1112 460 αὐτοῦ
1134 414 1354 473 κατηχήθη
1373 418 1440 460 καὶ
1459 418 1610 475 ἐφωτί-

125 492 214 544 σθη
230 501 241 512 ·
276 491 344 532 καὶ
365 490 562 547 ἐπέμφθη
582 489 638 538 εἷς
657 484 733 542 τὴν
750 482 892 542 χώραν
919 485 1062 530 αὐτοῦ.

90 567 114 603 5
223 554 274 600 Ὅ
303 559 349 602 δὲ
375 558 501 609 αὐτὸς
529 554 749 605 θειότατος
770 555 899 598 Λέων
924 554 1120 610 βασιλεὺς
1150 553 1225 605 τὰς
1256 554 1454 613 κυριακᾶς
1472 553 1610 612 ἀπρά-

122 642 248 677 κτους
268 624 368 671 εἶναι
389 628 620 680 ἐκέλευσεν,
659 621 903 682 ἔκφωνῆσας
934 626 1026 682 περὶ
1055 621 1206 667 τούτου
1238 629 1357 668 θεῖον
1382 624 1510 668 αὐτοῦ
1538 622 1610 668 νό-

120 712 202 750 μον
227 695 299 739 ἵνα
328 695 432 754 μήτε
466 695 592 746 αὗλός
623 693 648 750 ἢ
671 691 828 750 κιθάρα
857 692 884 749 ἢ
915 694 1016 737 ἄλλο
1042 711 1081 737 τι
1100 693 1298 749 μουσικὸν
1321 693 1445 751 λέγειν
1468 694 1509 737 ἐν
1534 711 1610 737 κυ-

121 768 244 822 ριακῇ
254 796 268 818 ,
305 765 413 810 ἀλλὰ
433 763 592 815 πάντας
612 763 746 821 ἀργεῖν
759 776 769 786 ·
806 764 874 806 καὶ
893 769 974 814 πᾶς
991 762 1217 821 ἅνθρωπος
1242 763 1447 819 ἠνέσχετο.
1629 764 1660 798 C

217 833 307 876 Ἐπὶ
337 836 383 879 δὲ
409 840 486 893 τῆς
519 834 648 878 αὐτοῦ
677 834 888 889 βασιλείας
917 830 1154 888 ὑπονοήσας
1181 834 1404 890 τυραννίδα
1433 836 1606 887 μελετᾶν

65 899 304 956 ΙΟἌσπαρα
320 905 394 948 τὸν
412 905 626 960 πατρίκιον
639 936 652 955 ,
690 900 745 952 ὥς
762 907 926 957 πρῶτον
946 906 1020 958 τῆς
1040 900 1292 959 συγκλήτου,
1330 899 1544 959 ἐφόνευσεν
1563 903 1605 945 ἐν

87 995 93 1001 ’
117 975 178 1030 τῷ
199 974 388 1034 παλατίῳ
410 976 478 1018 καὶ
502 969 802 1030 Ἀρὸαβούριον
827 973 894 1015 καὶ
912 972 1143 1028 Πατρίκιον
1162 971 1260 1022 τοὺς
1277 971 1394 1021 υἶοῦς
1414 970 1543 1014 αὐτοῦ
1562 972 1605 1014 ἐν

117 1041 346 1102 κομβέντῳ,
385 1045 452 1087 καὶ
471 1042 624 1092 αὐτοὺς
644 1040 767 1092 ὄντας
787 1039 1091 1098 συγκλητικούς,
1122 1038 1368 1096 κατακόψας
1388 1040 1439 1083 τὰ
1459 1038 1605 1095 σώμα-

116 1125 170 1152 τα
192 1110 342 1155 αὐτῶν.
397 1114 465 1156 καὶ
486 1112 638 1169 ἐγένετο
661 1111 704 1154 ἐν
722 1108 1156 1154 Κωνσταντινουπόλει
1177 1108 1362 1167 ταραχή·
1400 1107 1506 1165 εἶχον
1524 1109 1602 1167 γὰρ

116 1182 282 1234 πλῆθος
299 1184 342 1224 Γ
338 1178 479 1226 ότθων
503 1183 572 1224 καὶ
590 1178 776 1236 κόμητας
801 1182 867 1223 καὶ
889 1179 1039 1230 ἄλλους
1068 1181 1221 1231 παῖδας
1253 1181 1320 1223 καὶ
1341 1179 1603 1234 παραμένον-

57 1260 193 1298 zetas·
213 1247 355 1302 αὖτοΐς
372 1249 623 1308 ἀνθρώπους
645 1247 836 1300 πολλούς.
909 1248 1008 1293 ὅθεν
1028 1246 1086 1300 εἷς
1096 1252 1136 1291 Γ
1134 1247 1263 1300 ότθος
1281 1253 1363 1292 τῶν
1381 1246 1603 1306 διαφερόν-
1628 1253 1661 1288 Ο
1686 1255 1731 1291 79

113 1333 196 1360 των
215 1323 274 1377 τῷ
294 1319 408 1380 αὐτῷ
424 1319 602 1377 ’Άσπαρι
636 1316 808 1374 ὀνόματι
829 1318 1034 1375 ’Όστρυς,
1073 1316 1225 1375 κόμης,
1264 1320 1455 1374 εῗσῆλθεν
1476 1320 1532 1368 εἷς
1554 1318 1601 1362 τὸ

112 1384 314 1432 παλάτιον
341 1386 520 1441 τοξεύων
550 1388 656 1444 μετὰ
689 1387 826 1433 ἄλλων
851 1391 891 1431 Γ
890 1386 1054 1432 ότθων·
1092 1390 1158 1431 καὶ
1189 1391 1404 1444 συμβολῆς
1431 1388 1598 1443 γενομέ-

111 1472 186 1511 νης
203 1457 310 1511 μετὰ
339 1463 423 1502 τῶν
453 1455 760 1515 ἒξκουβιτώρων
784 1459 851 1501 καὶ
884 1457 1013 1501 αὐτοῦ
1031 1457 1189 1515 ’Όστρυ
1210 1458 1352 1501 πολλοὶ
1377 1455 1596 1512 ἐκόπησαν.
1622 1471 1653 1505 D

111 1525 178 1567 καὶ
196 1529 423 1581 μεσασθεὶς
443 1525 545 1571 εἶδεν
571 1526 633 1571 ὅτι
653 1525 836 1584 ἡττήθη,
871 1529 937 1570 καὶ
963 1526 1084 1586 ἔφυγε
1104 1526 1246 1582 λαβὼν
1264 1526 1340 1582 τὴν
1364 1527 1599 1569 παλλακίδα

53 1595 329 1654 25Ἄσπαρος,
366 1601 408 1641 Γ
406 1595 541 1641 ότθαν
565 1596 760 1655 εὐπρεπῆ,
796 1595 887 1653 ἥτις
905 1596 1081 1655 ἔφιππος
1098 1598 1270 1653 ἐξῆλθεν
1292 1595 1380 1651 ἅμα
1402 1595 1514 1655 αὐτῷ
1536 1596 1600 1638 ἐπὶ

202 1727 238 1764 7.
268 1724 387 1769 αὐλᾶς
407 1723 433 1774 ἢ
452 1725 598 1774 κιθάρα
630 1727 775 1771 Chron.‚
819 1725 960 1764 αὐλοῖσι
990 1725 1134 1778 κιθάρᾳ
1158 1729 1226 1764 Ox.
1362 1729 1394 1764 8.
1429 1726 1596 1775 πάντας]

201 1770 326 1810 πάντα
357 1775 488 1813 chron.
582 1776 636 1811 19.
666 1775 876 1811 παλακίδαν
904 1776 973 1812 Ox.

109 1885 224 1932 tinus,
249 1888 308 1935 qui
333 1893 493 1925 eventum
517 1892 703 1946 expectans
728 1889 967 1925 circumstitit=
999 1889 1244 1935 Imperatorem
1267 1889 1438 1933 Leonem,
1471 1890 1598 1925 faustis

107 1933 411 1971 acclamationibus
427 1937 589 1983 repetith
613 1937 835 1979 celebrabat3
859 1941 896 1972 et
914 1937 1124 1971 abstractum
1145 1936 1227 1971 inde
1240 1935 1439 1978 Isocasium,
1464 1947 1486 1971 a
1504 1936 1597 1971 Zeu-

107 1979 214 2026 xippo
237 1983 283 2017 ad
307 1982 468 2028 Magnam
494 1982 684 2018 Ecclesiam
706 1983 941 2018 deduxerunt:
965 1982 1025 2017 ubi
1048 1983 1084 2017 in
1108 1982 1379 2018 Christianorum
1401 1983 1513 2017 album
1538 1995 1596 2017 re-

105 2024 195 2061 latus
216 2032 252 2062 et
270 2029 439 2065 elementa
455 2029 539 2065 fidei
560 2029 716 2073 edoctus,
752 2041 920 2076 sacroque
936 2030 1034 2064 fonte
1051 2029 1229 2073 lustratus,
1252 2029 1289 2064 in
1307 2028 1481 2074 regionem
1498 2040 1593 2064 suam

105 2073 269 2109 remissus
292 2080 357 2112 est.

196 2142 292 2179 Idem
310 2143 541 2180 divinissimus
558 2145 632 2180 Leo
650 2144 842 2190 Imperator
860 2143 982 2179 diebus
1002 2143 1191 2180 Dominicis
1209 2146 1254 2180 ab
1277 2143 1367 2179 omni
1392 2155 1497 2188 opere
1515 2154 1589 2178 ces-

105 2187 177 2223 sari
195 2189 322 2234 jussit3
346 2191 562 2238 promulgato
586 2202 690 2237 super
714 2192 780 2226 hoc
802 2190 928 2225 Edicto
951 2191 1202 2238 Imperatorio,
1227 2203 1271 2226 ne
1294 2191 1373 2237 quis
1397 2190 1453 2224 die
1470 2190 1589 2223 Domi-

106 2234 182 2269 nieo
204 2236 291 2272 tibia
314 2242 476 2280 caneret,
501 2237 638 2272 aliudve
662 2237 925 2272 Instrumentum
947 2237 1117 2273 Musicum
1140 2242 1329 2283 tractaret3
1360 2236 1421 2270 sed
1446 2235 1589 2280 quibus-

107 2291 238 2328 cunque
259 2285 412 2330 negotiis
438 2283 662 2319 abstinerent.
711 2284 882 2330 Deinceps
899 2283 1017 2330 itaque
1037 2285 1080 2319 ab
1108 2284 1199 2320 omni
1217 2295 1323 2330 opere
1342 2282 1502 2316 feriatum
1522 2286 1587 2316 est.

197 2350 302 2387 Circa
335 2351 373 2387 id
404 2357 537 2398 tempus
560 2353 755 2400 Imperator
786 2353 951 2398 Asparem
974 2352 1180 2396 Patricium,
1219 2363 1317 2401 quem
1350 2354 1586 2401 Tyrannidem

106 2394 215 2430 moliri
237 2397 501 2445 suspicabatur,
537 2399 602 2444 (ut
625 2399 684 2445 qui
707 2399 870 2446 princeps
893 2399 1044 2434 Senatus
1072 2401 1193 2445 esset)
1218 2402 1326 2436 occidi
1347 2403 1470 2447 jussit,
1494 2401 1586 2437 intra

105 2439 293 2479 Palatium:
322 2445 548 2480 Ardaburium
572 2457 709 2492 quoque
733 2450 769 2480 et
786 2445 986 2488 Patricium,
1012 2445 1102 2481 filios
1126 2448 1200 2491 ejus
1219 2454 1254 2482 et
1276 2448 1372 2494 ipsos
1395 2447 1496 2482 etiam
1519 2449 1585 2482 Se-

107 2490 264 2543 natores,
311 2490 347 2526 in
381 2492 564 2526 Conventa
588 2493 665 2527 neci
689 2492 804 2535 dedit,
852 2491 1055 2539 corporibus
1087 2505 1200 2528 eorum
1224 2494 1259 2528 in
1290 2495 1401 2529 frusta
1424 2494 1583 2528 concisis.

106 2533 314 2570 Conmtatus
329 2536 409 2573 inde
425 2537 726 2584 Constantinopoli
754 2538 937 2574 tumultus:
975 2538 1165 2574 occisorum
1189 2540 1276 2575 enim
1295 2552 1337 2574 ex
1358 2540 1514 2586 partibus
1533 2539 1583 2575 ibi

105 2583 182 2614 erat
200 2579 323 2626 ingens
339 2584 534 2620 Gothorum
554 2585 756 2628 multitudo,
788 2589 928 2631 praeter
946 2584 1118 2628 Comites,
1150 2585 1325 2621 ministros
1348 2587 1452 2630 alios,
1478 2592 1583 2633 atque

104 2630 338 2662 assectatores
356 2641 470 2665 eorum
487 2631 759 2677 quamplurimos.
809 2631 913 2666 Unde
937 2635 973 2666 et
990 2632 1127 2666 Gothus
1143 2632 1279 2677 quidam
1291 2658 1301 2676 ,
1327 2633 1457 2677 Ostrys
1477 2632 1583 2668 nomi-

104 2682 167 2714 ne,
209 2671 334 2708 Comes
357 2679 393 2710 et
413 2676 460 2710 As
487 2676 556 2712 aris
583 2690 624 2712 ex
649 2677 822 2720 Assecfls,
857 2677 892 2711 in
917 2677 1083 2712 Palatium
1110 2689 1183 2712 cum
1208 2678 1336 2713 Gothis
1361 2678 1437 2713 aliis
1461 2679 1584 2714 irrum-

104 2728 210 2763 pens,
235 2719 367 2773 spicula
384 2720 418 2755 in
475 2722 673 2760 xcubitores
695 2723 822 2759 emisit:
845 2723 939 2758 inter
959 2734 1044 2768 quos
1068 2729 1104 2757 et
1121 2725 1263 2769 Ostrym
1288 2736 1405 2771 pugna
1430 2725 1582 2761 commis·-

102 2763 313 2845 zikli'mnmi
327 2766 575 2849 ‘ceciderunt-d·
592 2773 638 2806 At
659 2782 742 2806 vero
767 2771 908 2815 Ostrys,
932 2768 1054 2850 ubi-‘se
1078 2770 1233 2850 {astibus
1250 2771 1401 2817 undique
1424 2771 1582 2827 cinctum,

102 2817 997 2906 ..1535‘'afflfflssdass“fzssssffssmfffiss}
1020 2827 1111 2898 ‘cim
1134 2819 1583 2911 iffiussqiffmumpssiffiss
