1838 3230
0 85 28 342 ᾗ
639 155 938 211 EPISTOLA.
1415 156 1516 207 749

17 319 21 329 ·,
58 292 117 322 ne:
134 278 314 332 serieque
339 276 533 318 historiae
557 276 601 316 in
625 287 712 314 eam
737 273 964 327 opinionem
984 269 1194 314 adductus.
1250 265 1353 311 ,ἀλλ’
1379 265 1429 311 ού
1449 285 1519 311 πε·-

0 342 17 387 ν”ξ
60 333 144 378 σόν
159 351 204 390 γε
224 335 399 388 ἐκείμην.
456 334 583 387 Culpa
599 332 703 371 enim
722 329 919 383 postridie
941 327 1185 381 deprebensa
1205 327 1321 367 etiam
1346 328 1520 366 amoveri

4 382 15 397 ¹
59 393 177 433 facile
194 391 341 446 potuit,
352 392 396 430 'si
412 404 485 443 per
501 388 749 442 typothetam
769 387 960 425 licuisset.
990 382 1099 425 Αλλᾶ
1111 382 1157 426 ro*
1167 382 1239 435 μὲν
1255 380 1522 436 προτετύχθαι

0 458 24 498 ὦ
59 446 230 502 ἐάσομεν
249 443 468 502 ἆχνύμενοί
490 462 576 500 περ.
633 446 795 484 Certum
825 449 886 481 est
909 455 974 480 eas
1001 441 1223 492 tragoedias
1252 441 1372 490 longo
1391 439 1522 479 inter-

0 501 23 553 ζ
57 506 165 560 jecto
184 504 397 544 intervallo
415 503 538 542 fuisse
560 502 700 541 editas.
757 499 978 550 Antigonen
997 497 1050 536 ita
1070 498 1267 551 placuisse
1295 497 1447 547 serunt,
1476 502 1523 535 ut

0 571 29 614 μ’
61 576 108 603 οι
135 562 479 614 gratia-praetura
502 558 693 610 Sophocli
722 555 1003 596 decerneretur
1030 555 1072 593 in
1101 554 1205 593 bello
1233 554 1423 593 adversus
1449 555 1523 592 Sa-

0 647 13 657 ,.
59 619 178 660 mios.
205 619 310 669 Ergo
320 622 407 656 acta
419 629 501 655 esse
511 615 673 654 videtur
691 627 795 652 anno
813 627 874 651 111.
890 612 1049 664 Olymp.
1065 624 1234 650 Lxxxlv.
1248 611 1386 649 aetatis
1397 609 1522 662 Soph.

0 671 15 721 ,ᾗ
60 685 144 718 mvl.
174 673 391 714 secundum
410 686 583 712 marmor
607 670 796 710 Arundel.
825 669 1002 719 Oedipus
1027 681 1126 706 vero
1149 667 1356 719 Tyrannus
1381 680 1523 705 secun-

62 732 133 770 das
147 737 302 771 tantum
323 729 517 779 obtinuit,
548 735 588 767 et
608 728 739 766 victus
772 731 832 764 est
860 740 881 763 a
909 723 1108 763 Philocle:
1148 724 1245 775 quin
1272 731 1310 762 et
1326 723 1526 776 Oedipum

6 823 9 829 ,
63 788 300 838 Coloneum,
337 799 453 839 quem
485 791 660 824 extrema
703 787 902 823 senectute
933 780 1027 819 fecit
1057 780 1230 819 omnium
1258 780 1526 829 novissimam,

7 880 10 881 γ
63 844 248 891 editionis
274 850 453 896 tempore
490 841 713 880 antecessit.
778 839 1062 890 Argumentum
1094 837 1190 875 Oed.
1221 837 1314 889 Tyr.
1354 836 1450 877 Εἰσὶ
1480 835 1524 877 δὲ

7 926 9 933 =
62 901 133 943 καὶ
160 901 203 943 οἱ
235 896 441 954 Πρότερον
469 895 607 948 αὐτὸν,
651 892 702 938 οὔ
742 892 953 949 Τύραννον
989 891 1296 947 ἐπιγράφοντες,
1336 891 1403 934 διοὶ
1429 890 1526 941 τούς

62 953 233 1012 χρόνους
261 959 343 997 τῶν
375 956 640 997 διδασκαλιῶν
667 951 735 994 καὶ
763 950 830 993 διοῖ
854 949 902 992 τοὶ
931 947 1153 1004 πράγματα.
1209 950 1268 988 Ita
1291 949 1526 990 scribendus

64 1021 124 1054 est
144 1014 219 1053 iste
237 1013 370 1062 locus,
399 1026 516 1064 quem
541 1011 671 1057 minus
697 1008 891 1047 intellexit
915 1020 1080 1057 magnus
1106 1007 1366 1048 Camerarius.
1425 1008 1528 1046 Sunt

17 1121 18 1124 Ἰ
65 1071 133 1123 qui
161 1069 266 1109 hanc
292 1069 467 1108 fabulam
498 1067 696 1120 Oedipum
727 1066 904 1105 Priorem
929 1063 1171 1114 inscribunt,
1213 1077 1294 1102 non
1323 1063 1421 1104 Oed.
1444 1065 1528 1115 Ty·-

62 1140 253 1166 rannum:
285 1126 377 1179 quia
398 1126 508 1178 prior
528 1131 613 1163 erat
641 1136 729 1161 cum
745 1129 925 1174 tempore
944 1119 1136 1171 actionis,
1165 1126 1251 1159 tum
1269 1120 1369 1160 serie
1389 1133 1528 1159 rerum

63 1190 277 1236 gestarum.
333 1183 388 1221 Ea
408 1181 526 1234 hujus
545 1180 622 1220 loci
641 1180 834 1218 sententia
854 1184 924 1216 est.

176 1241 247 1292 Ep.
276 1253 318 1292 p.
350 1239 414 1281 14.
453 1251 556 1277 vers.
595 1240 636 1279 3.
701 1236 832 1286 Auget
868 1232 1123 1274 vehementer
1159 1233 1426 1286 suspicionem
1455 1247 1528 1272 no-

65 1303 188 1337 stram
217 1296 302 1348 ipse
330 1295 508 1334 Clemens
534 1294 578 1332 in
603 1292 874 1343 Protreptico,
912 1290 980 1342 qui
1007 1296 1265 1342 posteaquam
1295 1303 1435 1329 versus
1464 1304 1531 1328 eos

63 1361 251 1405 tanquam
280 1350 525 1404 Sophocleos
556 1349 745 1402 protulit,
778 1345 926 1387 Οὑτοσὶ
957 1343 1049 1398 μὲν,
1089 1346 1167 1396 ait,
1196 1344 1277 1399 ἤδη
1304 1346 1372 1387 καὶ
1400 1362 1532 1399 παρα-

22 1456 25 1459 ,
65 1407 419 1459 κεκινδυνευμένος
441 1406 506 1448 ἐπὶ
524 1409 596 1458 τῆς
613 1407 765 1456 σκηνῆς
782 1401 856 1455 τήν
869 1399 1066 1454 ἀλήθειαν
1082 1407 1165 1450 τοῖς
1185 1407 1351 1450 θεαταῖς
1370 1415 1531 1455 παρεισ-

65 1463 225 1520 ήγαγεν.
290 1465 394 1515 Ergo
424 1469 466 1502 et
492 1461 701 1502 Clementis
717 1460 869 1513 judicio
890 1459 931 1497 in
955 1458 1097 1511 capitis
1115 1459 1289 1498 venisset
1305 1459 1532 1508 discrimen,

68 1522 296 1574 quicunque
325 1534 394 1560 eos
411 1520 505 1560 olim
530 1519 572 1557 in
600 1531 757 1558 scenam
786 1516 1006 1556 detulisset.
1065 1515 1099 1555 Ii
1128 1515 1221 1555 alibi
1252 1515 1426 1555 citantur
1452 1515 1532 1555 hoc

69 1579 273 1632 exemplo:

265 1669 267 1675 ,
288 1629 436 1685 Θνητοῑ
457 1629 500 1672 δὲ
519 1629 808 1686 πουλυκερδείᾳ
824 1625 1078 1680 πλανώμενοι

286 1683 572 1742 Ιδρυσᾶμεσθα
587 1684 781 1739 πημάτων
796 1682 1041 1738 παραψυχήν
1051 1714 1063 1734 ,

289 1747 401 1787 Θεῶν
419 1740 613 1799 ἀγάλματ’
630 1743 674 1784 ἐκ
697 1744 825 1783 λίθων
842 1757 883 1782 τε
900 1741 968 1782 καὶ
993 1738 1123 1790 ξύλων

286 1805 332 1842 H
346 1797 640 1854 χρυσοτεύκτων
657 1797 687 1851 ἢ
706 1796 967 1850 ’λεφαντίνων
986 1795 1151 1845 τύπους.

71 1858 357 1908 Quamobrem,
388 1858 479 1909 quia
503 1857 636 1897 nullus
658 1856 737 1908 jam
757 1856 868 1894 locus
889 1862 947 1894 est
969 1868 1158 1893 censurae
1184 1858 1340 1893 nostrae
1369 1853 1411 1893 in
1436 1857 1532 1895 πολ-

0 1940 5 1946 ·
59 1914 142 1963 ,λόν
170 1921 210 1954 et
235 1913 430 1967 χαλκέων,
460 1914 535 1952 alia
568 1913 728 1951 afferam
755 1918 981 1964 argumenta
1014 1916 1191 1962 oportet,
1232 1923 1305 1949 cur
1335 1910 1531 1950 subdititii

71 1972 164 2014 sint.
219 1971 353 2010 Multis
365 1985 464 2010 sane
486 1970 707 2010 nominibus
724 1983 803 2008 non
822 1969 956 2021 placet
975 1967 1075 2006 illud
1091 1968 1391 2023 πουλυκερδείᾳ.
1431 1969 1531 2007 Nam

72 2028 192 2081 quid,
222 2028 408 2079 obsecro,
437 2028 533 2067 facit
558 2024 686 2068 πουλύ
705 2026 746 2064 in
768 2025 992 2076 tragoediae
1019 2021 1230 2064 diverbio?
1263 2030 1321 2063 est
1351 2025 1454 2063 enim
1480 2038 1532 2064 ex

73 2085 244 2125 dialecto
262 2084 410 2127 Ionica.
466 2085 603 2135 Neque
622 2097 719 2122 vero
739 2084 824 2123 δεια
849 2081 1074 2134 spondaeus
1102 2082 1144 2119 in
1164 2079 1256 2119 sede
1274 2087 1412 2132 quarta
1434 2082 1532 2121 ferri
1555 2090 1589 2125 ο
1612 2090 1659 2127 92

71 2148 205 2195 potest
223 2148 362 2180 contra
379 2155 526 2180 morem
549 2139 948 2191 consuetudinemque
967 2138 1232 2188 Tragicorum.
1276 2137 1533 2177 Theocritus:

73 2197 159 2239 Καὶ
189 2199 441 2254 φιλοκερδείῃ
479 2196 750 2250 βεβλαμμένον
785 2194 913 2249 ἄνδρα
946 2198 1173 2248 παρελθεῖν.
1240 2194 1376 2246 Neque
1407 2209 1532 2246 porro

72 2255 358 2309 πουλυκερδεία
379 2255 429 2294 de
447 2254 615 2293 avaritia
638 2253 766 2305 possis
795 2254 974 2304 accipere
1000 2265 1090 2290 cum
1117 2250 1334 2301 interprete
1355 2251 1533 2290 Clemen-

75 2311 149 2350 tis:
184 2324 326 2350 verum
357 2324 401 2350 ea
430 2310 623 2350 sententia
651 2309 817 2348 nimium
850 2308 1009 2361 quidem
1047 2308 1182 2359 inepta
1213 2313 1330 2358 atque
1360 2307 1530 2358 inficeta‚

75 2367 186 2419 quasi
214 2369 247 2406 si
279 2365 488 2421 prudentia
518 2368 603 2405 sive
638 2367 784 2406 astutia
815 2364 993 2404 homines
1023 2365 1065 2404 in
1105 2375 1278 2402 errorem
1310 2363 1534 2403 inciderint.

75 2423 346 2478 Πολυκέρδεια
369 2424 470 2463 enim
495 2428 555 2462 est
572 2424 822 2477 πολυίδρεια·
851 2430 896 2462 ut
917 2423 1075 2474 Ulysses
1094 2419 1350 2460 Homericust

295 2476 382 2521 Ούκ
405 2481 450 2522 ἔα
471 2479 690 2532 εἰπέμεναι,
717 2480 988 2536 πολυϊδρείῃσι
1011 2474 1144 2526 νόοιο,

292 2532 392 2578 Αλλ’
411 2535 436 2578 ό
454 2535 527 2590 μὲν
547 2534 600 2588 ἣν
625 2534 768 2588 ἄλοχον
788 2535 1113 2588 πολυκερδείῃσιν
1132 2529 1272 2586 &voye

77 2591 155 2631 Sed
173 2599 211 2631 et
231 2591 305 2631 alia
321 2593 448 2633 fertur
465 2594 664 2645 scriptura
694 2592 818 2632 nihilo
838 2593 999 2632 melior:
1031 2588 1176 2642 Θνητοὶ
1202 2588 1246 2629 δὲ
1271 2587 1410 2630 πολλοὶ
1437 2602 1529 2640 καρ-
1554 2598 1585 2634 V
1607 2595 1651 2635 45

78 2649 145 2704 δίᾳ
161 2644 423 2702 πλανώμενοι.
478 2650 576 2688 Mihi
593 2649 772 2702 quidem,
803 2650 913 2688 salvo
936 2648 1101 2687 aliorum
1124 2646 1301 2698 judicio,
1331 2660 1401 2685 nos
1421 2643 1536 2685 muln·

78 2703 283 2754 mortales,
313 2719 451 2758 parum
473 2713 608 2745 ornate
628 2706 709 2744 dici
729 2706 889 2745 videtur
909 2719 982 2758 pro
1006 2703 1195 2754 elegantia
1224 2705 1392 2754 Αττικῆς
1410 2703 1534 2753 μελίτ-

77 2776 163 2812 της.
220 2762 295 2800 Sed
321 2768 520 2813 utcunque
551 2763 602 2802 de
633 2777 677 2801 ea
704 2777 747 2802 re
778 2763 906 2801 visum
936 2761 1057 2800 fuerit
1077 2759 1258 2799 cruditis:
1287 2765 1444 2810 rogatos
1465 2772 1532 2796 eos

79 2817 217 2869 velim,
248 2818 315 2871 qui
347 2819 566 2859 luculenter
598 2820 747 2860 Graece
775 2820 925 2869 sciunt,
955 2825 1089 2858 utrum
1118 2817 1261 2872 καρδίᾳ
1279 2812 1534 2869 πλανώμενοι
