1838 3230
248 194 315 242 32
647 185 936 233 IOANNIS
965 187 1305 235 MALALAE

347 308 414 352 Ἔν
443 308 487 351 δὲ
513 314 600 359 τοῖς
621 305 785 364 χρόνοις
805 311 880 363 τῆς
899 309 1107 363 βασιλείας
1126 313 1200 352 τοῦ·
1223 308 1412 360 Φοίνικος
1432 303 1484 364 ἦν
1499 307 1707 366 Ἡρακλῆς

122 393 155 428 v
181 376 271 429 135
304 375 553 435 φιλόσοφος,
593 375 614 419 ὃ
645 375 855 432 λεγόμενος
886 375 1058 434 Τύριος,
1098 377 1210 428 ὅστις
1229 378 1370 435 ἐφεῦρε
1389 376 1706 435 τὴνκογχύλην·

249 445 508 504 ἔωριζόμενος
534 445 612 502 γὰρ
640 445 702 487 ἐπὶ
727 445 774 487 τὸ
801 443 1003 503 παράλιον
1031 446 1155 503 μέρος
1183 451 1257 502 τῆς
1290 444 1430 504 Τύρου
1458 444 1612 497 πόλεως
1631 443 1709 490 εἶδε

250 514 479 570 ποιμενικὸν
497 511 597 556 κύνα
620 514 814 556 ἐσθίοντα
833 514 907 569 τὴν
927 515 1140 571 λεγομένην
1161 513 1378 571 κογχύλην,
1420 513 1518 572 ὅπερ
1539 515 1622 558 ἐστὶ
1637 531 1708 569 μι-

251 584 348 641 κρὸν
372 581 477 632 εἶδος
503 579 736 624 θαλάσσιον
764 583 1026 637 κοχλιοειὸές,
1065 585 1131 626 καὶ
1161 583 1232 626 τὸν
1262 583 1457 638 ποιμένα,
1494 578 1743 637 νομίζονταδ

252 650 464 707 αἲμάσσειν
482 650 554 693 τὸν
572 647 687 703 κύνα,
726 649 907 705 λαβόντα
928 651 1010 694 άπὸ
1029 656 1110 695 τῶν
1129 650 1348 707 προβάτων
1364 650 1490 695 πόκον
1509 650 1625 709 ἐρέας
1642 652 1711 695 καὶ

252 718 573 775 καταμάσσοντα
602 719 648 762 τὸ
680 717 1011 776 καταφερόμενον
1033 721 1075 762 ἐκ
1092 725 1165 763 τοῦ
1187 718 1392 775 στόματος
1410 724 1485 764 τοῦ
1506 718 1627 770 κυνὸς
1643 721 1711 763 καὶ

249 787 463 844 βάπτοντα
483 787 554 830 τὸν
575 785 714 831 πόκον.
762 786 782 831 ὅ
804 789 847 831 δὲ
863 786 1083 844 ἸΙρακλῆς,
1109 789 1396 845 προσεσχηκώς
1409 788 1468 844 μὴ
1489 787 1587 832 εἶναι
1609 787 1711 832 αῧτό

252 855 355 912 αἷμα
365 891 378 910 ,
409 856 514 899 ἀλλὰ
536 853 756 911 βάμματος
778 858 1005 912 παραξένου
1031 855 1200 914 ἀρετήν,
1234 856 1469 911 ἐθαύμασε·
1505 859 1574 900 καὶ
1590 856 1713 913 γνοῦς

254 925 316 969 ὅτι
345 927 388 968 ἔκ
415 929 490 981 τῆς
519 923 715 981 κο;.·χύλης
736 926 820 968 ἐστὶ
843 925 889 968 τὸ
914 925 1052 969 κατιὸν
1072 924 1220 980 βάμμα
1243 930 1318 968 τοῦ
1345 924 1498 978 πόκου,
1536 924 1712 982 εἲληφὼς
1724 932 1768 967 10

127 999 160 1033 Ο
183 998 231 1034 37
255 995 298 1038 ἔκ
330 998 405 1037 τοῦ
439 994 628 1047 ποιμένος
654 994 726 1037 τὸν
756 993 882 1037 πόκον
901 992 956 1044 ὥς
974 994 1076 1050 μέγα
1100 996 1233 1051 δῶρον
1253 998 1376 1037 τοῦτο
1398 991 1627 1051 προσήγαγε
1652 997 1712 1052 ‘reg'

252 1068 420 1117 βασιλεῖ
431 1067 506 1118 τῆς
529 1060 670 1117 Τύρου
700 1063 869 1106 Φοίνικι.
941 1065 1007 1105 καὶ
1028 1064 1230 1118 ἐκπλαγεὶς
1249 1064 1314 1105 καὶ
1336 1062 1460 1112 αὐτὸς
1479 1063 1543 1104 ἐπὶ
1561 1065 1613 1119 τῇ
1630 1061 1713 1121 θέᾳ

253 1137 327 1188 τῆς
354 1132 467 1186 ξένης
490 1128 621 1188 χρόας
652 1135 725 1174 τοῦ
753 1130 996 1186 βάμματος,
1033 1129 1260 1185 θαυμάζων
1284 1130 1359 1187 τὴν
1387 1128 1536 1174 τούτου
1559 1128 1713 1187 εὕρεσιν

200 1214 230 1248 Β
255 1201 454 1243 ἐκέλευσεν
480 1200 522 1250 ἐξ
554 1198 680 1242 αὐτοῦ
710 1204 785 1242 τοῦ
814 1197 1035 1254 βάμματος
1061 1198 1256 1256 κογχύλης
1280 1203 1466 1256 βαφῆναι
1496 1198 1612 1255 ἓρέαν
1646 1199 1714 1241 καὶ

251 1269 442 1326 γενέσθαι
463 1267 573 1325 αὐτῷ
596 1266 854 1323 περιβόλαιον
874 1266 1086 1322 βασιλικόν
1101 1282 1110 1292 ·
1146 1270 1213 1310 καὶ
1242 1266 1432 1324 ἕφόρεσεν
1455 1267 1578 1317 αὐτὸς
1598 1271 1712 1322 πρῶ·
1726 1271 1770 1308 15

251 1355 323 1388 τος
344 1338 387 1380 ἐκ
409 1334 626 1394 πορφύρας
645 1335 926 1394 περιβόλαιον,
965 1338 1031 1379 καὶ
1050 1334 1198 1386 πάντες
1223 1334 1469 1390 ἐθαύμασαν
1487 1335 1562 1391 τὴν
1586 1335 1714 1378 αὗτοῦ

253 1398 468 1460 βασιλικὴν
492 1406 678 1460 ἐσθῆτα,
719 1403 774 1455 ὥς
803 1405 917 1460 ξένην
936 1405 1053 1448 θέαν.
1126 1407 1192 1447 καὶ
1213 1404 1345 1449 ἔκτοτε
1370 1404 1571 1447 ἐκέλευσεν
1590 1401 1611 1446 ὃ
1633 1407 1715 1457 βα-

252 1474 387 1524 σιλεὺς
411 1476 554 1523 Φοῖνιξ
569 1473 726 1529 μηδένα
759 1476 890 1529 [τῶν]
922 1472 1003 1516 ὖπὸ
1026 1473 1101 1529 τὴν
1126 1473 1252 1516 αὐτοῦ
1274 1472 1372 1515 ὅντα
1387 1473 1598 1525 βασιλείαν
1618 1475 1716 1514 τολ-

252 1547 337 1598 μᾶν
358 1549 498 1599 φορεῖν
527 1541 602 1597 τὴν
633 1540 828 1597 τοιαύτην
860 1540 1045 1598 ἐνάρετον
1079 1543 1122 1584 ἐκ
1146 1546 1220 1598 γῆς
1250 1543 1316 1583 καὶ
1343 1538 1562 1595 θαλάσσης
1589 1535 1716 1583 οὖσαν

253 1611 474 1669 φορεσίαν,
515 1611 548 1652 εἲ
578 1608 676 1665 μήτι
705 1610 831 1653 αὐτὸν
856 1612 922 1653 καὶ
954 1610 1050 1660 τοὺς
1077 1610 1160 1664 μετ’
1186 1610 1311 1652 αὐτὸν
1331 1606 1623 1664 βασιλεύοντας
1641 1612 1772 1663 τῆς20

257 1680 471 1734 Φοινίκης,
512 1678 580 1720 διὰ
597 1678 643 1721 τὸ
665 1677 937 1734 γινώσκεσθαι
959 1678 1030 1721 τὸν
1048 1678 1219 1733 βασιλέα
1242 1682 1300 1736 τῷ
1322 1681 1485 1736 στρατῷ
1509 1678 1576 1719 καὶ
1596 1678 1716 1720 παντὶ

254 1752 313 1806 τῷ
343 1745 493 1802 πλήθει
520 1747 563 1789 ἐκ
591 1751 664 1803 τῆς
686 1752 939 1805 θαυμαστῆς
959 1749 1026 1790 καὶ
1046 1746 1275 1804 παραξίνου
1299 1747 1505 1804 φορεσίας.
1575 1743 1718 1803 πρώην

350 1879 382 1912 1.
417 1873 465 1922 ἦν
497 1877 632 1913 addidit
663 1878 750 1921 Ch.,
784 1879 912 1913 Chron.
1030 1880 1063 1915 7.
1099 1877 1277 1923 στόματος
1298 1879 1384 1920 Ch.,
1416 1877 1566 1920 chron„
1596 1874 1718 1919 πόμα-

348 1936 412 1963 τος
437 1925 503 1959 Ox.
569 1926 621 1959 12.
646 1923 720 1971 θέᾳ
745 1924 823 1967 Ch.,
847 1925 990 1967 chron„
1013 1924 1109 1961 θέαν
1133 1926 1201 1960 Ox.
1267 1927 1320 1962 18.
1349 1924 1474 1966 Φοίνιξ
1499 1923 1566 1958 Ox.
1631 1923 1716 1959 ibid.

349 1970 425 2004 τῶν
448 1981 511 2004 om.
536 1970 664 2005 Clu-on.
758 1971 812 2006 19.
839 1969 1010 2016 ἐνάρετον
1033 1972 1120 2014 Ch.,
1145 1971 1291 2013 chron„
1315 1968 1509 2017 ἐνάρεστον
1534 1969 1602 2003 ΟΧ.

349 2082 531 2118 Phoenicis
555 2085 665 2117 autem
691 2084 751 2118 sub
775 2095 881 2129 regno
904 2084 1022 2120 floruit
1043 2085 1209 2120 Hercules
1231 2084 1308 2126 ille,
1333 2083 1462 2130 Tyrius
1483 2082 1718 2127 Philosophus,

261 2129 322 2177 qui
344 2141 532 2175 purpuram
563 2128 703 2162 invenit.
751 2130 837 2163 Cum
861 2130 949 2164 enim
980 2132 1073 2165 forte
1097 2143 1158 2177 per
1180 2131 1274 2165 littus
1297 2130 1441 2174 Tyrium
1474 2128 1718 2169 obambularet,

261 2176 447 2223 pastorium
470 2174 558 2208 vidit
582 2186 717 2216 canem,
751 2176 809 2220 qui
833 2181 998 2218 ostreum,
1033 2177 1154 2221 (quod
1177 2176 1351 2220 Conchyle
1375 2175 1523 2217 dicitur,
1558 2184 1719 2220 parvum-

264 2233 331 2266 que
363 2232 467 2266 genus
491 2224 540 2254 est
570 2220 749 2254 testudinis
782 2221 976 2265 marinae,)
1013 2223 1148 2257 edebat.
1195 2222 1316 2256 Pastor
1350 2220 1486 2256 interim
1518 2219 1720 2264 sanguinare

263 2278 379 2302 canem
404 2266 615 2307 existimans3
639 2266 735 2307 lana,
760 2267 803 2300 ab
827 2278 890 2301 ove
915 2274 1035 2312 rapta,
1060 2268 1153 2312 quod
1177 2268 1219 2302 ab
1244 2278 1302 2301 ore
1327 2268 1399 2311 ejus
1423 2265 1633 2312 profluebat,
1657 2265 1721 2298 ab·

258 2312 395 2353 stersit,
434 2311 611 2356 lanamque
641 2311 757 2345 tinxit.
813 2311 978 2346 Hercules
1001 2318 1114 2347 autem
1147 2325 1221 2347 cum
1252 2314 1486 2354 observasset,
1525 2310 1720 2355 sanguinem
1754 2350 1756 2355 ,

260 2358 346 2392 illud
370 2369 436 2391 non
461 2368 553 2398 esse3
583 2357 643 2391 sed
666 2357 839 2402 peregrini
861 2357 991 2392 scilicet
1014 2359 1155 2404 alicujus
1178 2359 1320 2403 liquoris
1342 2359 1430 2399 vim,
1454 2355 1647 2400 obstupuit:
1684 2359 1721 2389 et

262 2415 340 2438 cum
364 2415 405 2437 ex
423 2402 590 2448 Conchyli
612 2403 795 2436 tincturam
815 2403 905 2437 illam
928 2403 1027 2437 lanae
1051 2416 1242 2449 expressam
1265 2404 1388 2445 sciret3
1413 2405 1588 2446 exceptam
1611 2411 1632 2434 a
1656 2411 1720 2445 pa-

261 2454 355 2484 store
388 2450 500 2483 lanam
533 2448 716 2490 phoenici,
749 2449 935 2493 Tyriorum
958 2449 1054 2493 regi,
1087 2456 1250 2494 tanquam
1273 2460 1390 2483 munus
1411 2447 1561 2491 insigne,
1586 2445 1719 2480 detulit.

264 2495 336 2536 Qui
360 2499 396 2529 et
419 2494 491 2539 ipse
515 2493 677 2528 attonitus
699 2494 780 2528 novi
803 2494 923 2528 coloris
947 2499 1104 2539 aspectu,
1138 2495 1231 2528 simul
1256 2494 1356 2528 etiam
1378 2493 1552 2527 inventum
1575 2491 1722 2525 admira-

262 2546 340 2581 tus,
362 2541 472 2574 lanam
496 2540 678 2584 Conchylis
701 2540 832 2585 liquore
854 2539 941 2584 tingi
960 2540 1079 2583 jussit,
1104 2539 1234 2584 sibique
1256 2539 1385 2584 regiam
1406 2538 1486 2573 inde
1508 2541 1637 2571 vestem
1684 2548 1723 2570 a·

264 2585 346 2619 rari.
382 2586 512 2620 Primus
536 2597 616 2630 ergo
639 2585 712 2631 ipse
735 2596 935 2631 purpuream
953 2585 1175 2630 Chlamydem
1198 2584 1358 2630 gestavit,
1382 2595 1470 2629 quae
1493 2583 1627 2628 quidem
1683 2594 1723 2617 e-

263 2630 323 2664 stis
347 2631 478 2675 Regia,
514 2634 674 2677 tanquam
703 2631 897 2665 inusitatum
933 2631 1181 2676 spectaculum,
1220 2630 1369 2664 omnibus
1394 2631 1436 2663 =in
1467 2628 1723 2663 admirationem

266 2676 421 2709 cedebat.
468 2677 604 2710 Exinde
626 2688 709 2710 vero
734 2677 847 2711 edicto
871 2676 963 2710 cavit
986 2688 1047 2710 rex
1070 2675 1244 2717 Phoenix,
1286 2687 1329 2710 ne
1352 2674 1427 2721 quis
1451 2685 1495 2708 ex
1518 2673 1585 2708 suis
1607 2672 1723 2708 subdi-

264 2721 309 2754 tis
330 2722 506 2766 praeclaro
531 2724 596 2756 hoc
618 2726 733 2757 terrae
756 2722 904 2767 marique
927 2721 1041 2756 debito
1064 2721 1249 2767 gestamine
1271 2720 1322 2755 uti
1345 2723 1595 2766 praesumeret,
1621 2729 1723 2774 prae-

264 2771 320 2800 ter
351 2767 459 2811 ipsum
483 2767 612 2811 Regem
644 2773 680 2803 et
703 2769 809 2814 Regis
841 2778 1062 2803 successores:
1101 2772 1140 2801 ut
1163 2779 1207 2801 ex
1231 2778 1318 2801 novo
1343 2767 1409 2800 hoc
1434 2770 1470 2799 et
1491 2764 1722 2810 mirabilrge-

265 2811 406 2845 stamine
440 2813 631 2855 exercitus,
682 2815 853 2860 omnisque
883 2813 969 2848 adeo
1000 2813 1165 2859 populus,
1203 2812 1333 2857 Regem
1364 2822 1459 2846 suum
1489 2813 1720 2855 agnoscerent.

265 2857 426 2903 Namque
456 2861 535 2894 ante
559 2860 622 2894 hoc
646 2863 797 2907 tempus,
834 2859 986 2905 ignotum
1015 2859 1083 2894 fuit
1104 2858 1302 2895 mortalibus
1333 2856 1486 2904 tingendi
1517 2854 1722 2897 artificium3
