1838 3230
611 180 1077 226 PROLEGOMENA.
1112 239 1119 247 .
1536 199 1587 226 ιι,

107 300 249 341 stantii
268 297 314 341 F.
333 307 413 340 esse
438 300 510 340 ait.
571 297 730 348 Quibus
757 298 893 338 verbis
932 295 1204 352 Combfisius‚
1243 294 1456 345 in‘Notis‚
1487 295 1592 336 desi-

107 369 223 422 gnari
255 369 456 409 existimat
479 365 779 408 Constantinum
815 369 1081 419 Pogonatum,
1114 363 1338 405 Constantis
1367 366 1443 418 (ut
1469 363 1591 417 vulgo

55 443 63 454 ⁵
107 437 215 477 solet
234 433 461 492 nominari)
486 433 659 475 Filium.-
691 441 811 488 atque
837 435 891 474 ita
921 433 1410 487 meherculeappellatum
1432 447 1521 473 eum
1542 434 1590 473 ab

109 505 199 545 aliis
218 519 294 545 nos
322 504 636 545 observavimus.
698 502 980 542 Constantinus
1010 500 1400 557 Porphyrogennetus
1426 502 1482 541 De
1499 499 1588 542 Ad.

108 574 277 614 ministr.
295 570 458 628 Imperii
471 571 543 623 ¹).·
575 570 664 613 Επὶ
683 572 994 612 Κωνσταντίνου
1011 570 1109 611 υἱοῦ
1130 571 1415 612 Κωνσταντίου
1432 573 1508 612 τοῦ
1523 569 1594 611 καὶ

111 636 374 697 Πωγωνᾶτου
410 639 676 694 καλουμένου.
749 637 1006 679 Constantino
1041 636 1264 679 Constantii
1286 638 1330 679 F.
1355 639 1424 694 qui
1452 649 1488 678 et
1515 638 1596 679 Po-

107 719 277 764 gonatus
303 709 530 750 nominatus
558 718 626 748 est.
686 707 778 746 Fuit
814 706 997 758 quidem,
1028 707 1138 758 quod
1168 714 1207 746 et
1233 708 1416 747 omnibus
1441 714 1594 755 notum,

113 776 394 819 Constantinus
430 777 516 830 ipse
553 776 735 829 Magnus
771 774 992 814 Constantii
1035 772 1231 832 (Chlori)
1266 777 1411 816 Filius:
1451 790 1594 816 verum

111 859 201 886 eum
220 846 287 886 hic
301 846 386 886 loci
416 860 466 885 ne
494 846 766 897 intelligamus
794 842 874 882 hoc
904 844 1064 882 omnino
1089 845 1249 883 obstare
1271 845 1454 895 Videtur,
1484 844 1594 897 quod

111 928 308 968 nusquam
334 915 372 954 Is
394 914 490 953 alibi
521 929 541 952 a
576 913 740 953 laudato
763 913 911 951 Autore
938 913 1170 951 nominetur
1192 911 1471 953 Constantinus
1494 912 1594 953 Con-

111 982 311 1026 stantiiF.
343 983 526 1035 quamvis
558 983 608 1022 de
636 996 681 1020 eo
701 981 942 1020 mentionem
969 980 1210 1020 creberrime
1231 981 1373 1031 saciat,
1404 982 1471 1020 sed
1494 995 1594 1021 sem-

111 1066 188 1106 per
207 1053 276 1092 vel
295 1052 531 1105 simpliciter
551 1049 842 1096 Constantinus,
873 1050 940 1088 vel
963 1047 1244 1089 Constantinus
1262 1049 1457 1102 Magnus,
1481 1053 1594 1090 Kmv-

113 1125 322 1171 σταντῖνος
346 1119 368 1162 ὁ
389 1119 523 1175 μέγας.
581 1121 714 1172 Atque
735 1119 793 1156 ita
824 1118 1008 1170 profecto
1035 1118 1193 1171 saepius
1214 1124 1472 1170 nuncupatur
1488 1118 1594 1157 intra

113 1203 262 1242 paucas
293 1197 385 1242 post
414 1189 547 1228 locum
576 1188 740 1226 citatum
767 1187 914 1236 lineas3
951 1192 997 1225 ut
1029 1187 1148 1225 aliurn
1177 1194 1214 1225 et
1245 1186 1449 1225 diversum
1472 1186 1595 1225 fuisse

113 1271 206 1297 eum
232 1258 281 1296 ab
312 1258 385 1297 illo
405 1256 476 1309 qui
496 1262 666 1295 vocatur
691 1256 972 1295 Constantinus
997 1253 1218 1295 Constantii
1242 1254 1288 1294 F.
1312 1268 1430 1307 quam
1459 1255 1597 1294 claris-

111 1326 208 1367 sime
227 1326 506 1367 subinnuatur.

223 1396 372 1436 XXIII.
431 1396 483 1434 Ut
512 1408 563 1434 ex
594 1394 673 1434 hoe
701 1401 935 1444 argumento
955 1395 1199 1448 Scriptorem
1220 1400 1403 1434 nostrum
1427 1401 1516 1434 ante
1537 1408 1596 1434 se-

111 1463 194 1502 culi
215 1461 360 1503 Octavi
378 1464 536 1503 initium
555 1478 636 1504 non
655 1463 836 1503 floruisse
856 1463 1017 1502 videtur
1046 1464 1323 1516 comprobari3
1354 1464 1407 1502 ita
1431 1477 1595 1516 quoque

110 1532 257 1572 exinde
289 1532 450 1572 videtur
473 1531 734 1586 probabiliter
762 1532 904 1570 inferri
934 1545 1073 1584 posse,
1103 1533 1169 1570 vel
1193 1546 1240 1571 eo
1272 1539 1450 1584 tempore
1473 1533 1596 1570 fuisse

109 1602 323 1655 juniorem.
385 1601 579 1650 Quamvis
607 1602 710 1640 enim
734 1600 981 1639 concedatur
1003 1599 1231 1639 Clementem
1252 1600 1503 1652 praedictum
1527 1614 1596 1639 ex·

113 1676 231 1709 eunte
246 1669 408 1709 circiter
422 1670 612 1709 Centuria
633 1670 797 1723 septima
811 1675 1066 1708 monumenta
1088 1683 1156 1706 sua
1177 1669 1304 1707 literis
1326 1670 1594 1719 consignasse:

113 1735 235 1792 (nam
255 1739 320 1777 vel
341 1739 454 1778 illum
486 1738 602 1777 etiam
631 1738 825 1790 suspicari
856 1738 952 1776 licet
970 1737 1154 1775 floruisse
1178 1743 1268 1789 post
1286 1743 1443 1789 tempus
1458 1737 1596 1786 istud)

113 1806 226 1845 illum
253 1812 386 1845 tamen
409 1808 532 1846 citare
559 1806 722 1844 videtur
754 1804 1082 1859 Chronographus
1111 1811 1265 1854 noster,
1295 1819 1375 1844 non
1405 1813 1596 1857 tanquam

114 1874 178 1913 sui
197 1875 388 1928 temporis
406 1876 673 1928 Scriptorem,
704 1873 774 1913 sed
795 1880 840 1912 ut
862 1874 1140 1926 antiquiorem.
1199 1874 1250 1912 Ut
1271 1873 1350 1912 hoc
1368 1875 1432 1913 vel
1451 1874 1596 1913 exinde

115 1943 278 1983 videtur
301 1944 618 1994 conficiendum,
650 1944 704 1981 ita
735 1943 914 1996 suppetit
935 1943 1053 1981 nobis
1085 1949 1355 1994 argumentum
1384 1943 1514 1990 aliud,
1546 1957 1596 1982 ex

116 2025 220 2064 quo,
252 2011 287 2050 si
315 2013 390 2051 vix
416 2013 568 2066 aliquid
598 2012 707 2051 aliud
739 2018 993 2063 occurreret,
1021 2011 1226 2050 videretur
1246 2018 1375 2050 tamen
1394 2025 1508 2063 posse
1528 2010 1597 2050 de-

115 2081 351 2130 monstrari,
382 2096 472 2121 eum
500 2082 572 2121 illo
598 2088 777 2133 tempore
810 2081 932 2119 fuisse
958 2080 1251 2131 recentiorem‚'
1272 2086 1311 2119 et
1336 2093 1416 2118 non
1446 2079 1596 2117 vixisse

115 2149 191 2188 nisi
223 2156 316 2201 post
344 2151 501 2190 initium
534 2152 743 2189 centuriae
773 2164 913 2189 nonae.
979 2149 1266 2200 Argumentum
1294 2148 1375 2187 hoc
1412 2148 1519 2187 duco
1546 2161 1597 2186 ex

117 2218 202 2270 ejus
233 2218 421 2258 citatione
456 2217 665 2271 Theophili
697 2216 994 2271 Chronographi
1023 2219 1106 2257 sive
1126 2217 1338 2257 Historici.
1399 2217 1596 2255 Claruisse

117 2287 221 2326 enim
256 2286 513 2341 Theophilum
541 2285 911 2339 Chronographum‚
942 2286 1025 2325 sive
1046 2286 1293 2326 Historicum
1311 2316 1322 2336 ‚
1352 2286 1474 2338 paulo
1505 2291 1596 2323 ante

117 2354 296 2394 seculum
328 2364 510 2394 octavum
546 2356 796 2405 absolutum,
837 2362 993 2394 constat
1023 2369 1075 2394 ex
1103 2354 1393 2409 Abulpharajii
1422 2354 1596 2393 Historia

115 2423 288 2462 Arabica
307 2422 679 2478 Dynastiarum2),
711 2425 780 2476 qui
807 2424 925 2463 docet
949 2437 1037 2463 eum
1069 2425 1143 2462 sub
1169 2424 1299 2462 Irenes
1319 2422 1584 2475 Imperatricis

115 2492 255 2530 uxoris
287 2490 436 2530 Leonis
465 2491 838 2546 Porphyrogenneti,
868 2493 1139 2545 temporibus,
1169 2506 1271 2530 anno
1299 2490 1473 2544 Hegirae
1503 2494 1596 2533 169.

115 2557 193 2598 hoc
220 2564 303 2610 est,
333 2573 437 2598 anno
469 2560 787 2601 Christianorum
818 2562 913 2604 785.
947 2574 968 2600 e
997 2561 1102 2601 vivis
1129 2560 1350 2601 excessisse.
1409 2558 1475 2597 Ait
1506 2571 1596 2598 eum

167 2785 208 2829 ¹)
234 2795 312 2830 cap.
338 2783 395 2820 48.
419 2796 456 2831 p.
483 2788 559 2823 172.

164 2843 210 2886 ²)
234 2854 269 2888 p.
297 2841 375 2884 147,
400 2842 477 2878 148.

176 2929 321 2963 Ioannes
350 2928 517 2964 Malalas.
1294 2925 1321 2962 d
