1838 3230
293 199 425 226 um
785 147 1238 223 PRoLEdoMENA.

281 294 512 347 descripsit,
542 294 832 347 praemittitur3
865 307 966 345 quae
992 293 1128 332 eadem
1155 300 1214 333 est
1243 294 1402 333 omnino
1433 306 1521 332 cum
1539 291 1607 331 illa
1627 305 1745 344 quam

281 363 430 402 ibidem
456 362 566 415 ponit
591 360 772 401 Allatius
798 373 849 399 ex
887 358 1050 413 Georgia
1087 359 1341 400 Hamartolo.
1400 362 1520 400 Extat
1547 359 1744 411 integrum

283 431 394 483 Opus
427 431 466 469 in
492 428 613 469 variis
634 429 816 481 Europae
839 427 1112 479 Bibliotheeis‚
1143 436 1180 468 et
1205 428 1345 467 scribit
1367 426 1551 467 Allan'us
1578 440 1620 467 ae
1642 425 1746 465 illud

282 497 457 537 Editioni
492 509 670 549 parasse,
711 501 750 534 et
776 508 796 533 e
825 496 976 534 Graeca
1011 496 1141 547 lingua
1174 496 1215 534 in
1248 497 1423 534 Latinam
1455 493 1635 534 vertisse.
1676 493 1745 534 vSi

284 566 373 617 quis
405 564 540 617 cupiat
568 564 642 602 alia
665 562 771 601 illius
789 563 934 614 legere,
963 565 1040 613 jam
1063 564 1163 602 edita
1191 570 1282 603 sunt
1301 578 1348 603 ex
1365 577 1410 603 eo
1433 568 1617 614 excerpta
1639 575 1661 600 a
1677 574 1746 601 va·

282 633 354 671 riis
381 632 503 672 varia.
570 631 603 669 A
629 629 717 671 Jac.
757 627 952 682 Greisero,
977 632 1017 670 in
1045 631 1149 670 libro
1179 630 1226 670 de
1255 630 1400 681 Cruce,
1436 630 1665 683 publicatur
1694 641 1745 668 ex

286 713 332 739 eo
359 700 635 750 Fragmentum
656 698 805 736 Graece
834 705 873 737 et
899 699 1034 738 Latine
1065 700 1113 739 de
1135 699 1255 739 Cruce
1281 698 1501 740 adinventa.
1568 697 1603 736 A
1625 696 1743 736 Dion.

283 764 442 805 Petavio
479 765 519 803 in
550 764 777 818 Appendice
811 764 862 802 ad.
891 766 1102 820 Nicephori
1136 764 1556 818 Constantinopolitani
1583 763 1745 803 Brevia-

284 834 382 872 rium
424 831 690 883 Hister-icum,
750 833 956 884 evulgatur
999 848 1049 872 ex
1093 834 1230 872 eodem
1274 832 1419 872 Graece
1454 832 1744 884 longiusculum

232 907 236 917 '
282 900 540 950 fragmentum
572 901 621 939 de
646 902 811 953 imperio
837 900 1040 949 Heraclii,
1072 902 1144 941 sub
1168 903 1265 941 falso
1290 901 1447 939 nomine
1468 897 1625 953 Georgii
1646 897 1743 950 Syn-

282 966 383 1008 celli.
440 969 502 1007 Ex
530 968 666 1007 eodem
694 969 829 1007 Latine
861 969 987 1007 edidit
1017 968 1232 1022 Syntagma
1273 970 1410 1020 (quod
1445 963 1656 1021 inscribit)
1697 964 1744 1004 de

281 1045 387 1074 siaiu
406 1037 647 1075 morientium
662 1035 881 1075 Matthaeus
899 1037 1090 1080 Raderus.
1109 1036 1217 1088 quod
1237 1034 1447 1074 sententias
1469 1034 1518 1074 et*
1527 1035 1742 1085 fragmenta

280 1103 498 1142 multorum
517 1104 769 1155 antiquorum
793 1105 952 1142 Patrum
979 1106 1272 1156 complectitur.
1331 1102 1392 1140 Ab
1423 1102 1559 1142 ,eodem
1582 1098 1742 1140 Radere

281 1170 323 1208 in
350 1170 427 1208 alio
452 1171 668 1222 opusculo,
698 1185 838 1223 nempe
864 1170 1201 1212 Annotationibus
1229 1170 1279 1208 ad
1307 1165 1553 1208 Viridarium
1573 1167 1743 1208 Sancto-

283 1253 367 1276 rum
398 1253 452 1276 εει·
473 1237 652 1277 Menaeis
686 1237 945 1288 Graecorum,
986 1253 1035 1278 ex
1063 1253 1108 1278 eo
1132 1238 1278 1277 Latine
1304 1236 1456 1275 eruitur
1481 1238 1742 1288 fragmentum

282 1305 392 1345 aliud.
413 1306 506 1344 satis
531 1306 727 1357 prolixum
756 1306 805 1344 de
838 1305 1041 1346 Miraculo
1071 1307 1174 1346 facto
1212 1306 1254 1344 in
1282 1305 1379 1344 urbe
1400 1301 1638 1358 Carthagine
1667 1301 1740 1341 sub

281 1374 449 1427 imperio
470 1371 663 1413 Heraclii.
720 1374 962 1412 Producitur
989 1388 1037 1412 ex
1060 1375 1195 1414 eodem
1220 1374 1350 1422 aliud,
1389 1372 1458 1412 sed
1491 1372 1631 1419 breve,
1670 1382 1742 1421 per

278 1440 433 1481 Petrum
462 1440 717 1480 Lambecium
747 1442 788 1479 in
819 1441 889 1480 lib.
918 1445 957 1484 2.
994 1439 1140 1481 Comm.
1177 1440 1224 1480 cle
1256 1439 1504 1480 Bibliotheca
1537 1436 1740 1477 Vindobo-

279 1509 408 1557 nmsi,
440 1508 489 1547 de
515 1509 611 1560 Imp.
648 1508 880 1548 ΊῚιεοᾶοείο.
937 1509 999 1547 Ex
1027 1509 1161 1548 eodem
1189 1509 1302 1547 etiam
1325 1509 1520 1560 Excerpta
1545 1504 1742 1543 dederunt

277 1577 356 1615 Leo
390 1575 553 1614 Allatius
581 1576 620 1613 in
652 1577 769 1614 Libro
801 1576 847 1615 de
871 1576 1134 1616 Ecclesiarum
1163 1575 1440 1627 consensione,
1469 1575 1525 1612 Jo.
1549 1570 1741 1611 Meursius

278 1644 319 1682 in
358 1641 560 1682 Glossario
600 1640 747 1682 Graeco
768 1670 783 1677 -
806 1642 995 1694 barbaro,
1040 1652 1081 1684 et
1112 1644 1346 1700 Dufresnius
1384 1641 1406 1685 ὁ
1441 1636 1669 1693 θαυμάσιος
1699 1638 1742 1676 in

283 1709 484 1752 Glossario
508 1708 670 1750 Mediae
696 1720 731 1749 et
766 1712 922 1766 irfimae
952 1709 1208 1764 Graecitatis,
1250 1718 1288 1751 e‘t
1314 1709 1418 1766 (nisi
1446 1723 1507 1749 me
1535 1707 1638 1747 fallit
1659 1719 1742 1745 me-

371 1905 428 1935 tur
450 1900 487 1934 in
510 1900 567 1934 illo
591 1900 697 1935 multa
721 1902 789 1936 alia
812 1907 950 1948 praeter
973 1914 1021 1938 ea*
1038 1915 1128 1949 quae
1149 1902 1334 1949 exscripsit
1356 1900 1583 1937 Ghilmeadm.
1616 1897 1656 1932 ln
1675 1895 1740 1930 31¹5·-

370 1956 419 1991 tio
445 1956 615 1990 habentur
638 1969 725 2002 quae
757 1960 874 2003 posuit
895 1960 931 1994 in
954 1960 1051 1996 initio
1080 1962 1297 1996 Chilmeadus
1319 1971 1428 2005 usque
1449 1959 1493 1994 ad
1516 1967 1597 2003 pag.
1619 1957 1653 1990 6.
1676 1965 1740 1988 vo-

371 2024 428 2047 ces
463 2008 513 2053 ὥς
546 2024 657 2057 φησιν
683 2013 864 2060 Ιώσηπος.
920 2017 1009 2052 Dein
1040 2030 1082 2052 ea
1120 2022 1307 2064 sequuntur
1345 2028 1454 2063 quae,
1489 2026 1510 2049 a
1540 2010 1739 2047 Chilmeado

368 2070 596 2116 “anslfflffita’
640 2071 800 2115 leguntur
831 2085 910 2118 pag.
938 2074 990 2108 18.
1024 2074 1068 2110 de
1101 2075 1267 2110 Nebrodo
1303 2077 1370 2108 etc.
1402 2073 1445 2107 ab
1478 2070 1572 2105 hisce
1601 2067 1717 2103 verbis
1727 2085 1738 2107 =

370 2126 478 2163 Μετὰ
513 2127 630 2161 ταῦτα
661 2127 782 2172 γέγονέ
811 2142 867 2169 τις
896 2131 999 2175 γίγας
1022 2136 1089 2166 etc.
1123 2133 1212 2178 (pro
1247 2130 1368 2175 quibus
1400 2129 1444 2163 de
1477 2139 1559 2169 suo,
1605 2125 1648 2160 ⁰¹³
1671 2124 1739 2170 l⁰⁰i

369 2183 666 2229 transpositionem
689 2185 775 2220 haec
797 2187 947 2222 scribere
978 2189 1110 2234 placuit
1134 2188 1353 2223 Chilmeado:
1390 2183 1430 2222 ἐν
1454 2183 1494 2221 δὲ
1516 2186 1594 2225 τοῖς
1613 2193 1738 2226 προει-

371 2239 546 2286 ρημένοις
567 2239 712 2287 χρόνοις
734 2242 883 2288 γέγονε)
917 2256 1028 2289 usque
1051 2246 1096 2279 ad
1118 2257 1198 2291 pag.
1221 2247 1279 2280 21.
1309 2255 1411 2278 voces
1436 2243 1559 2279 Νίνου
1581 2237 1739 2285 μεγάλης

369 2296 594 2343 βασιλεύσας.
639 2299 726 2334 Post
746 2300 832 2335 haec
854 2301 1073 2346 prosequitur
1095 2304 1205 2337 Autor
1221 2301 1456 2347 Assyriorum,
1480 2298 1737 2344 Aegyptiorum,

370 2359 407 2391 et
430 2357 643 2391 Graecorum
666 2357 804 2402 antiqua
825 2361 979 2403 tempora
1001 2359 1171 2402 fabulosa,
1194 2371 1262 2393 una
1284 2370 1358 2392 cum
1382 2356 1515 2402 origine
1540 2354 1643 2390 Urbis
1665 2354 1737 2387 Ro-

369 2425 469 2456 mae,
493 2416 528 2447 et
553 2413 739 2447 Alexandri
762 2414 810 2447 Μ.
834 2415 961 2458 gestis3
998 2415 1149 2459 ejusdem
1173 2415 1304 2451 farinae
1327 2413 1455 2456 omnia,
1489 2411 1570 2446 nihil
1592 2421 1658 2445 non
1681 2410 1737 2443 fa-

367 2470 533 2505 bulosum.
593 2470 677 2505 Inde
707 2482 822 2505 rursus
857 2472 898 2506 ad
931 2472 1090 2507 Adamum
1113 2473 1323 2514 recurritur,
1369 2476 1406 2506 et
1427 2468 1548 2517 positis
1571 2468 1615 2502 de
1642 2467 1737 2501 Mose

367 2527 562 2570 nonnullis,
608 2528 700 2573 quod
739 2527 890 2563 omnibus
921 2530 1131 2563 Graecorum
1164 2529 1384 2574 Sapientibus
1422 2525 1591 2562 vetustior
1631 2527 1736 2565 esset,

367 2583 568 2628 proceditur
591 2586 636 2620 ad
657 2586 726 2620 ista
749 2597 836 2631 quae
858 2585 1029 2620 habentur
1053 2585 1088 2618 in
1111 2585 1235 2628 editis,
1258 2598 1279 2620 a
1301 2586 1461 2621 vocibus:
1499 2582 1589 2628 Σήθ·
1616 2579 1656 2618 δὲ
1678 2593 1736 2626 γε-

366 2638 522 2684 νόμενος
545 2639 637 2677 ἐτῶν
670 2641 730 2679 σε’.
753 2654 832 2688 pag.
856 2642 888 2676 6.
923 2654 1030 2687 usque
1054 2642 1098 2676 ad
1120 2642 1244 2677 calcem
1274 2642 1422 2689 paginae
1447 2643 1500 2677 17.
1533 2651 1654 2675 vocest
1689 2635 1737 2673 τοὶ

365 2696 487 2733 πάντα
511 2696 572 2745 ἔτη
597 2698 657 2735 σε’.
693 2712 780 2746 quae
801 2699 963 2735 claudunt
993 2702 1142 2733 nostrum
1166 2698 1359 2744 Exemplar,
1383 2699 1473 2743 quod
1501 2698 1583 2732 folia
1605 2699 1734 2731 tantum

366 2755 400 2790 5.
426 2757 703 2800 comprehendit,
745 2757 990 2805 supersedente
1015 2756 1077 2799 (ut
1099 2755 1260 2801 videtur)
1284 2756 1441 2791 Librario
1474 2754 1607 2800 reliqua
1639 2757 1734 2788 tran-

367 2811 527 2848 scribere.
