1838 3230
274 193 374 241 242
672 187 1335 234 IOANNISMALALAE

375 310 460 352 Καὶ
495 312 676 363 κατῆλθε
708 306 757 350 τὸ
789 306 901 363 ἅγιον
921 309 986 350 καὶ
1010 308 1205 361 ζωοποιὸν
1227 311 1384 362 πνεῦμα
1407 309 1462 358 εἷς
1481 308 1578 358 τοὺς
1597 305 1734 364 ἇγίους

274 377 400 421 αὖτοῢ
433 375 687 425 ἀποστόλους
720 378 816 431 μηνὶ
844 376 1060 435 ἀρτεμισίῳ
1089 381 1146 435 τῷ
1176 378 1241 419 καὶ
1268 379 1376 434 μα·ί·ῳ
1405 375 1472 428 ιδ’,
1511 375 1642 435 ἡμέρᾳ
1661 393 1733 419 κυ-

276 449 410 502 ριακῇ,
443 443 552 501 ὥραν
570 442 604 499 γ’
628 442 832 500 ἦμερινήν,
871 442 1181 499 ἡγεμονεύοντος
1201 448 1272 498 τῆς
1290 444 1492 494 Ἰουδαίας
1511 449 1584 487 τοῦ
1605 443 1732 488 αὐτοῦ

274 514 456 556 Ποντίου
486 509 672 555 Πιλάτου
688 525 697 535 ·
736 512 845 561 ὅστις
873 511 1111 569 προεβλήθη
1137 512 1271 568 ἄρχειν
1301 516 1374 554 τοῦ
1394 511 1541 562 ἔθνους
1559 509 1638 555 ὖπό
1658 516 1732 555 τοῦ

278 581 404 623 αὗτοῦ
429 580 618 635 Τιβερίου
639 580 866 636 Καίσαρος,
904 585 977 623 τοῦ
998 579 1302 629 καταλύσαντος
1323 580 1398 635 τὴν
1417 582 1627 634 βασιλείαν
1649 583 1765 624 τῶνό

272 648 481 691 Ἰουδαίων
503 649 570 690 καὶ
589 648 944 703 προχειρισαμένου
965 648 1102 697 αὐτοῖς
1131 648 1307 704 ἄρχοντα
1343 647 1388 690 ὃν
1416 646 1635 703 ἠβουλήθη
1658 647 1735 690 αὗ-

276 715 360 766 τός,
388 713 701 772 ἀρχιερευόντων
721 716 765 758 δὲ
783 720 856 758 τοῦ
874 716 1099 759 Ἰουδαϊκοῦ
1121 715 1268 765 ἔθνους
1279 715 1402 758 Ἄννα
1423 718 1490 758 καὶ
1510 715 1698 772 Καϊάφα.

375 783 500 826 Mera
535 784 579 825 δὲ
607 783 676 839 ἔτη
705 783 886 839 τέσσαρα
914 788 988 839 τῆς
1021 781 1279 833 ἀναστάσεως
1307 786 1373 825 καὶ
1401 782 1642 839 ἀναλήψεως
1660 788 1734 827 τοῦ

130 850 163 883 0
186 849 255 928 3Ιὲ
278 856 463 907 σωτῆρος
492 849 609 906 ήμῶν
637 851 772 907 Ἰησοῦ
800 855 1012 908 Χριστοῦ,
1063 853 1126 894 ἐπὶ
1163 856 1235 907 τῆς
1265 852 1473 905 βασιλείας
1502 856 1576 894 τοῦ
1606 851 1734 895 αὐτοῦ

278 921 469 975 Τιβερίου
503 921 737 975 Καίσαρος,
775 920 880 974 μετὰ
909 920 955 963 τὸ
992 922 1169 971 ἐξελθεῖν
1198 920 1269 962 τὸν
1307 919 1420 975 ἅγιον
1449 923 1622 962 Παῦλον
1652 919 1732 963 ἀπὸ
1746 928 1790 960 10

270 988 514 1042 Ἀντιοχείας
534 992 608 1042 τῆς
625 986 822 1044 μεγάλης,
861 986 1092 1045 κηρύξαντα
1113 989 1195 1030 ἐκεῖ
1209 992 1370 1045 πρῶτον
1390 987 1460 1030 τὸν
1479 986 1597 1043 λόγον
1618 988 1660 1030 ἐν
1682 992 1734 1045 τῇ

274 1054 385 1113 ῥύμῃ
402 1060 452 1112 τῇ
473 1057 643 1110 πλησίον
666 1060 740 1099 τοῦ
761 1056 961 1099 Πανθέου
978 1061 1028 1113 τῇ
1050 1056 1278 1112 καλουμένῃ
1306 1059 1387 1098 τῶν
1414 1057 1614 1111 Σίγγωνος
1648 1054 1735 1110 ἅμα

274 1122 491 1182 Βαρνάβᾳ,
525 1125 590 1166 καὶ
610 1124 671 1165 ἐπὶ
694 1124 767 1178 τὴν
785 1125 971 1167 Κιλικίαν
994 1127 1182 1177 ἐξελθεῖν,
1221 1122 1242 1166 ὃ
1263 1123 1424 1180 Πέτρος
1441 1123 1520 1166 ἀπὸ
1534 1121 1736 1182 Ἰερουσο-

274 1190 412 1245 λύμων
446 1193 488 1233 ἐν
509 1195 560 1247 τῇ
594 1191 697 1248 αὐτῇ
713 1192 931 1251 Ἀντιοχείᾳ
951 1193 1186 1248 παρεγένετο
1215 1194 1282 1234 καὶ
1302 1191 1372 1234 τὸν
1394 1189 1512 1247 λόγον
1535 1192 1733 1235 ἐδίδασκε.

274 1261 340 1301 καὶ
362 1260 442 1302 ἐκεῖ
459 1257 583 1301 αὗτὸν
603 1261 858 1316 ἐνθρονίσας,
887 1262 1066 1310 πεισθεὶς
1085 1267 1170 1309 τοῖς
1190 1259 1268 1302 ἀπὸ
1286 1259 1493 1302 Ἰουδαίων
1514 1261 1736 1315 γενομένοις
1748 1262 1790 1297 15

269 1334 542 1383 χριστιανοΐς,
587 1327 684 1377 τοὺς
718 1329 760 1376 ἐξ
798 1328 932 1370 ἐθνῶν
972 1327 1140 1377 πιστοὺς
1168 1327 1241 1370 οὐκ
1271 1329 1433 1378 ἐδέξατο
1464 1327 1557 1370 οὕτε
1582 1326 1733 1383 ἠγάπα,

275 1395 362 1437 ἀλλ’
396 1393 526 1444 οὕτως
556 1393 682 1445 ἐάσας
709 1394 860 1445 αὐτοὺς
890 1396 1059 1450 ἐξῆλθεν
1096 1396 1260 1438 ἐκεῖθεν.
1331 1393 1352 1437 ὃ
1376 1396 1420 1437 δὲ
1440 1393 1550 1450 ἅγιος
1566 1398 1737 1445 Παῦλος

273 1462 377 1516 μετὰ
395 1467 526 1505 ταῦτα
541 1463 675 1506 ἐλθὼν
690 1464 731 1506 ἐν
743 1462 962 1522 Ἀντιοχείᾳ
982 1468 1031 1520 τῇ
1048 1461 1216 1519 μεγάλῃ,
1239 1464 1305 1505 καὶ
1323 1462 1476 1516 μαθὼν
1497 1466 1628 1506 ταῦτα
1646 1465 1736 1520 περὶ

275 1532 358 1571 τοῦ
378 1528 492 1584 ἁγίου
523 1531 709 1587 Πέτρου,
748 1535 956 1585 πανταχοῦ
985 1532 1032 1573 τὸ
1057 1529 1284 1573 σκάνδαλον
1306 1534 1474 1585 περιεῖλε
1495 1532 1559 1572 καὶ
1580 1529 1736 1582 πάντας

222 1608 254 1643 D
277 1598 377 1647 ἴσως
401 1598 563 1648 ἐδέξατο
587 1600 655 1640 καὶ
674 1596 835 1653 ἠγάπα,
865 1597 1189 1655 προτρεπόμενος
1208 1596 1394 1647 ἅπαντας
1402 1631 1415 1650 ,
1453 1598 1596 1649 καθὼς
1616 1616 1732 1642 συνε-
1743 1602 1791 1637 20

273 1663 488 1722 γράψαντο
517 1670 649 1708 ταῦτα
672 1666 710 1708 οἱ
738 1664 972 1722 σοφώτατοι
998 1664 1173 1721 Κλήμης
1203 1668 1270 1709 καὶ
1292 1665 1495 1715 Τατιανός
1529 1666 1567 1709 οἳ
1587 1684 1735 1724 χρονο-

274 1732 438 1791 γράφοι.

365 1866 401 1899 6.
424 1862 748 1908 προχειρισαμένου
772 1863 850 1904 Ch.‚
873 1861 1194 1909 προχειρισάμενον
1219 1864 1287 1898 Ox.
1380 1864 1433 1900 12.
1456 1863 1644 1909 Σίνγωνος
1666 1864 1734 1900 Ox.

368 1910 424 1945 13.
448 1908 623 1956 Βαρνάβα
646 1910 714 1944 Ox.
807 1911 864 1945 20.
890 1910 978 1951 ἴσως
1001 1910 1086 1952 Ch.‚
1110 1910 1216 1951 εἴσως
1239 1910 1310 1945 Ox.

367 2020 494 2055 Mensis
518 2025 631 2057 autem
654 2022 847 2065 Artemssii,
872 2022 942 2058 sive
965 2022 1053 2056 Maii
1074 2033 1155 2064 x1v‚
1180 2022 1236 2057 die
1259 2021 1453 2063 Dominico,
1476 2021 1563 2056 hora
1585 2020 1654 2055 diei
1676 2032 1732 2064 111,

277 2065 426 2112 Spiritus
448 2067 592 2101 Sanctus
620 2072 656 2103 et
678 2069 854 2111 vivificus,
891 2069 926 2102 in
962 2069 1107 2103 Sanctos
1140 2068 1212 2112 ejus
1236 2067 1411 2113 Apostolos
1435 2066 1631 2108 descendit3
1671 2067 1733 2101 Ju-

277 2112 396 2146 daeam
418 2115 488 2145 tum
511 2118 718 2157 procurante
741 2114 834 2148 dicto
858 2114 982 2149 Pontio
1006 2114 1138 2154 Pilato3
1162 2113 1240 2158 qui,
1265 2115 1341 2157 post
1363 2112 1553 2147 dissolutum
1577 2124 1599 2146 a
1625 2112 1733 2147 Tibe-

276 2157 328 2191 rio
353 2157 498 2191 Caesare
519 2158 726 2193 Judaeorum
748 2170 912 2202 regnum,
950 2160 992 2193 ab
1015 2158 1151 2201 eodem,
1193 2157 1369 2192 Praesides
1394 2169 1456 2203 pro
1481 2158 1650 2192 arbitratu
1673 2170 1732 2192 suo

278 2202 404 2247 ubique
433 2203 680 2282 οοιὸειίῐῗιοηιο,
713 2204 790 2238 huic
813 2205 921 2238 Genti
943 2205 1136 2251 praefectus
1166 2204 1304 2244 fuerat3
1337 2203 1397 2236 sub
1420 2203 1628 2238 Pontificatu
1650 2215 1733 2238 vero

276 2249 396 2282 Annae
418 2251 453 2281 et
507 2248 564 2293 aip
591 2260 642 2282 ae.
1561 2266 1565 2271 ¹

371 2293 502 2327 Eodem
535 2298 646 2328 autem
668 2298 834 2337 regnante
869 2294 1012 2329 Tiberio
1037 2295 1206 2335 Caesare,
1250 2295 1393 2338 quatuor
1415 2295 1493 2339 post
1516 2293 1610 2328 annis
1633 2304 1733 2338 quam

280 2338 429 2373 salvator
451 2343 566 2373 noster
587 2339 681 2373 Jesus
705 2339 878 2381 Christus,
902 2345 1071 2375 surrectus
1094 2352 1115 2374 a
1140 2339 1302 2379 Mortuis,
1326 2339 1360 2372 in
1384 2339 1523 2373 coelum
1547 2343 1733 2384 assumptus

278 2385 411 2425 fuerat,
447 2385 540 2429 (quo
564 2384 664 2419 etiam
696 2387 848 2429 tempore
871 2386 994 2420 Paulus
1015 2386 1050 2419 in
1073 2385 1225 2419 Ciliciam
1255 2383 1576 2428 transmigraverat,
1613 2384 1734 2419 relicta.

279 2429 462 2463 Antiochia
486 2441 625 2474 magna,
666 2429 726 2463 ubi
759 2430 896 2464 verbum
921 2430 985 2464 Dei
1010 2431 1136 2475 primus
1167 2441 1239 2464 cum
1268 2430 1447 2470 Bernaba,
1490 2429 1733 2474 praedicasset,

279 2486 389 2519 prope
412 2474 621 2517 Pantheum,
655 2474 691 2508 in
721 2474 797 2509 vico
822 2474 1032 2520 Singonioz)
1077 2488 1137 2518 eo,
1175 2476 1329 2519 inquam,
1368 2478 1520 2520 tempore
1542 2475 1666 2509 Petrus
1689 2476 1733 2509 ab

279 2519 523 2565 Hierosolymis
555 2520 745 2560 discedens,
791 2520 1001 2555 Antiochiam
1032 2522 1145 2555 venit:
1192 2521 1251 2554 ubi
1282 2520 1495 2565 promulgato
1528 2520 1733 2565 Evangelio,

280 2565 443 2610 Episcopi
466 2577 583 2600 munus
607 2566 762 2610 suscepit.
809 2565 1075 2600 Christianorum
1099 2578 1205 2606 vero,
1241 2566 1299 2610 qui
1323 2577 1366 2599 ex
1388 2565 1525 2600 Judaeis
1548 2565 1632 2601 facti
1655 2566 1731 2599 fue—

280 2614 370 2651 rant,
395 2611 661 2655 persuasionibus
685 2610 859 2652 adductus,
895 2612 955 2656 qui
978 2623 1020 2645 ex
1042 2611 1195 2646 Ethnicis
1219 2617 1316 2644 erant
1338 2611 1466 2653 fideles,
1490 2623 1555 2646 non
1579 2610 1730 2656 recepit3

279 2655 338 2689 sed
361 2667 476 2690 eorum
499 2657 590 2690 nulla
612 2656 746 2691 ratione
767 2657 902 2698 habita,
934 2657 1012 2691 inde
1039 2657 1199 2692 discessit.
1247 2656 1353 2690 Divus
1378 2661 1490 2692 autem
1511 2657 1637 2692 Paulus
1659 2658 1731 2690 An-

277 2700 437 2735 tiochiam
458 2712 611 2745 maguam
634 2713 806 2743 reversus,
841 2706 876 2736 et
898 2702 940 2737 de
963 2702 1015 2736 his
1038 2702 1163 2737 certior
1186 2702 1319 2743 factus3
1352 2703 1543 2737 scandalum
1566 2703 1630 2736 hoc
1653 2700 1730 2735 ubi-

277 2755 344 2788 que
378 2746 422 2779 de
444 2747 553 2781 medio
577 2747 727 2789 sustulit,
763 2758 940 2794 omnesque
961 2748 1034 2782 sine
1067 2747 1257 2782 discrimine
1290 2749 1482 2793 amplexus,
1522 2747 1566 2782 ad
1589 2747 1730 2781 salutem

277 2789 468 2833 perducere
513 2796 651 2827 conatus
691 2796 763 2827 est:
811 2793 861 2827 uti
902 2794 988 2829 haec
1028 2792 1181 2828 Clemens
1216 2797 1252 2828 et
1293 2793 1461 2828 Tatianus
1499 2790 1730 2839 sapientissimi

279 2834 541 2883 Chronographi
564 2837 670 2873 literis
693 2838 929 2884 prodiderunt.
