1838 3230
582 158 1051 212 ANNOTATIONES.
1446 170 1546 220 563

89 285 346 336 buitlenam,
375 284 514 325 eodem
532 282 719 322 Suetonio
737 289 860 334 teste,
889 284 966 323 Tit.
986 286 1053 327 71.
1075 284 1184 323 circa
1202 280 1383 322 libidines
1400 282 1542 332 haesit,-

87 352 224 396 postea
241 356 415 396 quoque,
444 351 488 380 ut
509 339 667 396 ferunt,
696 338 753 378 αᾶ
772 339 970 380 uitiandas
991 341 1158 394 virgines
1182 341 1423 393 promptior,
1450 355 1548 394 quae

159 397 360 453 ’undique
376 399 492 437 eiiam
509 395 561 436 ab
582 409 708 435 uxore
731 398 1056 451 conquiret-entur.

205 457 302 508 Ρσς.
330 458 425 498 232
456 457 520 497 11.
567 451 715 501 Σέξτου
739 453 807 493 καὶ
838 451 1123 505 Σεκτικιανοΰ]
1161 452 1355 492 Eusebius
1380 452 1431 492 ad
1453 453 1548 492 ulti-

89 523 198 550 mum
218 511 386 562 Augusti
412 523 556 553 annum
580 505 702 547 habet
720 510 826 550 Sext
846 510 1099 562 Pompeium,
1142 516 1182 549 et
1200 511 1306 551 Sext.
1326 510 1547 562 Apuleium,

91 566 200 606 Coss.
221 566 314 608 Chr.
336 580 433 606 vero
453 566 567 605 Alex.
587 566 637 604 ad
660 579 805 604 annum
827 567 994 618 Augusti
1017 567 1386 618 antepenultimam,
1414 566 1458 605 id
1476 574 1547 615 est,

90 636 176 663 mv.
207 619 355 679 (annos
383 622 488 662 enim
502 636 582 661 LVI.
604 628 760 661 tantum
792 636 881 661 eum
911 624 1106 676 imperare
1138 621 1282 676 sacit3)
1322 625 1483 662 Sextum
1510 629 1550 663 et

91 682 255 720 Sextum
285 681 392 718 Coss.
414 678 551 729 habet3
589 693 691 717 anno
720 693 815 718 vero
837 678 1034 732 sequenti,
1066 681 1149 719 sive
1164 678 1404 733 penultimo,
1431 681 1548 719 Pom-

89 736 221 789 peium
241 742 280 774 et
299 736 507 789 Apuleium
529 736 656 788 ponit,
687 749 732 774 ac
754 736 785 774 si
804 736 951 775 diversi
975 743 1115 776 essent.

202 790 307 833 Ibid.
365 792 592 845 ἐβασίλευσε
616 792 796 846 Τιβέριος
824 795 982 846 Καίσαρ
1006 793 1072 845 ἔτη
1099 788 1174 845 κβ’.
1185 795 1199 841 ]
1242 793 1302 832 Ita
1320 795 1432 833 etiam
1456 792 1548 833 Chr.

88 847 204 889 Alex.
225 846 419 888 Eusebius
436 855 566 887 tamen
590 863 712 888 annos
728 850 891 901 Imperii
909 864 1032 890 xxm.
1055 851 1089 889 ei
1108 849 1263 891 tribuit.

206 900 601 958 Peg-232.12.⁷{v
621 903 664 946 δὲ
685 906 947 959 διμοιριαῖος]
980 907 1035 945 Ita
1058 907 1175 945 etiam
1193 905 1433 945 Suetonius
1421 920 1463 944 m
1484 905 1551 944 Ti-

88 961 225 1010 berio,
255 962 333 1001 Tit.
353 965 421 1005 68.
467 959 636 1014 Corpore
648 961 731 1016 fuit
753 962 886 1016 amplo
904 972 1018 1017 atque
1038 961 1423 1014 robusio;sia1ur‚a
1452 977 1552 1015 quae

84 1019 232 1071 justam
255 1016 468 1058 excederet.
515 1019 686 1069 Reliquo
705 1025 835 1058 tamen
859 1020 943 1073 ejus
967 1018 1282 1058 Characterismo
1297 1032 1439 1071 parum
1461 1031 1551 1056 cum

90 1074 279 1115 Suetonio
300 1076 480 1126 congruit
501 1074 652 1114 Auctor
678 1081 826 1115 noster.

204 1128 310 1170 Ibid.
363 1129 618 1179 λεπτακινός]
660 1132 900 1170 vocabulum
926 1131 1004 1170 hoc
1023 1144 1219 1182 nusquam
1236 1130 1332 1169 mihi
1351 1131 1546 1171 occurrit.

90 1188 196 1227 forte
205 1187 458 1226 scribendum
477 1183 730 1235 λεπτακικός·
752 1189 818 1227 0111
836 1195 966 1226 tamen
987 1187 1192 1240 scriptioni
1210 1187 1441 1227 adversatur
1454 1191 1551 1227 Sue-

89 1244 191 1284 tonii
209 1243 546 1283 Charscterismus
564 1243 728 1284 Tiberii.

204 1302 424 1354 Pa5n232.
454 1303 522 1343 18
553 1299 714 1352 ἔχοντας
741 1294 986 1351 διαστήματα
1013 1299 1156 1351 μιλίων
1184 1295 1218 1340 δ’
1221 1302 1254 1348 .]
1282 1300 1549 1352 longissimam

88 1355 156 1396 hic
173 1356 347 1396 Plateam
363 1362 576 1405 memorat3
598 1356 673 1394 nisi
690 1356 794 1395 forte
811 1369 923 1395 error
943 1356 996 1395 sit
1016 1356 1059 1394 in
1078 1369 1256 1396 numero.
1288 1357 1399 1406 Quid.
1415 1358 1461 1408 si,
1471 1371 1550 1411 pro

89 1414 245 1466 μιλίων,
275 1414 449 1464 legamus
474 1414 656 1454 σταδίων.

203 1472 298 1537 Peg.
326 1473 421 1513 232.
452 1473 520 1512 21.
546 1464 868 1522 χαλκουργημασι
887 1467 955 1509 καὶ
985 1463 1182 1520 ἆγαλμασι
1204 1466 1432 1539 κοσμήσας]
1461 1472 1551 1521 χαλ-

88 1522 347 1596 κουργήματα
375 1526 509 1578 ponit,
538 1540 612 1578 pro
644 1526 784 1564 statuis
805 1527 943 1566 aereis.
1002 1525 1061 1563 Ita
1088 1525 1191 1563 infra
1211 1525 1279 1566 lib.
1304 1525 1369 1568 14.
1398 1521 1455 1575 ἦν
1475 1542 1550 1579 γαρ

91 1583 136 1624 ἐν
155 1579 263 1638 αὐτῷ
276 1579 604 1636 χαλκουργήματα
621 1578 711 1631 δύο,
743 1579 858 1622 ἅτινα
875 1581 943 1622 καὶ
962 1577 1062 1621 αὔτά
1084 1582 1159 1621 εἰσι
1179 1597 1261 1621 των
1283 1579 1509 1634 θεαμάτων,
1527 1598 1547 1624 ο

91 1642 247 1692 Ικαρος,
277 1655 346 1679 και
363 1637 384 1679 ὅ
400 1639 619 1688 Δαίδαλος,
648 1638 690 1676 id
711 1644 783 1689 est,
810 1638 924 1686 Icari,
957 1644 997 1676 et
1017 1637 1179 1675 Daedali
1202 1644 1352 1676 statuae
1374 1652 1522 1678 aereae.

204 1692 643 1748 Pag.234.1.152z2›
662 1691 860 1757 Αντιόχου
888 1697 962 1733 τοῦ
990 1689 1305 1743 ἐπιφανεστατου
1334 1695 1546 1746 βασιλέως]

91 1750 329 1790 Antiochum
351 1749 596 1815 ΕΡ1Ρ118110111
614 1751 722 1800 dicit,
753 1750 821 1801 qui
843 1749 1017 1788 aedificia
1037 1749 1231 1800 quaedam
1254 1765 1274 1788 a
1295 1764 1335 1790 se
1357 1757 1466 1789 extra
1482 1765 1551 1788 111-

91 1808 183 1847 bem
198 1813 391 1857 extructa,
421 1821 442 1845 a
459 1807 619 1846 nomine
637 1820 722 1857 suo,
751 1805 1014 1859 Epiphaniam
1029 1806 1207 1845 vocavit:
1236 1807 1296 1846 uti
1313 1808 1466 1847 Auctor
1484 1821 1551 1846 su-

122 1878 166 1903 ra
189 1864 260 1904 lib.
282 1867 320 1907 8.

91 1878 120 1917 P
207 1923 302 1973 Pag.
330 1919 426 1962 234·
458 1923 499 1962 3.
544 1917 569 1960 o‘
588 1914 798 1970 λεγόμενος
819 1914 1088 1970 Φιλάδελφος]
1120 1917 1305 1958 Antiochi
1321 1917 1439 1972 hujus
1459 1919 1549 1958 Phi-

93 1975 269 2030 ladelphi
293 1975 401 2028 apud
419 1976 518 2014 alios
540 1976 686 2014 mentio
703 1975 826 2015 nulla.

206 2036 302 2085 Pag.
335 2031 430 2075 234.
463 2035 502 2073 6.
546 2028 757 2099 παρασχων
778 2027 983 2099 προνόμια
999 2035 1083 2079 τοῖς
1101 2027 1442 2085 καταφεύγουσιν]
1471 2031 1548 2071 He-

92 2085 534 2142 8)*011.Προνόμια,τᾶ
555 2082 794 2138 ὀφειλόμενα
810 2089 866 2142 τῷ
884 2082 1087 2154 ἀξιώματι.

207 2147 302 2198 Pag.
331 2143 426 2187 234.
455 2148 522 2188 21.
564 2140 813 2196 μετεκάλεσιν
836 2128 1019 2197 Ὀρόντην
1046 2146 1097 2199 τῇ
1114 2146 1306 2199 Ρωμαϊκῇ
1329 2142 1453 2194 λέξει]
1489 2143 1547 2182 Ita

94 2202 210 2241 etiam
231 2200 473 2250 Eustathius,
503 2200 555 2239 ad
574 2200 750 2251 Dionysii
768 2202 1009 2267 περιηγητοῦ
1025 2201 1158 2238 locum
1175 2199 1302 2238 hunc:

319 2260 399 2309 Τῆς
417 2255 460 2297 δὲ
480 2254 581 2309 πρός
602 2252 788 2308 ἄντολίην
811 2252 1071 2309 κατασύρεται
1089 2254 1210 2309 ὖγρος
1229 2252 1417 2307 Ορόντης

96 2311 169 2351 ubi
189 2311 420 2352 Scholiastes
437 2319 527 2365 post
547 2313 661 2351 aliam
685 2312 854 2351 nominis
871 2313 1065 2352 rationem
1086 2314 1329 2364 assignatam,
1359 2310 1459 2349 haec
1477 2310 1545 2348 ad-

98 2368 168 2407 dit.
222 2372 345 2410 Αλλοι
372 2369 416 2410 δέ
444 2382 589 2419 φασιν,
628 2365 688 2410 ότι
719 2371 876 2423 Καῖσαρ
907 2368 1084 2423 Τιβέριος
1111 2369 1155 2410 ἐκ
1173 2366 1403 2437 Δράκοντος
1429 2362 1547 2407 αυτὸν

103 2419 283 2476 Ορὸντην
307 2423 606 2492 μετωνόμασεν,
636 2441 658 2465 ο
666 2426 856 2491 σημαίνει
875 2425 1078 2493 Ρωμαιστὶ
1097 2422 1163 2465 τὸν
1184 2420 1428 2465 ανατολικόν.
1486 2437 1548 2463 οτι

97 2483 208 2520 πᾶσα
228 2480 258 2533 ἦ
277 2482 366 2535 περὶ
377 2478 608 2534 Αντιόχειαν
620 2477 727 2535 χώρα
739 2478 885 2551 λιπαρα
904 2497 944 2522 τε
955 2497 1024 2523 και
1043 2479 1217 2533 εὔβοτος,
1234 2479 1301 2520 καὶ
1323 2474 1458 2532 αγαθή
1475 2480 1549 2531 μῆ

95 2540 146 2577 λα
166 2534 345 2587 τρέφειν,
375 2537 442 2578 καὶ
461 2538 637 2588 δένδρεσι
656 2553 812 2590 καρπον
827 2537 975 2587 αὔξειν.
1006 2539 1212 2577 Caeterum
1230 2549 1357 2575 meras
1379 2535 1547 2586 ineptias

97 2605 181 2631 esse
202 2591 286 2642 has,
313 2601 478 2646 apparet
497 2608 545 2634 ex
562 2594 742 2646 Polybio,
773 2595 844 2634 lib.
861 2596 898 2637 5.
916 2594 987 2633 ubi
1004 2594 1219 2631 Seleuciam
1239 2598 1278 2631 et
1299 2590 1548 2630 Antiochiam

97 2648 344 2699 describens,
388 2651 548 2690 Oron'tis
586 2651 701 2689 etiam
732 2651 968 2690 mentionem
1005 2649 1112 2687 facit.
1168 2651 1200 2689 Ο
1227 2646 1270 2688 δὲ
1301 2643 1547 2717 καλουμενος

99 2701 279 2756 Ορόντης
305 2704 481 2773 ποταμος
498 2704 548 2748 ου’
570 2723 726 2761 μακραν
745 2703 869 2776 αὐτῆς
896 2710 1066 2747 ποιεῖται
1085 2702 1156 2752 τοίς
1185 2699 1373 2756 ἐκβολας·
1411 2701 1457 2751 ἃς
1473 2701 1547 2754 τὴν

97 2757 223 2813 ἆρχήν
242 2763 315 2801 τοῦ
333 2758 525 2814 ῥεύματος
543 2762 760 2816 λαμβάνων
778 2760 857 2804 ἄπο
875 2778 955 2803 των
976 2777 1073 2801 κατα
1088 2776 1158 2801 τον
1169 2761 1366 2812 Λίβανον,
1394 2759 1462 2800 καὶ
1476 2774 1547 2800 τον

98 2818 365 2870 Λντιλίβανον
386 2815 541 2870 τόπων,
569 2819 635 2860 καὶ
657 2817 846 2868 διανύσας
866 2835 909 2860 το
933 2813 1181 2869 καλούμενον
1205 2813 1372 2869 Λμύκης
1396 2816 1546 2865 πεδίον,
