1838 3230
282 167 382 234 268
473 182 704 227 IOANNJS
733 183 1012 227 MALALAE
1041 179 1369 228 CHRONOGR.
1426 186 1476 228 L.
1506 185 1559 229 x.

283 300 432 358 συνέβη
467 303 512 344 δὲ
552 305 785 356 τελευτῆσαι
820 301 892 344 τὸν
924 301 1094 356 βασιλέα
1129 304 1206 361 πρὸ
1247 308 1322 346 τοῦ
1361 294 1737 360 πληρωθῆναι-αἰ-

283 368 358 425 τήν
369 384 379 394 ’
415 372 482 412 καὶ
499 367 767 424 μετεκάλεσαν
786 369 913 425 αὐτὴν
927 369 1187 428 Ἀνάξαρβον,
1224 371 1511 427 ἐπιτρέψαντες
1526 377 1612 421 τοῖς
1628 362 1738 428 ῥυμ-

282 436 600 494 βολαιογράφοις
635 436 764 487 οὕτως
791 437 919 494 αὐτὴν
942 441 1210 494 χρηματίζειν.
1282 440 1432 496 ἐλέγετο
1454 439 1531 496 γὰρ
1549 441 1592 490 ἐξ
1608 439 1734 495 ἀρχῆς

141 518 171 550 v
198 516 264 553 114
286 505 310 561 ἦ
338 507 442 561 αὐτὴ
460 505 575 555 πόλις
592 507 774 547 Κυ·ι”νὸ“α”
811 508 876 547 καὶ
902 503 1033 550 ἔπαθε
1059 513 1221 563 πρῶτον
1252 506 1390 557 πάθος
1419 509 1483 550 ἐπὶ
1515 512 1596 550 τῶν
1628 505 1736 559 ὑπά-

282 592 364 617 των
391 572 571 629 Ῥώμης,
610 574 676 615 καὶ
707 572 911 629 ἀνενεώθη
942 577 1008 617 καὶ
1035 574 1264 631 μετεκλτῗθη
1289 578 1443 626 Κίσκος
1470 573 1598 625 πόλις.Δ
1664 577 1768 622 ’καὶὸ

281 640 403 686 πάλιν
422 641 575 684 ἔπαθεν
597 641 658 683 ἐπὶ
687 646 760 684 τοῦ
781 644 994 700 Καίσαρος
1013 643 1181 687 Ἰουλίου
1201 644 1246 687 τὸ
1265 642 1306 698 β’
1327 644 1455 698 αὐτῆς
1474 641 1633 693 πάθοςῑ
1668 645 1736 686 καὶ

280 708 486 764 ἀνενεώθη
517 711 583 751 καὶ
605 707 833 765 μετεκλήθη
862 709 1174 768 Διοκαισάρεια·
1210 714 1276 754 καὶ
1299 716 1498 755 παθοῦσα
1518 709 1573 762 ὥς
1598 712 1736 768 προεί-

282 796 402 835 ρηται
429 779 490 820 ἐπὶ
518 781 661 832 Νερβᾶ
692 778 890 831 βασιλέως
916 779 1216 835 μετωνομάσθη
1236 778 1493 836 Ἀνάξαρβος.
1565 777 1737 838 ποιήσας

283 848 327 889 δὲ
356 848 509 889 θυσίαν
535 843 695 902 κόρηνὸ
719 844 887 903 Ζάρβος
910 845 1077 900 ὀνόματι
1097 846 1300 905 Κηπάραν
1313 846 1513 907 χωρικήν,
1551 849 1736 902 ἐποίησεν

282 915 388 971 αὐτῇ
405 912 558 968 στήλην
575 918 730 969 χαλκῆν
749 917 805 964 εἷς
822 912 946 969 τύχην
965 919 1037 969 τῆς
1057 914 1221 966 πόλεως.
1289 915 1459 970 ἐμήνυσε
1480 915 1524 958 δὲ
1545 920 1603 973 τῷ
1623 915 1734 974 αὐτῷ
1749 929 1793 961 10

281 987 445 1037 βασιλεῖ
468 980 489 1025 ὅ
519 981 687 1038 Ζάρβος
717 984 805 1039 περὶ
836 987 917 1025 τῶν
950 987 1125 1027 πολιτῶν
1151 986 1218 1026 καὶ
1246 989 1332 1034 τοῖς
1359 989 1528 1027 σωθεῖσι
1554 984 1739 1033 πολίταις

281 1052 513 1107 ἐχαρίσατο,
550 1048 604 1100 ὥς
626 1048 851 1108 φιλότιμος,
882 1051 1013 1094 πολλὰ
1036 1050 1056 1094 ὃ
1081 1051 1205 1101 αὐτὸς
1225 1050 1426 1106 βασιλεύς.
1495 1049 1605 1101 ὅστις
1627 1054 1737 1107 Νερ-

132 1134 165 1167 0
188 1132 256 1169 349
280 1123 360 1172 βᾶς
390 1118 656 1161 ἀνεκαλέσατο
688 1118 758 1161 τὸν
789 1117 1018 1162 ἀπόστολον
1046 1120 1116 1163 τὸν
1143 1120 1257 1176 ἅγιον
1275 1118 1490 1175 Ἰωάννην·
1526 1121 1593 1162 καὶ
1610 1114 1736 1174 ἦλθεν

280 1188 322 1230 ἐν
343 1187 500 1244 Ἐφέσῳ
524 1184 644 1229 πάλιν
668 1187 747 1229 ἀπὸ
773 1185 971 1241 Πάτμων.

196 1303 199 1307 ,
227 1268 257 1302 Β
377 1254 467 1296 Ἐπὶ
493 1255 536 1297 δὲ
557 1259 630 1310 τῆς
652 1255 777 1297 αὐτοῦ
796 1257 1003 1309 βασιλείας
1028 1253 1206 1311 ἀνεφάνη
1227 1253 1382 1311 Μάνης
1401 1256 1651 1311 δογματίζων
1669 1257 1733 1297 καὶ
1749 1265 1791 1298 15

278 1321 481 1366 διδάσκων
501 1322 752 1378 ὂχλαγωγῶν.
809 1321 1004 1373 ὡσαύτως
1026 1325 1069 1365 δὲ
1088 1325 1151 1365 ἐπὶ
1171 1329 1243 1378 τῆς
1264 1325 1390 1366 αὐτοῦ
1409 1325 1617 1378 βασιλείας
1635 1324 1735 1366 ἐκω-

278 1389 470 1446 λύθησαν
506 1391 543 1433 οἳ
572 1389 799 1445 μονομάχοι
830 1392 896 1433 καὶ
926 1392 968 1433 αἱ
1002 1392 1098 1434 θεάι
1130 1391 1285 1435 αὐτῶν·
1321 1393 1388 1434 καὶ
1419 1389 1622 1446 ἐπενοήθη
1646 1390 1732 1433 ἀντ’

278 1459 414 1501 αὐτῶν
438 1463 519 1501 τῶν
546 1461 740 1514 κυνηγίων
761 1457 784 1512 ἦ
807 1459 900 1501 θέα.

372 1525 420 1569 ‘O
442 1527 486 1569 δὲ
507 1526 629 1578 αὐτὸς
647 1527 837 1580 βασιλεὺς
858 1524 1037 1582 νοσήσας
1057 1529 1123 1570 καὶ
1141 1528 1318 1584 φθαρεὶς
1330 1530 1509 1588 τελευτᾷ,
1532 1525 1588 1570 ὢν
1601 1527 1733 1570 ἐνιαυ-

274 1599 356 1639 τῶν
378 1592 454 1638 οα’.
1050 1634 1056 1641 .
1639 1595 1648 1602 ’
1744 1607 1791 1641 20

364 1706 399 1739 2.
425 1701 663 1747 μετεκάλεσαν
686 1702 773 1744 Ch„
804 1701 1034 1747 μετεκάλεσεν
1058 1703 1126 1737 Ox.
1241 1702 1274 1737 4.
1298 1701 1468 1748 Κυΐνδα]
1492 1704 1641 1738 Σκῦντα
1666 1703 1733 1738 Ox.

367 1750 468 1784 Conf.
495 1749 617 1784 Suidas
640 1761 672 1782 v.
696 1746 919 1796 Ἀνάξαρβος.
1014 1751 1067 1784 11.
1092 1749 1290 1792 σωσθεῖσι]
1319 1751 1471 1784 σωθεῒσι
1494 1750 1557 1785 Cb.
1589 1749 1660 1783 Sed
1683 1748 1735 1783 ita

367 1795 438 1828 Ox.
557 1795 610 1830 14.
648 1791 836 1840 Πάτμων]
871 1792 1026 1839 Πάτμου
1057 1795 1183 1829 Chron.
1212 1796 1331 1829 Pasch.
1358 1806 1392 1840 p.
1419 1795 1497 1830 251.
1525 1796 1638 1836 B‚.ut
1659 1794 1734 1838 ipse

366 1852 402 1886 p.
429 1843 506 1877 111.
531 1841 573 1875 D.
679 1843 734 1877 17.
756 1840 968 1887 ἐπενοήθη]
992 1838 1186 1886 ὑπενοήθη
1210 1841 1362 1882 Chron.,
1387 1838 1641 1886 ἐπενοήθησαν
1664 1840 1732 1874 ΟΧ.

368 1931 550 1966 Caeterum
582 1931 794 1977 Imperatore
828 1945 848 1967 e
879 1932 966 1967 vivis
996 1932 1201 1973 excedente,
1243 1932 1436 1977 priusquam
1465 1931 1616 1966 absoluta
1647 1933 1735 1964 esset

279 1977 378 2017 urbs;
405 1982 535 2011 mutato
559 1978 709 2020 nomine,
734 1979 965 2019 Anazarbum,
989 1983 1171 2018 vocarunt;
1197 1977 1391 2011 Tabulariis
1415 1977 1517 2012 etiam
1540 1987 1623 2010 cura
1642 1987 1733 2010 com-

278 2021 399 2062 missa,
435 2022 469 2055 in
493 2027 578 2056 Acta
602 2023 744 2057 Publica
767 2035 839 2058 eam
862 2025 923 2058 sub
947 2024 1063 2058 eodem
1084 2025 1215 2057 nomine
1238 2023 1420 2057 referendi.
1467 2022 1625 2056 Primitus
1646 2022 1734 2055 enim

278 2069 359 2101 urbs
383 2068 487 2108 haec,
525 2069 677 2110 Scynta,
701 2075 826 2103 vocata
849 2075 918 2103 est:
958 2069 1002 2102 de
1025 2070 1120 2103 coeio
1145 2073 1254 2102 autem
1279 2072 1374 2102 tacta
1397 2067 1536 2113 primum
1559 2068 1618 2101 sub
1642 2068 1733 2100 Con-

277 2112 402 2146 sulibus
425 2113 604 2154 Romanis,
641 2113 685 2147 de
707 2114 841 2158 integro
864 2115 1052 2149 instaurata
1075 2119 1127 2149 est
1148 2120 1184 2148 et
1207 2114 1325 2148 Ciscus
1348 2118 1484 2149 vocata.
1530 2113 1656 2147 Rursus
1679 2116 1733 2146 et-

276 2157 344 2192 iam
364 2158 454 2192 Julio
474 2158 572 2192 Caes.
599 2159 810 2203 Imperante‚
843 2165 959 2194 terrae
982 2160 1126 2194 motibus
1148 2171 1288 2201 eversa,
1312 2170 1398 2193 nova
1419 2158 1543 2193 iterum
1565 2159 1660 2192 facta
1682 2159 1734 2191 est

277 2209 314 2237 et
335 2203 560 2238 Diocaesarea
584 2204 764 2238 nominata.
812 2207 883 2239 Sub
908 2206 1028 2240 Nerva
1050 2217 1133 2239 vero
1157 2206 1366 2250 Imperatore
1390 2204 1499 2239 denuo
1522 2214 1638 2248 passa,
1680 2202 1733 2236 uti

276 2248 404 2282 dictum
427 2254 497 2289 est,
522 2250 717 2283 Anazarbus
741 2251 914 2294 appellata
937 2254 996 2285 est.
1043 2252 1174 2285 Zarbus
1198 2255 1329 2292 autem,
1363 2255 1486 2295 parata
1506 2249 1542 2282 in
1563 2246 1731 2292 victimam

277 2294 414 2338 virgine
441 2294 621 2338 indigena,
659 2295 791 2329 nomine
816 2296 973 2341 Cep-ara,
1013 2301 1158 2330 statuum
1183 2296 1215 2330 ei
1244 2307 1381 2329 aeneam
1413 2293 1544 2334 erexit,
1580 2293 1674 2326 urbis
1697 2292 1731 2325 in

275 2339 474 2374 Fortunam.
520 2341 710 2384 Imperator
733 2345 867 2382 autem,
895 2353 958 2386 per
980 2341 1086 2375 Zarbi
1108 2341 1235 2382 literas,
1258 2340 1301 2374 de
1323 2340 1505 2373 incolarum
1531 2338 1733 2372 calamitati-

274 2386 338 2418 bus
362 2385 490 2419 certior
513 2386 641 2426 factus,
666 2385 808 2429 plurima
833 2386 901 2427 eis,
934 2387 992 2430 qui
1016 2399 1036 2421 a
1059 2387 1162 2421 ruinis
1186 2391 1284 2420 erant
1306 2384 1520 2429 superstites,
1545 2383 1732 2417 honorifice

274 2431 519 2475 suppeditavit.
564 2431 657 2464 Idem
688 2431 809 2464 Nerva
840 2431 881 2464 D.
904 2432 1065 2466 Joannem
1096 2432 1299 2477 Apostolum*
1323 2431 1366 2464 ab
1398 2429 1500 2463 exilio
1532 2428 1729 2463 revocavit:

274 2476 332 2521 qui
355 2488 398 2510 ex
425 2477 544 2510 Patmo
569 2475 737 2520 Ephesum
761 2475 912 2517 rediens,
945 2476 1070 2511 ibidem
1093 2477 1252 2520 degebat.

364 2522 474 2564 Hujus
498 2522 557 2556 sub
581 2521 726 2566 Imperio
749 2522 867 2555 Manes
890 2522 1003 2566 coepit
1026 2523 1185 2567 dogmata
1207 2532 1268 2555 sua
1290 2531 1472 2564 spargere3
1504 2519 1730 2564 populumque

275 2566 321 2600 ad
344 2579 390 2600 se·
404 2568 576 2601 allectare.
634 2567 709 2602 Hoc
733 2567 832 2601 etiam
855 2567 1062 2611 imperante,
1098 2567 1186 2601 Ludi
1209 2565 1416 2600 Gladiatorii
1440 2565 1565 2610 populo
1588 2563 1730 2598 interdi-

275 2612 325 2645 cti
346 2616 441 2646 sunt:
465 2612 499 2645 in
526 2623 668 2656 quorum
690 2613 796 2647 locum
819 2613 1000 2646 substituta
1021 2617 1099 2646 sunt
1121 2611 1315 2655 spectacula
1337 2611 1575 2655 Cynegeticas

368 2659 488 2692 Nerva
513 2669 593 2692 vero
615 2658 806 2705 Imperator
828 2657 862 2692 in
884 2658 1035 2692 morbum
1057 2657 1226 2699 incidens,
1249 2661 1393 2692 naturae
1416 2656 1566 2691 debitum
1589 2653 1728 2696 exolvit,

277 2713 380 2738 anuos
403 2708 503 2738 natus
526 2714 620 2742 Lxxu.
