1838 3230
268 161 366 208 422
669 157 951 202 lOANNIvS
979 158 1318 203 MALALAE

363 275 431 319 Ἐν
451 276 563 334 αὗτῷ
585 276 629 319 δὲ
647 280 705 335 τῷ
724 273 859 335 χρόνῳ
879 275 1103 320 ἀπέστειλεν
1133 275 1155 321 ὅ
1176 277 1300 328 αὐτὸς
1317 279 1508 332 βασιλεὺς
1536 283 1716 336 Καρῒνον

269 342 428 399 κόμητα
460 344 563 398 μετὰ
594 345 861 400 κεντηναρίων
889 345 1027 388 πέντε·
1076 346 1355 389 συναπέστειλε
1385 348 1430 389 δὲ
1461 350 1525 390 καὶ
1566 352 1740 403 Φωκῶν,

218 423 249 457 D
274 413 344 455 τὸν
374 413 584 468 πατρίκιον
639 413 705 453 καὶ
736 411 964 468 Ἀστέριον,
1013 412 1166 470 ἄνδρας
1197 413 1376 471 σοφούς,
1414 415 1512 466 δοὺς
1542 418 1609 458 καὶ
1639 416 1718 460 αὗ-

269 487 354 530 τοΐς
367 478 561 536 χρήματα
583 479 714 521 πολλὰ
745 481 800 530 εἷς
832 479 1116 537 ἐπανόρθωσιν
1146 486 1219 537 τῆς
1238 480 1392 532 πόλεως
1421 485 1486 526 καὶ
1505 488 1587 526 τῶν
1608 484 1718 540 ἄγω-

267 551 350 603 γῶν
365 549 431 589 καὶ
449 551 530 589 τῶν
546 551 731 603 γεφυρῶν
748 551 820 590 τοῦ
838 553 1040 603 ποταμοῦ,
1060 548 1115 599 ὥς
1131 548 1393 603 ἐπιστάμενος
1411 551 1482 605 τὴν
1504 551 1632 607 αὐτὴν
1640 550 1715 596 πό-
1727 566 1750 601 5

269 619 332 658 λιν
347 629 356 638 ·
389 610 439 669 ἦν
458 614 535 670 γὰρ
558 613 726 670 οἲκήσας
749 617 790 658 ἐν
810 615 913 673 αὐτῇ
928 615 1078 673 χρόνον
1102 616 1206 670 τινά,
1238 617 1304 660 ὅτε
1324 623 1503 673 κατῆλθε
1513 620 1617 673 μετὰ
1635 624 1718 663 τῶν

270 686 563 738 στρατηλατῶν
583 683 624 725 ἓν
643 687 701 742 τῷ
719 687 908 742 Περσικῷ
930 684 1104 743 πολέμῳ.
1176 687 1241 727 καὶ
1263 690 1423 736 πυκνῶς
1456 687 1604 744 ἔγραφε
1633 694 1719 738 τοῖς

271 750 411 799 αὐτοῖς
433 752 655 807 πατρικίοις
689 756 762 793 τοῦ
794 756 1093 809 φροντισθῆναι
1110 753 1184 807 τὴν
1207 752 1335 796 πόλιν.

130 810 163 845 0
184 807 251 890 141}
373 818 499 861 Μετὰ
539 819 582 860 δὲ
614 819 661 861 τὸ
691 818 835 875 ὄγδοον
864 819 954 870 ἔτος
981 824 1056 875 τῆς
1091 820 1217 863 αὐτοῦ
1258 821 1478 864 Ἰουστίνου
1510 823 1720 875 βασιλείας

274 886 340 927 καὶ
369 889 511 940 μηνῶν
540 884 587 928 θ’
622 889 954 941 συνεβασίλευσεν
986 888 1097 946 αὐτῷ
1138 886 1159 930 ὅ
1189 887 1405 939 θειότατος
1434 889 1719 941 Ἰουστινιανὸς
1729 909 1774 943 10

268 953 372 1007 μετὰ
401 958 473 1008 τῆς
499 952 745 1010 Αὖγούστας
781 953 1021 1012 Θεοδῶρας,
1059 958 1250 1012 στεφθεὶς
1283 955 1361 1000 ὑπὸ
1394 961 1467 1000 τοῦ
1500 956 1718 1002 θειοτάτου

271 1021 399 1063 αὐτοῦ
437 1023 553 1064 θείου
599 1023 662 1064 ἐπὶ
698 1028 771 1078 τῆς
816 1022 1009 1073 ὑπατείας
1043 1026 1305 1080 Μαβορτίου.
1385 1023 1495 1074 ὅστις
1529 1026 1721 1079 βασιλεὺς

150 1091 182 1125 V
205 1092 251 1127 52
270 1088 553 1138 Ἰουστινιανὸς
581 1091 711 1132 πολλὰ
746 1092 960 1147 ἐχαρίσατο
992 1097 1043 1148 τῇ
1077 1092 1181 1149 αὐτῇ
1210 1097 1291 1135 τῶν
1321 1093 1553 1146 Ἀντιοχέων
1580 1092 1719 1137 πόλει·

272 1158 338 1199 καὶ
371 1158 426 1206 εἷς
451 1161 586 1199 πᾶσαν
617 1156 733 1201 πόλιν
765 1163 838 1213 τῆς
866 1157 1090 1214 Ῥωμαϊκῆς
1117 1162 1318 1211 πολιτείας
1350 1159 1523 1215 ποιήσας
1544 1160 1722 1217 μεγάλην

271 1222 543 1267 κατάστασιν·
580 1228 646 1267 καὶ
679 1228 719 1268 ἓν
749 1225 897 1283 ἑκάστῃ
928 1228 972 1269 δὲ
1004 1226 1115 1270 πόλει
1146 1228 1375 1283 κατέπεμψε
1403 1230 1522 1278 θείας
1548 1228 1716 1286 σάκρας,
1733 1246 1775 1281 15

272 1291 375 1335 ὥστε
412 1297 697 1348 τιμωρηθῆναι
726 1294 822 1343 τούς
853 1294 1021 1344 ἀταξίας
1048 1294 1073 1350 ἢ
1103 1294 1255 1351 φόνους
1295 1302 1532 1348 ποιοῦντας,
1578 1296 1718 1340 ὁποίου

292 1359 308 1375 ”
330 1359 380 1402 ἂν
408 1358 620 1417 ὑπάρχωσι
646 1361 817 1418 μέρους,
856 1361 959 1404 ὥστε
985 1363 1041 1416 μὴ
1069 1366 1225 1416 τολμᾶν
1253 1382 1344 1407 τινα
1374 1368 1446 1409 τοῦ
1474 1369 1618 1407 λοιποῦ
1647 1366 1720 1420 τὴν

272 1425 510 1482 οἱανδήποτε
539 1428 707 1479 ἀταξίαν
736 1434 924 1485 ποιῆσαι,
961 1428 1093 1487 φόβον
1125 1430 1396 1486 ἐνδειξάμενος
1416 1434 1474 1489 7εἷς
1496 1431 1631 1483 πάσας
1647 1434 1720 1483 τὰς

271 1496 477 1550 ἐπαρχίας.

368 1564 435 1604 Ἐν
465 1564 509 1605 δὲ
531 1563 749 1625 Ἀντιοχείᾳ
769 1569 820 1622 τῇ
847 1562 1002 1622 μεγάλῃ
1030 1564 1131 1622 πρὸς
1157 1564 1288 1621 ὀλίγον
1314 1566 1453 1624 καιρὸν
1471 1567 1647 1623 ἐγένοντο
1677 1569 1775 1614 ε’νὲο

273 1632 388 1691 φιλία
409 1631 447 1673 οἳ
467 1633 601 1687 δῆμοι.

361 1739 491 1774 Eodem
513 1740 617 1774 etiam
639 1742 802 1784 tempore,
827 1739 987 1775 Carinum
1006 1739 1171 1775 Comitem
1194 1752 1235 1776 eo
1260 1740 1462 1776 centenariis
1483 1754 1505 1776 v
1522 1741 1719 1778 instructum
1747 1779 1751 1782 K

269 1783 379 1825 misit,
405 1797 546 1830 cumque
570 1797 610 1819 eo
634 1786 781 1819 Phocam
805 1786 986 1819 Patricium
1021 1791 1058 1820 et
1079 1786 1263 1828 Asterium,
1307 1786 1397 1820 viros
1421 1787 1621 1832 prudentes:
1646 1794 1719 1823 tra-

270 1829 342 1863 dito
375 1830 474 1864 etiam
508 1830 574 1864 illis
606 1831 822 1876 pecuniarum
852 1831 980 1875 ingenti
1011 1832 1184 1876 pondere,
1222 1832 1315 1877 quod
1347 1832 1422 1865 urbi
1445 1839 1550 1875 esset,
1584 1837 1718 1880 Aquae-⁴

270 1874 427 1909 ductibus
441 1900 451 1916 ‚
474 1875 636 1919 fluviique
659 1876 815 1920 pontibus
837 1876 1074 1911 instaurandis.
1122 1878 1273 1922 Agnovit
1297 1877 1384 1911 enim
1409 1879 1524 1912 urbem
1547 1880 1652 1919 hanc,
1675 1891 1718 1913 ex

271 1932 337 1964 quo
373 1931 438 1954 una
471 1932 545 1955 cum
576 1921 726 1956 Ducibus
757 1921 792 1955 in
824 1922 946 1955 bellum
971 1923 1140 1956 Persicum
1173 1928 1208 1956 et
1235 1923 1309 1968 ipse
1341 1923 1564 1965 descendens,
1594 1924 1718 1958 ibidem

269 1975 334 2010 per
355 1968 483 2009 tempus
506 1966 641 2011 aliquod
664 1972 883 2001 commoratus
907 1971 966 2002 est.
1014 1968 1178 2002 Patricius
1202 1976 1311 2002 autem
1334 1968 1461 2011 dictos,
1491 1970 1583 2004 urbis
1605 1981 1718 2004 curam

269 2009 463 2056 suscipere,
485 2011 717 2056 frequentibus
740 2011 806 2047 suis
830 2012 936 2047 literis
960 2014 1114 2048 hortatus
1138 2018 1201 2048 est.

449 2133 1549 2185 JUSTINIANUS

758 2223 1233 2260 IMPERATOK

361 2310 496 2346 Exacto
520 2315 631 2347 autem
653 2311 846 2357 imperantis
868 2314 992 2348 Justini
1014 2327 1100 2349 anno
1123 2327 1200 2357 v111,
1226 2327 1403 2361 menseque
1425 2316 1563 2359 insuper
1582 2325 1632 2356 lx,
1655 2315 1717 2350 im-

271 2355 360 2401 perii
390 2357 514 2391 socium
538 2358 602 2391 sibi
631 2358 769 2402 sumpsit
797 2358 1032 2394 divinissimum
1062 2361 1302 2402 Justinianum,
1348 2373 1415 2394 una
1438 2371 1511 2394 cum
1534 2361 1717 2395 Theodora

270 2405 442 2445 Augusta3
482 2414 580 2447 quem
610 2403 846 2437 sacratissimus
869 2406 1051 2438 avunculus
1088 2408 1178 2449 ejus,
1219 2406 1392 2440 Mavortio
1417 2405 1493 2438 Cos.
1517 2405 1719 2441 Diademate

270 2446 455 2490 insignivit.
501 2448 570 2481 Hic
593 2459 675 2482 vero
696 2448 899 2482 Justinianus
930 2450 1117 2503 Imperator
1140 2452 1253 2485 urbem
1276 2449 1488 2484 Antiochiam
1511 2463 1632 2495 magno
1654 2463 1716 2496 pe·

272 2492 444 2526 cuniarum
474 2493 627 2537 pondere
649 2493 807 2528 donavit:
844 2494 912 2527 Res
942 2498 1043 2528 etiam
1076 2496 1263 2537 Romanas,
1300 2495 1423 2538 ubique
1447 2506 1510 2539 per
1531 2496 1716 2541 imperium,

270 2538 409 2581 egregie
441 2538 636 2582 composuit.
691 2538 759 2572 Per
789 2540 915 2573 Sam-as
938 2540 1044 2579 enim,
1086 2552 1168 2584 quas
1191 2541 1327 2584 singulis
1349 2540 1383 2573 in
1407 2541 1543 2575 urbibus
1569 2542 1715 2586 promul-

271 2585 399 2626 gandas
423 2583 590 2625 emiserat,
624 2584 727 2625 cavit,
760 2585 874 2618 caedis
896 2585 951 2617 vel
974 2584 1172 2618 seditionum
1197 2592 1342 2626 autores,
1379 2586 1631 2631 quibuscunque
1654 2588 1715 2621 de-

270 2639 356 2661 mum
380 2639 401 2661 a
422 2628 578 2672 partibus
602 2629 778 2670 steterint,
815 2629 866 2663 uti
888 2640 1013 2674 poenas
1036 2630 1166 2663 darent.
1214 2631 1325 2664 Metus
1347 2631 1426 2664 inde
1451 2632 1714 2666 Provincialibus

271 2672 418 2717 undique
440 2672 605 2715 incussus,
636 2686 700 2709 nec
722 2675 881 2720 deinceps
904 2679 998 2716 erat,
1030 2675 1089 2719 qui
1111 2675 1243 2709 omnino
1268 2677 1425 2711 tumultus
1447 2677 1597 2711 excitare
1619 2689 1714 2711 ausus

272 2720 334 2750 est.

364 2762 554 2841 Quingetiam
576 2765 715 2810 populus
738 2765 981 2809 Antiochenus,
1016 2776 1077 2810 per
1100 2765 1343 2811 aliquantillum
1366 2767 1545 2813 temporis,
1568 2767 1657 2801 inter
1678 2778 1714 2801 se

273 2808 434 2840 convenie
461 2812 531 2842 ant.
