1838 3230
430 168 1062 217 CHRONOGRAPHIA.
1120 167 1168 214 L.
1200 169 1252 214 V.
1511 171 1576 221 93

108 311 210 352 χνας
226 295 293 340 καὶ
309 293 364 339 τὰ
381 292 486 338 ἄλλα
505 290 641 338 πάντα
657 293 699 336 ἓν
717 297 892 348 λογικοῖς
909 292 976 334 καὶ
995 287 1155 348 ἀλόγοις
1167 304 1176 314 ·
1226 290 1364 345 μεῖζον
1384 288 1429 333 δὲ
1447 287 1577 346 αῧτῆς

107 367 177 408 καὶ
203 364 366 420 βέλτιον
393 363 454 420 μὴ
481 360 594 406 εἶναι.
666 361 828 412 ἐξέθετο
849 361 895 403 δὲ
913 363 978 403 καὶ
997 359 1127 415 ὕμνον
1147 361 1202 409 εἷς
1219 359 1352 416 αὐτὴν
1369 358 1442 402 τὸν
1461 356 1577 416 λεγό-

106 451 232 489 μενον
251 433 394 477 κεστὸν
415 430 436 476 ὃ
459 431 584 482 αὐτὸς
603 429 754 488 Πάρις.
825 429 929 484 μετὰ
961 430 1006 472 δὲ
1036 429 1084 473 τὸ
1116 431 1292 472 διελθεῖν
1319 428 1367 472 τὸ
1397 425 1464 483 λβ’
1487 428 1578 479 ἔτος

107 500 373 559 λογισάμενος
394 499 416 545 ὅ
435 502 630 556 Πρίαμος
647 498 709 543 ὅτι
728 503 945 556 παρῆλθεν
965 496 986 542 ὅ
1002 496 1153 556 χρόνος
1167 503 1242 542 τοῦ
1260 498 1457 548 δοθέντος
1471 515 1578 554 χρη·
1602 514 1636 550 0
1662 515 1730 551 115

76 575 219 626 Ξσμοῦ
238 572 329 626 περὶ
347 574 422 614 τοῦ
439 567 628 625 Πάριδος
646 573 727 612 τῶν
746 566 782 611 λ’
803 569 1013 621 ἐνιαυτῶν,
1051 567 1220 622 πέμψας
1238 567 1384 624 ἤγαγεν
1401 566 1483 610 ἀπὸ
1502 571 1578 611 τοῦ

106 639 235 697 ἀγροῦ
256 639 328 683 τὸν
357 638 483 682 αὐτὸν
513 638 777 694 Ἀλέξανδρον
813 636 884 680 τὸν
916 638 983 680 καὶ
1014 634 1185 692 Πάριδα
1219 636 1324 690 μετὰ
1352 633 1490 692 πάσης
1515 654 1579 680 τι-

104 713 210 765 μῆς·
245 710 371 767 ἐφίλει
388 707 466 764 γὰρ
489 705 629 751 αὐτόν.
692 708 759 749 καὶ
781 707 952 762 ἐξῆλθεν
972 703 993 748 ὃ
1016 705 1142 756 αὐτὸς
1158 707 1353 762 Πρίαμος
1371 707 1426 756 εἷς
1446 704 1580 749 ἀπάν-

104 795 224 834 τησιν
252 777 382 821 αὐτοῦ
408 778 474 820 καὶ
503 777 541 820 οἱ
566 777 822 832 συγκλητικοὶ
851 775 980 818 αὐτοῦ
1006 774 1091 830 μετ’
1115 774 1242 818 αὐτοῦ
1259 777 1326 818 καὶ
1347 775 1386 818 οἳ
1405 774 1576 832 ἀδελφοὶ
1599 784 1630 819 c

106 846 236 890 αὗτοῦ
266 845 415 895 πάντες
446 847 513 888 καὶ
546 843 694 895 πάντες
724 845 762 887 οἳ
790 849 866 900 τῆς
893 842 1060 894 πόλεως.
1132 845 1200 887 καὶ
1231 846 1424 899 εἰσῆλθεν
1452 845 1494 888 ἕν
1523 849 1577 902 τῇ

52 922 98 958 10
110 916 243 975 Τροίᾳ
274 913 296 959 ὃ
329 914 454 965 αὐτὸς
478 912 616 971 Πάρις
643 918 702 973 τῷ
731 911 792 970 λγ’
818 913 947 957 αὐτοῦ
977 912 1053 956 ἕτει
1074 914 1172 968 μηνὶ
1202 915 1385 972 ξανθικῷ
1420 917 1479 972 τῷ
1509 916 1578 957 καὶ

104 984 318 1044 ἂπριλλίῳ,
390 985 457 1026 καὶ
476 982 668 1040 ἑωρακώς
685 982 812 1026 αὐτὸν
833 980 854 1026 ὅ
872 983 1075 1040 Πρίαμος.
1085 981 1218 1032 οὕτως
1236 981 1415 1039 εὐπρεπῆ
1436 984 1502 1024 καὶ
1523 987 1576 1040 τῇ

103 1054 188 1113 θέᾳ
203 1055 270 1097 καὶ
291 1057 351 1111 τῷ
374 1052 510 1095 σθένει
530 1054 596 1095 καὶ
616 1057 668 1109 τῇ
687 1051 909 1110 διαλέκτῳ,
948 1051 1149 1094 ἐκέλευσεν
1168 1051 1280 1111 αὐτῷ
1298 1055 1438 1107 λαβεῖν
1459 1053 1576 1108 δῶρα

105 1125 172 1166 καὶ
193 1123 390 1165 ἀπελθεῖν
408 1119 611 1164 θυσιάσαι
628 1123 670 1164 ἐν
688 1119 853 1163 Ἑλλάδι
873 1121 1079 1178 Δαφναίῳ
1096 1118 1334 1172 Ἀπόλλωνι,
1363 1120 1489 1176 λέγων
1511 1119 1574 1163 ὅτι

103 1191 254 1247 ἠλέησὲ
271 1208 353 1246 μου
375 1189 422 1233 τὸ
438 1195 569 1247 γῆρας
588 1192 654 1233 καὶ
675 1188 897 1248 παρήνεγκε
914 1189 967 1232 τὰ
992 1187 1110 1232 κακά.
1181 1189 1272 1232 ῗδοῦ
1301 1189 1380 1246 γὰρ
1409 1194 1574 1247 παρῆλ-

49 1269 94 1305 15
106 1265 183 1304 θεν
215 1258 236 1304 ὃ
262 1257 410 1317 χρόνος
433 1263 508 1303 τοῦ
524 1263 728 1316 χρησμοῦ.
799 1260 868 1301 καὶ
886 1255 1062 1314 ποιήσας
1078 1262 1137 1316 τῷ
1161 1258 1273 1317 αὐτῷ
1293 1257 1450 1316 Πάριδι
1471 1258 1577 1317 πρὸς

103 1328 264 1379 πάντας
280 1328 379 1379 τοὺς
397 1332 594 1383 βασιλεῖς,
615 1328 708 1384 ἤτοι
727 1325 953 1384 τοπάρχας,
975 1332 1050 1383 τῆς
1060 1325 1263 1385 Εὐρώπης
1275 1325 1418 1385 χώρας
1439 1326 1576 1385 γράμ-

102 1415 218 1454 ματα
247 1396 268 1442 ὃ
296 1398 492 1455 Πρίαμος
521 1395 737 1451 βασιλεύς,
777 1395 881 1441 ὥστε
905 1396 1107 1448 δέξασθαι
1127 1397 1197 1440 τὸν
1217 1397 1346 1440 αὐτοῦ
1364 1397 1453 1440 υἱὸν
1474 1395 1574 1440 Πά-

103 1470 200 1524 ριδα
245 1466 317 1510 τὸν
365 1468 431 1510 καὶ
470 1466 738 1524 Ἀλέξανδρον
785 1464 962 1510 ἀπιόντα
1011 1468 1069 1516 εἷς
1106 1465 1227 1522 εὐχὴν
1269 1464 1474 1510 θυσιάσαι
1513 1471 1574 1526 τῷ

97 1535 342 1589 Ἀπόλλωνι,
381 1535 555 1579 ἀπέλυσε
582 1535 654 1578 τὸν
686 1535 812 1578 αὐτὸν
833 1533 1027 1593 Πάριδα,
1065 1535 1235 1590 πέμψας
1253 1537 1321 1577 καὶ
1340 1543 1426 1586 τοῖς
1446 1540 1572 1589 βασι-
1594 1551 1628 1587 D

47 1610 219 1649 2ολεὕσι
247 1605 305 1648 δι’
340 1604 470 1649 αὐτοῦ
501 1607 629 1662 δῶρα.
702 1606 769 1648 καὶ
797 1605 945 1660 ἐξῆλθε
970 1608 1030 1663 τῷ
1063 1606 1208 1663 δαισίῳ
1244 1608 1304 1663 τῷ
1331 1606 1398 1647 καὶ
1432 1605 1573 1663 ῗουνίῳ

100 1676 198 1730 μηνὶ
220 1671 273 1729 ιη’
293 1674 398 1729 μετὰ
415 1672 452 1717 ν’
471 1675 537 1716 καὶ
559 1672 590 1726 ζ’
612 1671 766 1730 ἡμέρας
786 1678 862 1728 τῆς
882 1674 923 1716 ἓν
945 1677 996 1730 τῇ
1019 1675 1151 1732 Τροίᾳ
1175 1674 1407 1728 παρουσίας
1428 1673 1572 1727 αὐτοῦ,

103 1745 171 1786 καὶ
199 1740 460 1792 ἀποπλεύσας
477 1742 582 1797 μετὰ
601 1746 764 1785 πολλῶν
787 1740 931 1798 δώρων
950 1746 1195 1795 βασιλικῶν,
1236 1741 1337 1796 ἔχων
1359 1743 1455 1797 μεθ’
1476 1741 1575 1785 ἑαυ-

102 1815 178 1856 τοῦ
207 1810 362 1868 ἄνδρας
389 1809 558 1869 Φρύγας
582 1812 816 1861 νεανίσκους
842 1809 892 1868 ρ’.
965 1812 1031 1853 καὶ
1054 1809 1305 1867 κατήντησεν
1325 1811 1368 1855 ἐν
1386 1815 1438 1869 τῇ
1455 1809 1628 1863 πόλειο
1652 1829 1721 1865 117

194 1911 227 1945 1.
259 1910 384 1954 μεῖζον
406 1927 451 1934 -
474 1906 640 1955 βέλτιον]
672 1908 804 1953 μείζων
826 1927 872 1934 -—
896 1908 1047 1954 βελτίων
1079 1909 1147 1943 ΟΧ.
1289 1909 1345 1946 17.
1377 1907 1469 1945 υἱοῦ
1499 1909 1570 1945 Ox.

195 1956 251 1994 19.
277 1953 456 2000 ἀπέλυσε]
481 1954 656 1991 ἅπέλευσε
679 1955 748 1989 Ox.
839 1958 897 1992 20.
921 1954 1076 2003 δαισίφ]
1102 1954 1211 2001 δεσίῳ
1235 1955 1304 1990 Ox.

101 2034 232 2078 brutis,
265 2046 368 2081 quam
391 2034 528 2071 ratione
559 2034 746 2081 praeditis3
777 2046 890 2081 neque
913 2047 955 2070 ea
977 2037 1084 2081 majus
1108 2047 1199 2078 esse,
1233 2046 1298 2071 nec
1320 2035 1439 2071 melius
1471 2035 1571 2082 quic-

101 2093 215 2127 quam.
261 2082 333 2117 Se‘d
364 2087 401 2117 et
422 2082 588 2128 Hymnum
622 2081 724 2116 etiam
747 2081 781 2115 in
814 2081 946 2117 laudem
976 2083 1050 2127 ejus
1082 2081 1272 2128 composuit
1307 2082 1426 2125 Paris,
1466 2094 1570 2128 quem

103 2130 240 2164 Centum
263 2127 462 2174 appellavit.
509 2129 663 2163 Priamus
680 2128 824 2174 itaque,
847 2132 970 2164 exacto
993 2128 1130 2164 tandem
1153 2140 1241 2164 anno
1265 2133 1342 2174 post
1362 2129 1568 2164 tricesimum

101 2174 269 2217 secundo,
303 2174 519 2220 praefinitum
544 2174 692 2209 Oraculo
727 2179 860 2220 tempus
878 2175 949 2219 jam
971 2174 1189 2221 praeteriisse
1212 2180 1327 2217 ratus3
1370 2175 1473 2210 mittit
1506 2175 1567 2220 qui

99 2220 207 2256 filium
229 2220 477 2264 Alexandrum,
505 2233 605 2266 quem
629 2221 784 2276 apprime
807 2220 946 2263 dilexit,
970 2234 1014 2256 ex
1039 2233 1123 2267 agro
1145 2222 1204 2256 illo
1229 2221 1418 2256 honorifice
1440 2221 1567 2256 educe-

101 2273 188 2301 rent.
238 2266 332 2308 Quin
355 2272 391 2302 et
413 2278 475 2302 rex
505 2267 580 2313 ipse
604 2268 778 2309 Pnamus,
814 2267 1036 2310 Proceribus,
1073 2268 1256 2310 fratribus,
1289 2272 1325 2302 et
1348 2267 1478 2301 civibus
1498 2267 1568 2302 suis

99 2313 253 2347 omnibus
275 2313 444 2358 stipatus,
478 2315 523 2348 ad
548 2325 622 2348 eum
646 2313 878 2359 recipiendum
910 2314 1029 2349 exivit.
1076 2314 1174 2349 Paris
1205 2315 1322 2358 itaque
1346 2313 1488 2357 Trojam
1511 2313 1567 2347 in-

99 2369 235 2404 gressus
267 2363 339 2401 est,
373 2371 462 2395 anno
497 2360 622 2394 aetatis
654 2372 735 2395 suae
766 2359 935 2395 tricesimo
967 2360 1094 2403 tertio,
1131 2372 1244 2395 mense
1268 2359 1458 2400 xanthico,
1494 2359 1567 2394 sive

100 2404 222 2450 Aprili.
269 2405 380 2446 Quem
403 2418 476 2440 cum
507 2406 598 2441 vidit
622 2406 774 2440 Priamus
796 2410 864 2440 tam
889 2407 1049 2451 aspectu,
1084 2407 1230 2448 robore,
1264 2412 1301 2441 et
1324 2405 1482 2439 facundia
1506 2417 1566 2440 or-

100 2456 235 2492 natum,
254 2451 355 2495 jussit
377 2463 453 2486 eum
476 2452 567 2487 dona
590 2453 765 2498 accipere,
788 2457 827 2486 ut
849 2452 885 2487 in
909 2452 1092 2488 Graeciam
1115 2452 1351 2499 proficiscens,
1374 2451 1568 2496 Daphnaeo

101 2497 250 2541 Apollini
272 2508 369 2531 sacra
391 2499 541 2534 faceretz
566 2498 702 2539 dicens;
726 2499 818 2532 Deus
833 2499 1016 2534 senectutis
1038 2511 1132 2535 meae
1152 2499 1306 2533 misertus
1330 2497 1418 2530 mala
1436 2497 1566 2531 denun-

102 2542 194 2576 ciata
216 2543 362 2577 avertit:
396 2549 528 2590 tempus
552 2544 639 2579 enim
664 2544 806 2579 Oraculi
823 2546 893 2590 jam
917 2546 1186 2591 praeterlapsum
1209 2550 1272 2580 est.
1319 2543 1472 2577 Priamus
1495 2543 1564 2588 igi-

101 2592 159 2622 tur
181 2587 336 2624 Paridem
361 2589 517 2633 demisit,
555 2591 643 2625 datis
664 2591 714 2625 illi
735 2592 929 2626 muneribus
953 2603 1016 2636 pro
1041 2592 1192 2626 omnibus
1215 2591 1379 2634 Europae
1400 2589 1565 2633 regibus;

102 2644 186 2678 quos
208 2633 307 2668 etiam
331 2646 393 2679 per
415 2636 533 2672 literas
556 2638 711 2672 hortatus
734 2643 803 2679 est,
828 2638 878 2672 uti
900 2638 1005 2672 filium
1030 2637 1208 2678 Paridem,
1229 2635 1301 2670 sive
1323 2635 1566 2677 Alexandrum,

102 2679 289 2714 Oraculum
322 2682 487 2727 Apollinis
520 2684 718 2726 adeuntem,
755 2689 794 2718 ut
817 2695 916 2718 sacra
939 2696 981 2718 ex
1006 2688 1087 2718 voto
1121 2685 1272 2724 faceret,
1309 2692 1372 2727 pro
1395 2680 1565 2726 dignitate

100 2724 306 2770 exciperent.
353 2728 449 2762 Paris
478 2730 596 2774 itaque
619 2736 695 2775 post
718 2740 792 2763 Lv11
813 2730 907 2771 dies,
946 2730 1067 2774 quibus
1092 2728 1223 2762 Troiae
1252 2731 1474 2776 commoratus
1496 2731 1563 2770 est,

99 2772 230 2805 decimo
254 2776 378 2806 octavo
401 2774 516 2816 Desii,
540 2778 612 2810 sive
635 2776 727 2810 Junii
750 2775 870 2810 mensis
893 2775 950 2809 die
974 2774 1140 2815 discedit,
1168 2773 1386 2819 acceptisque
1409 2772 1474 2807 sibi
1497 2773 1562 2808 do-

99 2817 152 2851 nis
175 2815 265 2862 regis
288 2819 558 2864 quamplurimis,
599 2826 635 2856 et
657 2821 793 2863 ascitis,
831 2833 873 2855 ex
896 2821 984 2855 flore
1006 2819 1193 2854 iuventutis
1219 2819 1410 2864 Phrygiae,
1437 2831 1473 2853 c.
1500 2831 1560 2854 co-

98 2863 255 2905 mitibus,
279 2862 358 2898 inde
379 2864 510 2900 solvens
531 2867 717 2912 navigavit.
763 2867 928 2902 Pervenit
949 2877 1031 2901 vero
1056 2865 1100 2901 ad
1120 2866 1237 2901 urbem
1259 2865 1427 2913 quandam
1444 2866 1559 2901 Grae-
