1838 3230
317 167 409 214 188
707 164 994 209 IOANNIS
1018 166 1359 212 MALALAE

415 282 538 325 Μετὰ
560 282 604 324 δὲ
622 282 668 324 τὸ
691 283 940 339 ἐκβληθῆναι
969 284 1039 327 τὸν
1069 283 1295 342 Ταρκύνιον
1324 291 1397 342 τῆς
1421 288 1628 339 βασιλείας
1661 288 1758 347 διῴ-

312 367 408 392 κουν
438 349 513 405 τὴν
545 347 660 392 πόλιν
691 351 729 393 οἱ
758 352 1036 408 προειρημένοι
1064 352 1211 396 ὕπατοι
1231 353 1327 407 δι’-ο,
1370 358 1552 410 Βροῦτος
1582 354 1604 398 ὅ
1627 357 1759 412 ’μέγας

312 420 377 460 καὶ
407 415 427 460 ὃ
460 422 709 467 Κολλατῖνος
743 416 763 460 ὅ
794 419 894 473 ἀνὴρ
929 424 1002 475 τῆς
1027 424 1320 478 Λουκρητίας,
1367 425 1434 465 καὶ
1465 423 1580 466 ἄλλοι
1611 422 1758 468 ὕπατοι

311 487 451 528 πολλοὶ
473 486 548 535 ἕως
566 487 777 542 Καίσαρος
791 487 960 530 Ἰουλίου
980 489 1043 530 ἐπὶ
1063 489 1130 544 ἔτη
1150 488 1251 540 υξὸ’.
1626 503 1627 506 ’

406 575 472 618 Ἐν
504 576 548 617 δὲ
582 583 666 625 τοῖς
694 578 994 633 προειρημένοις
1028 577 1191 634 χρόνοις
1223 581 1324 634 μετὰ
1359 580 1541 635 Ἰωακεὶμ.
1573 580 1789 635 Ἀδδοῢς,5

167 655 201 688 0
225 652 294 690 240
317 642 427 693 ὅστις
444 643 568 698 ἱερεὺς
596 639 647 699 ’ἦν
675 649 756 687 τῶν
777 644 1005 699 Ἰουδαίων,
1043 652 1125 690 τῶν
1146 649 1189 690 δὲ
1203 646 1402 704 Ἑλλήνων
1419 647 1645 706 φιλόσοφος
1663 667 1757 692 παι-

311 711 455 766 δευτὴς
482 709 685 758 Πλάτων’
734 711 843 763 ὅστις
878 712 1045 771 γράφων
1073 716 1175 771 πρὸς
1204 719 1377 771 Τίμαιον
1403 719 1492 774 περὶ
1521 721 1621 760 θεοῦ
1656 716 1759 760 εἶπεν

311 778 373 822 ὅτι
400 779 448 821 τὸ
480 784 595 822 θεῖον
621 781 662 822 ἓν
693 783 822 836 τρισὶν
853 780 1047 835 ὀνόμασι,
1091 785 1165 836 μία
1204 785 1247 826 δὲ
1285 783 1454 839 δύναμις
1489 787 1554 828 καὶ
1590 783 1755 840 θεότης,

312 847 432 890 εἶπιὺν
456 846 554 890 εἶναι
575 852 737 905 πρῶτον
756 849 884 892 αἴτιον
902 849 947 892 τὸ
971 851 1130 906 ἀγαθὸν
1147 851 1193 894 τὸ
1215 854 1406 909 οῗκτεΐρον
1425 853 1477 895 τὰ
1494 851 1642 905 πάντα,
1667 851 1757 896 δεύ-

257 932 289 966 Ε
312 933 428 972 τερον
459 915 587 958 αἴτιον
620 922 715 966 νοῦς
750 915 770 959 ὅ
799 916 1099 973 δημιουργήσας
1127 919 1179 961 τὰ
1209 918 1365 973 πάντα,
1402 922 1539 976 τρίτον
1566 921 1695 964 αἴτιον
1729 919 1813 976 ἡιο

313 983 506 1036 ζωοποιός
532 982 669 1040 ψυχή,
706 983 793 1039 ἥτις
821 984 1060 1041 ε’ζωογόνησε
1080 987 1130 1028 τὰ
1149 985 1293 1031 πάντα.
1363 988 1438 1037 τὰς
1461 984 1530 1031 οὖν
1547 996 1656 1044 τρεῖς
1683 991 1757 1031 δυ-

311 1049 450 1106 νάμεις
476 1052 573 1106 μίαν
594 1050 787 1107 ὖπάρχειν
817 1051 999 1108 θεότητα
1028 1053 1271 1111 ὡμολόγησε.
1340 1061 1471 1099 ταῦτα
1497 1055 1701 1112 Κύριλλος
1735 1055 1756 1099 ὅ

312 1118 536 1170 ὁσιώτατος
568 1121 781 1171 ἐπίσκοπος
816 1121 1115 1178 Ἀλεξανδρείας
1149 1125 1188 1165 ἓν
1224 1130 1308 1173 τοῖς
1339 1121 1645 1179 συγγράμμασιν
1683 1123 1757 1166 αὖ-

312 1192 385 1229 τοῦ
415 1188 568 1239 ἐνέταξε
601 1195 687 1237 τοῖς
713 1189 817 1231 κατὰ
848 1189 1067 1232 Ἰουλιανοῦ
1098 1195 1171 1233 τοῦ
1189 1192 1387 1244 βασιλέως
1404 1196 1476 1234 τοῦ
1499 1190 1756 1248 παραβάτου,

311 1256 435 1311 λέγων
457 1254 518 1298 ὅτι
547 1256 620 1311 τὴν
639 1255 754 1311 ἁγίαν
781 1255 929 1311 τριάδα
959 1261 1014 1308 εἷς
1040 1256 1202 1313 μονάδα
1228 1258 1428 1315 θεότητος
1450 1258 1605 1309 πάντας
1621 1277 1756 1317 προει-
1770 1271 1812 1304 15

311 1330 397 1366 πεῖν
418 1324 663 1386 ἀγνοοῦντας
684 1325 730 1367 τὸ
748 1325 908 1378 μέλλον.

190 1425 219 1457 V
243 1426 288 1460 80
410 1413 478 1456 Ἐν
505 1415 548 1456 δὲ
579 1421 664 1464 τοῖς
688 1414 848 1470 χρόνοις
876 1420 949 1458 τοῦ
987 1415 1113 1458 αὐτοῦ
1155 1414 1380 1467 Πλάτωνος
1413 1412 1517 1470 ἦσαν
1544 1419 1610 1461 καὶ
1642 1417 1757 1460 ἄλλοι

309 1480 526 1539 φιλόσοφοι
540 1480 740 1538 Ἑλλήνων
757 1485 992 1537 παιδευταί,
1030 1483 1226 1540 Ξενοφῶν
1244 1486 1309 1526 καὶ
1327 1486 1525 1540 Αἰσχίνης
1559 1488 1625 1528 καὶ
1649 1486 1756 1539 Ἀρι-

309 1551 514 1605 στοτέλης.
577 1552 715 1601 οἵτινες
733 1550 885 1606 πλάνην
905 1551 1250 1606 μετεμψυχώσεως
1270 1552 1561 1609 παρεισήγαγον
1581 1559 1666 1603 τοῖς
1685 1554 1757 1596 ἇν-

307 1616 493 1675 θρώποις
508 1632 517 1641 ·
554 1621 621 1661 καὶ
641 1620 715 1674 τὴν
730 1621 804 1673 μὲν
823 1621 1069 1675 Καλλίστην,
1096 1621 1306 1678 θυγατέρα
1324 1625 1397 1663 τοῦ
1417 1619 1651 1674 Λυκάονος,
1680 1639 1754 1675 με·
1765 1632 1812 1667 20

396 1727 431 1761 3.
457 1729 677 1767 Κολλατῖνος
700 1727 776 1768 ch,
802 1730 1025 1770 Καλλατῖνος
1046 1729 1112 1762 Ox.
1202 1728 1236 1764 5.
1258 1726 1371 1774 μετὰ]
1398 1727 1493 1764 κατὰ
1515 1729 1584 1762 Ox.
1673 1729 1755 1763 ibid.

394 1769 557 1817 Ἆδδοῦς]
578 1770 742 1814 Ἰαδδοῦς
766 1773 826 1807 Ch.
859 1775 902 1807 V.
920 1786 954 1819 p.
976 1776 1031 1809 81.
1051 1775 1093 1807 D.
1162 1776 1196 1810 6.
1221 1770 1331 1819 ὅστις]
1358 1775 1480 1808 Manca
1497 1775 1593 1816 haec,
1618 1778 1679 1808 ant
1696 1774 1757 1808 de-

401 1818 533 1852 lendum
552 1816 659 1862 ὅστις,
682 1819 744 1853 nisi
763 1817 895 1854 forte'd
920 1817 949 1859 ς’
972 1820 1118 1865 scripsit.
1185 1822 1217 1855 9.
1241 1820 1363 1854 Addidi
1379 1820 1534 1862 πρῶτον.
1605 1821 1659 1855 12.
1683 1822 1757 1855 Kv-

399 1866 517 1906 ρίλλος
547 1865 614 1899 Ox.
731 1865 784 1901 14.
818 1864 914 1901 καὶ-οὶ
941 1865 1161 1909 Ἰουλιανοῦ]
1196 1866 1224 1900 Ι.
1257 1877 1290 1910 p.
1322 1865 1378 1900 ed.
1412 1866 1539 1911 Spanh.
1560 1864 1619 1901 34.
1650 1866 1692 1908 A,
1714 1866 1754 1901 B.

400 1911 458 1944 20.
482 1912 703 1957 Καλλίστην]
729 1910 913 1947 Καλλιστώ
935 1912 1028 1946 dicit.
1119 1912 1199 1946 ibid.
1222 1910 1435 1952 Λουκάονος
1459 1912 1526 1945 Ox,

401 2000 484 2054 Post
507 2002 730 2046 Tarquinium
757 2015 845 2038 *vero
879 2015 983 2048 regno
1006 2004 1151 2048 ejectum
1165 2027 1175 2045 ,
1212 2001 1461 2056 Rempublicam
1483 2000 1757 2036 administratunt

312 2046 500 2091 supradicti
524 2047 589 2081 duo
614 2048 796 2091 Consules,
821 2050 943 2083 Brutus
966 2060 1103 2093 magnus
1127 2053 1163 2082 et
1186 2048 1386 2089 Collatinus,
1410 2047 1591 2081 Lucretiae
1613 2048 1754 2091 coujux;

313 2096 361 2133 et,
384 2095 460 2136 post
482 2093 553 2134 hos,
578 2092 636 2127 alii
656 2093 762 2136 multi,
787 2106 892 2139 usque
915 2095 959 2130 ad
983 2095 1162 2128 Caesarem
1183 2092 1326 2134 ,lulium
1349 2103 1412 2138 per
1431 2092 1576 2138 spatium
1597 2103 1756 2127 annorum

311 2148 496 2171 ccccnxlv.

404 2205 626 2250 Temporibus
651 2209 759 2241 autem
781 2207 1003 2253 supradictis,
1027 2211 1105 2253 post
1126 2205 1354 2247 joachimum,
1377 2205 1578 2240 Judaeorum
1595 2206 1755 2240 Pontifex

311 2250 471 2286 maximus
493 2255 568 2285 erat
590 2251 714 2285 Addus¹
762 2253 896 2287 Floruit
919 2254 1035 2287 eodem
1058 2257 1221 2297 tempore,
1246 2251 1337 2295 apud
1361 2252 1525 2292 Graecos,
1551 2251 1650 2284 Plato
1673 2251 1755 2285 Phi-

311 2297 479 2340 losophus.
526 2296 591 2330 Hic
614 2297 657 2330 ad
681 2297 858 2332 Timaeum
882 2299 925 2331 de
948 2299 1020 2332 Deo
1043 2298 1203 2337 scribens,
1226 2296 1292 2330 ista
1314 2296 1470 2340 protulit:
1494 2307 1624 2340 nempe,
1653 2321 1677 2338 „
1689 2298 1754 2331 Es-

310 2343 442 2378 sentiae
462 2341 605 2376 Divinae
627 2341 694 2375 tria
719 2343 853 2387 quidem
877 2355 948 2377 esse
971 2343 1136 2384 Nomina3
1173 2341 1365 2377 Potentiam
1398 2353 1480 2375 vero
1517 2346 1553 2375 et
1583 2341 1754 2376 Deitatem

312 2390 453 2422 unam.“
501 2388 643 2421 Causam
666 2399 747 2422 vero
776 2388 914 2432 primam
938 2389 1043 2431 dixit,
1079 2390 1231 2428 Bonum3
1271 2387 1360 2431 quod
1383 2386 1532 2420 omnibus
1564 2391 1615 2421 est
1637 2387 1753 2432 propi-

308 2433 410 2467 tium:
448 2433 624 2467 secundam
647 2444 728 2468 vero
753 2433 895 2467 Causam
919 2434 1027 2475 dixit,
1064 2435 1229 2474 Mentem,
1265 2444 1375 2467 rerum
1398 2431 1539 2465 omnium
1565 2432 1751 2476 Opificem:

307 2478 465 2512 Tertiam
497 2484 628 2520 autem,
665 2479 830 2523 Spiritum
858 2479 1054 2522 Vivzjficum,
1090 2478 1199 2513 omnia
1229 2477 1469 2512 vivificantem.
1517 2477 1605 2512 Tres
1637 2478 1754 2522 itaque

305 2523 485 2558 Potentias
519 2536 616 2558 unam
648 2536 717 2559 esse
746 2523 934 2564 Deitatem‚
969 2525 1136 2558 confessus
1167 2526 1227 2557 est.
1274 2523 1370 2557 Haec
1394 2522 1562 2566 cyrillus,
1585 2523 1753 2558 sanctissi-

305 2581 377 2604 mus
403 2569 627 2603 Alexandriae
661 2569 864 2614 Epis-copae,
903 2569 938 2602 in
959 2570 1025 2603 suis
1049 2569 1194 2613 protulit
1225 2568 1377 2612 scriptis,
1415 2574 1533 2603 contra
1556 2570 1753 2612 Apostatam

305 2614 474 2648 Julianum
506 2615 765 2658 Imperatorem:
808 2614 866 2659 qui
896 2614 994 2647 etiam
1021 2614 1160 2655 asserit,
1198 2613 1378 2648 Trinitatis
1407 2614 1556 2648 Sanctae
1578 2614 1753 2647 Unitatem

308 2659 466 2694 Divinam
489 2659 695 2706 praedixisse
717 2672 848 2702 omnes,
887 2660 995 2693 futuri
1017 2659 1098 2693 licet
1118 2659 1265 2704 ignaros.

400 2727 550 2762 Platonis
582 2732 694 2762 autem
716 2731 886 2772 tempore,
927 2727 1174 2772 Philosophiam
1205 2726 1307 2760 etiam
1331 2726 1421 2771 apud
1445 2727 1596 2761 Graecos
1627 2725 1752 2760 docue-

309 2776 389 2805 runt
411 2774 620 2818 Xenophon,
651 2774 853 2815 Aeschines,
883 2776 919 2806 et
934 2773 1147 2807 Aristoteles:
1181 2772 1238 2817 qui
1260 2772 1520 2806 introduxerunt
1539 2772 1574 2806 in
1597 2771 1751 2806 mundum

309 2817 471 2853 Eri-orem
494 2818 606 2860 illum,
638 2819 681 2854 de
712 2819 1028 2865 Transmigratione
1050 2819 1257 2854 Animarum.
1305 2817 1434 2853 Ferunt
1453 2817 1551 2859 inde,
1584 2816 1750 2859 Callistus,
