1838 3230
321 195 418 243 524
811 192 1271 237 ANNOTATIONES.

324 305 434 357 cujus
463 305 574 344 verbi
616 306 836 345 necessario
863 306 1004 346 deduci
1025 308 1199 359 videtur,
1231 323 1254 346 a
1283 305 1498 361 σκύλλομαι
1522 320 1605 347 eam
1634 307 1759 351 dedu-

324 368 425 400 ctam
445 368 565 413 puto,
597 363 709 413 cujus
730 363 957 415 perfectum,
988 363 1183 417 ἔσκυλμαι,
1213 364 1406 414 ἕσκυλσαι,
1436 364 1624 413 ἔσκυλται,
1653 363 1760 405 undo

323 415 487 465 σκυλτὸς
505 424 620 468 atque
635 417 851 456 hoe-modo
871 417 1094 468 εὕσκυλτος,
1113 419 1245 473 facile
1262 430 1446 470 vexatus,
1475 420 1559 459 sive
1583 416 1760 459 ati-iram

318 487 486 525 pronus,
518 474 746 526 impatiens,
785 474 1027 524 significabit.
1087 476 1273 514 Occurrit
1297 477 1414 515 etiam
1441 476 1567 526 infra,
1595 475 1662 518 lib.
1693 473 1757 518 12.

321 529 363 566 in
382 529 579 566 Aureliani
600 530 694 580 Imp.
728 529 1095 580 Chmecterismate,
1137 531 1306 570 hominis
1331 531 1479 582 trucis,
1510 545 1556 570 ac
1583 530 1760 580 Barbari,

322 591 439 633 atque
460 584 508 622 ad
527 585 765 623 occidendos
787 585 962 626 homines
988 588 1091 627 nati:
1120 595 1166 626 ut
1193 588 1243 627 de
1267 602 1313 628 eo
1338 595 1505 628 testatur
1539 587 1651 628 Flav.
1681 586 1760 627 Vo-

320 640 454 691 piscus
485 646 523 677 et
549 641 777 692 Eutropius.

432 695 531 747 Pag.
564 697 657 739 105.
691 701 758 739 11.
798 696 969 752 φοβερὸς
1002 697 1236 752 πολεμιστής
1261 698 1328 739 καὶ
1355 694 1625 752 βαρύφωνος]
1667 697 1760 738 [sac.

321 750 569 802 Porphyrog.
595 753 729 804 itaque
756 753 835 792 hoc
863 757 952 794 loco
979 755 1092 793 aliter
1117 755 1473 807 interpungendus,
1504 768 1618 806 quam
1641 753 1761 793 hodie

323 807 474 846 editura
503 809 558 846 ibi
586 810 685 846 enim
712 810 878 860 legitur,
918 808 1090 863 φοβερός
1117 809 1369 862 πολεμιστής,
1399 811 1442 852 ἐν
1465 810 1622 862 πολέμῳ
1641 806 1761 865 βαρύ-

322 878 481 915 φωνοςε
511 878 557 902 ac
578 866 632 912 si,
660 879 738 903 nou
759 867 834 904 nisi
848 868 887 906 in
906 867 1033 915 bello,
1065 863 1305 920 βαρύφωνος
1325 867 1462 905 fuisset
1480 867 1639 905 Hector.

433 919 532 973 Pag.
565 921 654 963 105.
684 925 746 963 13.
775 924 983 976 Δηΐφοβος
1012 924 1256 975 διμυριαΐος]
1287 925 1370 965 Ser.
1394 924 1646 978 διμοιριαῖος,
1677 921 1761 961 sive

321 975 454 1027 potius
475 977 715 1028 διμοιραῖος,
743 979 800 1016 uti
820 993 938 1031 supra
959 978 1193 1019 monuimus.

437 1034 528 1083 Pag.
561 1036 652 1074 106.
680 1033 719 1074 4.
749 1030 980 1086 α’ναφάλας]
1019 1037 1254 1074 vocabulum
1282 1035 1534 1084 inusitatum,
1571 1047 1646 1086 pro
1684 1048 1762 1082 φα-

320 1085 478 1140 λακρὸς.
536 1088 706 1140 Hesyeh.
746 1087 1145 1143 οἷναφαλλαντώματι,
1191 1087 1484 1145 φαλακρῶματι.
1529 1086 1762 1140 &vamba-av-

319 1157 406 1192 τος,
434 1143 539 1182 idem
563 1145 773 1197 significat,
804 1148 909 1199 apud
935 1153 1109 1199 septuag.
1139 1148 1261 1188 Levit.
1293 1162 1327 1186 c.
1360 1149 1426 1189 13.
1457 1152 1496 1186 et
1525 1142 1763 1195 ἀναφαλαν-

321 1200 429 1249 τίας,
460 1200 566 1250 apud
583 1201 742 1241 Lucian.
766 1198 1104 1252 οἷναφαλαντίασις
1122 1205 1234 1242 etiam
1266 1203 1375 1255 apud
1391 1203 1641 1241 Aristotelem
1661 1201 1781 1246 Hist..

322 1255 462 1292 anima]
481 1257 506 1294 l.
527 1260 564 1298 3.
585 1270 618 1295 c,
649 1261 712 1298 11.
743 1259 935 1297 calvitiem
972 1259 1181 1308 significat,
1212 1260 1280 1298 sed
1307 1259 1469 1311 proprie
1500 1272 1598 1310 quae
1622 1258 1662 1296 in
1694 1269 1763 1295 su-

321 1311 518 1362 perciliis,
549 1319 588 1350 et
612 1313 740 1353 fronte
761 1321 830 1355 est.
887 1315 1048 1354 suidas:
1077 1313 1297 1365 Ανᾶσιλος,
1327 1312 1642 1367 ἀναφαλαντίας·
1673 1311 1763 1354 diuo-

322 1379 418 1418 σμος
441 1365 515 1419 τήν
529 1366 728 1421 κεφαλήν·
759 1368 867 1422 φάλα
882 1369 956 1424 γάρ
990 1367 1139 1422 κόσμος
1156 1373 1224 1418 τίς.

431 1422 527 1476 Pag.
567 1429 659 1467 106·
692 1429 755 1468 10.
802 1425 978 1478 εὕριρος]
1019 1429 1103 1466 Ser.
1149 1425 1327 1479 εὔρινος,
1366 1427 1425 1465 uti
1461 1427 1602 1465 Noster
1643 1424 1763 1464 habet

321 1477 488 1529 ubique3
517 1493 589 1531 pro
611 1494 688 1531 quo
723 1482 817 1523 Isac.
849 1482 1097 1534 Porphyrog.
1137 1481 1269 1537 εὕριν,
1302 1483 1425 1533 magis
1448 1483 1612 1521 Graece.

431 1534 530 1588 Pag·
565 1539 655 1578 106.
688 1541 752 1579 12.
791 1535 1182 1592 μακροχαράκτηρος]
1222 1553 1295 1591 pro
1326 1538 1407 1577 hoc
1445 1539 1542 1577 [sac.
1582 1536 1762 1589 Porphy-

322 1603 406 1639 rog.
433 1589 570 1639 habet,
608 1592 962 1648 μακροπρόσωποςς
993 1596 1099 1646 quod
1122 1595 1233 1635 vocis
1258 1595 1376 1648 hujus
1401 1594 1762 1647 interpretationem

318 1653 490 1684 nostram
512 1647 728 1689 confirmat.

430 1701 532 1741 Ibid.
588 1706 792 1757 γελασίνας
813 1705 952 1758 ἔχουσα
979 1705 1022 1747 ἐν
1048 1710 1134 1755 ταῖς
1164 1706 1371 1758 παρειαῖς]
1405 1706 1508 1744 forte
1539 1705 1762 1756 legendum,

318 1759 557 1811 γελασίνους.
615 1765 818 1803 Γελασῖνοι
840 1763 933 1800 dicti
952 1769 1044 1800 sunt
1069 1777 1189 1813 rugae
1211 1765 1293 1801 sive
1322 1762 1473 1801 surculi
1502 1762 1583 1810 illi,
1613 1761 1679 1812 qui
1703 1761 1762 1798 ri-

319 1815 493 1853 dentium
519 1817 560 1853 in
579 1831 646 1855 ore
668 1818 780 1859 fiunt.
839 1819 947 1860 Suid.
972 1822 1203 1872 γελασίνοις.
1238 1823 1433 1874 γραμμαῖς
1449 1823 1536 1867 ταῖς
1554 1818 1596 1858 ἐκ
1613 1821 1685 1858 τοῦ
1702 1831 1761 1870 γε·

320 1873 393 1909 actv
410 1872 650 1924 γενομέναις.
709 1875 876 1913 Martial.
898 1876 966 1914 lib.
990 1879 1028 1917 7.

534 1927 618 1968 Nec
639 1928 746 1968 cibus
766 1932 845 1983 ipse
858 1933 989 1983 juvat,
1020 1946 1148 1970 morsu
1158 1927 1381 1983 fraudatus
1403 1930 1529 1969 aceti.-

536 1983 620 2023 Nec
637 1996 754 2037 grata
772 1997 825 2024 est
840 1986 998 2042 facies,
1033 1989 1096 2026 cui
1117 1987 1310 2036 gelasinus
1331 1985 1449 2024 abest.

321 2037 420 2076 Isac.
441 2038 736 2091 Porphyrogen.
759 2042 900 2090 habet,
932 2044 1138 2095 γελασίνας
1159 2042 1299 2093 ἔχουσα
1315 2039 1386 2089 τοὶς
1402 2036 1578 2094 παρειάς.

431 2091 532 2145 Pag.
566 2099 658 2137 106.
689 2101 752 2139 19.
799 2096 919 2150 λευκὴ
948 2095 1098 2149 πάνυ,]
1137 2099 1210 2136 ista
1246 2098 1354 2150 apud
1389 2098 1486 2137 Isac.
1511 2095 1758 2147 Porphyrog.

322 2148 421 2186 mala
445 2149 760 2201 interpunctione
787 2155 988 2204 laborant3
1033 2154 1196 2205 legenda
1229 2161 1320 2192 sunt
1353 2153 1486 2205 itaque
1513 2151 1590 2190 hoc
1625 2152 1760 2199 modo,

320 2202 440 2256 λευκή
463 2201 591 2255 πάνυ,
621 2204 827 2260 εἷνδρώδης
842 2208 916 2262 τήν
934 2207 1091 2251 πλάσιν.

438 2263 529 2312 Pag.
562 2265 653 2304 107.
684 2267 719 2305 1.
747 2264 884 2312 καθώς
912 2265 936 2305 ό
958 2263 1187 2316 σοφώτατος
1212 2264 1379 2316 Δίκτυς]
1411 2263 1760 2302 Characterismata

323 2317 513 2367 quaedam
540 2317 790 2369 Graecorum,
821 2328 859 2358 et
877 2322 1154 2373 Trojanorum,
1183 2322 1328 2360 nostris
1344 2321 1438 2359 licet
1454 2333 1594 2371 parum
1614 2319 1757 2368 affinia,

321 2373 427 2423 apud
441 2374 615 2412 Daretem
639 2375 848 2427 Phrygium
868 2377 1087 2418 habentur:
1107 2386 1146 2417 at
1162 2379 1203 2416 in
1220 2378 1334 2428 Dicty
1347 2376 1535 2422 Cretensi,
1556 2377 1624 2426 qui
1643 2374 1760 2414 hodie

321 2435 453 2477 extat,
491 2430 547 2466 nil
570 2429 794 2483 hujusmodi
826 2433 1037 2472 invenitur.
1095 2435 1210 2486 Dicty
1244 2447 1336 2484 ergo
1365 2433 1442 2470 alio
1470 2444 1565 2469 usus
1602 2431 1760 2470 videtur

319 2485 447 2522 Autor
474 2491 614 2526 noster.
767 2521 771 2525 .

429 2539 524 2593 Pag.
555 2546 647 2585 107.
679 2547 745 2586 12.
773 2542 1020 2596 Αγαμέμνων
1039 2542 1128 2592 υἱὸς
1156 2543 1333 2597 Ατρὲως]
1362 2543 1485 2581 Immo
1510 2542 1618 2581 Atrei
1638 2555 1759 2593 nepos

319 2601 403 2633 erat
433 2599 712 2648 Agamemnon,
753 2599 959 2639 Plisthenis
990 2613 1084 2638 vero
1120 2600 1245 2650 filius;
1283 2599 1343 2637 uti
1376 2613 1496 2651 supra
1526 2600 1758 2637 monuimus.

319 2651 439 2697 Quod
456 2653 595 2691 mirum
617 2661 676 2692 est
693 2670 775 2694 non
809 2655 1023 2694 advertisse
1045 2657 1255 2695 Auctorem
1281 2662 1475 2706 nostrum,
1507 2655 1540 2693 si
1559 2654 1676 2694 modo
1692 2667 1759 2693 eo-

318 2706 403 2744 dem
427 2709 493 2758 qui
510 2708 628 2747 hodie
649 2718 756 2751 extat
776 2714 890 2763 Dicty
909 2712 1079 2750 Cretensi
1102 2725 1196 2749 usus
1218 2718 1288 2751 est.

429 2766 524 2816 Pag-
562 2768 652 2808 107.
685 2771 749 2810 13.
791 2766 1019 2817 Μενέλαος,
1059 2767 1126 2808 καὶ
1155 2765 1353 2820 Λήιστος]
1397 2768 1606 2805 Peneleum
1645 2765 1757 2828 illum

316 2825 433 2857 vocat
454 2820 603 2872 Dictys,
661 2824 737 2862 Sed
758 2838 829 2863 nec
851 2826 891 2862 in
911 2825 1069 2864 navium
1091 2838 1255 2864 numero
1278 2838 1367 2863 cum
1388 2831 1525 2863 nostro
1545 2827 1739 2873 convenit.
