1838 3230
289 172 387 218 600
780 147 1240 215 ANNOTATIONES

397 280 494 335 Pag.
523 282 615 325 325.
648 285 686 324 7
730 281 796 334 ἔτη
816 279 887 335 ις’]
918 283 1130 336 Eutropius
1152 284 1353 325 Constanti
1368 285 1582 339 Imperanti
1604 298 1724 358 anuos

287 336 428 375 tribuit
444 351 548 387 xvu3
558 337 795 403 scriptores
813 345 940 377 tamen
957 340 1022 378 alii
1040 354 1134 380 xm·
1164 347 1233 380 aut
1251 355 1328 384 Χιῐ.
1347 348 1512 382 tantum.

398 390 501 432 Ibicl.
556 389 662 440 ὅστις
690 391 944 446 ἆρῤωστήσας
973 391 1053 436 awo*
1077 398 1347 451 δυσσεντερίας
1377 395 1585 449 {nieuw-J
1615 397 1728 437 vale-

287 446 423 485 tudine
451 447 607 499 quidem
633 462 772 500 parum
788 463 975 502 prospera
1002 465 1092 490 usus
1115 458 1172 491 est
1195 454 1405 502 Constans,
1432 460 1478 493 ut
1499 453 1566 506 qui
1587 453 1726 493 morbo

288 503 487 541 articulari
515 503 709 542 obnoxius
736 512 835 544 erat:
875 518 932 544 ex
948 519 1026 558 quo
1056 513 1185 546 tamen
1210 523 1287 547 non
1311 482 1479 548 inte'riit:
1515 509 1727 560 Magnentii

287 558 388 596 enim
410 559 577 596 factione
611 561 764 599 occisus
797 567 875 611 est,
915 562 956 600 in
975 569 1100 601 castro
1130 564 1192 601 cui
1216 565 1384 604 Helenae
1413 578 1576 614 nomen,
1617 563 1727 604 haud

286 613 403 664 longe
426 615 473 653 ab
493 614 697 667 Hispania,
729 618 864 656 aetatis
897 632 997 656 anno
1017 632 1114 657 ΧΧΧ.
1141 620 1220 670 uti,
1249 627 1405 673 praeter
1430 627 1631 671 nostrum,
1660 620 1727 660 alii

288 682 434 712 omnes.

397 725 494 779 Pag.
525 727 617 769 325
650 731 713 769 10.
763 727 828 781 ε’τη
854 724 898 768 λ’.
910 728 925 780 ]
964 730 1210 768 Constantius
1241 731 1336 769 obiit
1364 744 1479 771 xxiv.
1506 745 1607 770 anno
1637 735 1729 784 post

288 782 583 821 Constantinum
606 789 758 834 patrem
778 791 992 823 mortuum.
1021 786 1130 823 annis
1150 793 1275 825 autem
1295 800 1348 826 ιν.
1370 793 1459 825 ante
1476 794 1640 826 mortem
1660 799 1728 839 pa-

287 838 359 875 tris
378 838 429 875 ad
444 852 605 889 regnum
627 847 841 890 provectus
861 847 936 879 est:
967 847 1064 880 teste
1081 842 1333 893 Hieronymo.
1388 842 1489 881 Anni
1503 842 1635 894 itaque
1653 843 1726 880 im-

286 894 388 944 petii
407 894 490 945 ejus
511 909 644 933 omnes
665 902 757 934 sunt
775 909 929 934 xxvm:
965 897 1133 948 ideoque
1153 897 1220 935 ubi
1242 898 1349 950 apud
1368 898 1599 964 Eutropium
1629 897 1728 936 dici-

286 955 377 999 tur,
407 951 673 989 Constantium
693 952 833 990 obiisse
850 966 953 991 anno
971 953 1121 1006 imperii
1143 963 1278 993 octavo
1297 963 1333 992 et
1351 955 1557 1006 trigesimo,
1586 954 1729 1005 legeu-

288 1005 405 1055 dum,
433 1017 570 1046 octavo
592 1016 626 1045 et
648 1008 843 1059 vigesimo.

399 1064 614 1120 Pag.325.
648 1067 713 1104 10.
744 1062 1033 1114 Εξακιονίτης.]
1062 1064 1120 1102 Ita
1140 1065 1253 1103 etiam
1272 1064 1385 1112 infra,
1404 1064 1473 1102 lib.
1487 1063 1551 1106 15.
1571 1063 1620 1102 de
1638 1066 1730 1102 Ata-

288 1117 460 1156 laricho:
498 1121 552 1170 ἡν
582 1117 625 1158 δὲ
653 1117 844 1170 Αρειανὸς
871 1123 924 1174 τῷ
951 1116 1136 1173 δόγματι,
1167 1117 1191 1160 ὅ
1220 1120 1344 1170 ἐστιν,
1374 1120 1636 1172 ἑξακιονίτης·
1663 1133 1728 1171 ap.

290 1172 384 1212 Chr.
408 1174 522 1212 Alex.
545 1174 751 1220 scribitur,
781 1175 1046 1226 ἐξωκιονίτης,
1075 1177 1243 1225 Γεείίιιε,
1272 1182 1318 1214 ut
1346 1176 1402 1214 Jo.
1428 1176 1590 1214 Meursio
1620 1175 1730 1213 vide-

288 1235 368 1276 tur,
398 1229 467 1279 qui
488 1228 723 1280 ἐξωκιὸνιον,
742 1231 1015 1269 Monasterium
1036 1231 1153 1270 fuisse
1169 1205 1294 1283 puiat,
1322 1231 1440 1282 idque
1460 1231 1731 1270 Arrianorum:

291 1284 401 1335 quod
421 1297 471 1322 ex
491 1285 552 1322 his
573 1287 703 1323 Nostri
725 1287 823 1324 locis
850 1287 1072 1325 confirmari
1093 1289 1261 1326 videtur.
1319 1289 1394 1326 Pro
1413 1287 1616 1337 quibusvis
1633 1296 1730 1325 vero

290 1340 467 1378 Arrianis
486 1341 724 1379 vocabulum
750 1341 827 1379 hoc
844 1348 982 1393 postea
1001 1343 1174 1393 positum
1200 1343 1320 1382 fuisse
1339 1343 1515 1381 videtur:
1545 1342 1648 1381 unde
1669 1343 1731 1381 le-

291 1397 417 1445 gimus
441 1397 546 1447 apud
573 1396 664 1434 Chr.
696 1398 806 1437 Alex.
836 1397 1096 1435 Theodosium
1119 1399 1215 1449 imp.
1236 1399 1379 1450 templa
1405 1398 1616 1436 Catholicis
1642 1398 1730 1436 red-

293 1452 456 1498 didisse,
482 1452 661 1491 Numeris
686 1452 933 1492 Exocionins
952 1452 1090 1506 ubique
1109 1451 1303 1505 eaepulsis,
1334 1450 1528 1502 διώξαντα
1543 1453 1582 1503 ἐξ
1600 1449 1730 1494 αὐτῶν

291 1522 386 1554 τους
403 1508 636 1561 λεγομένους
653 1505 851 1560 ἀριθμούς
870 1510 1154 1557 Εξωκιωνίτας.

409 1566 503 1615 Peg
532 1566 729 1606 325.12
773 1561 1134 1630 Αββουραρσᾶκιος
1150 1562 1171 1605 ὅ
1201 1560 1419 1617 βασιλευς.]
1458 1564 1729 1615 Scribeudum,

292 1616 694 1672 Σαββουραρσακιος,
736 1619 816 1657 sive
845 1616 1229 1672 Σαββουραρσάκης,
1258 1620 1318 1658 uti
1344 1620 1512 1658 habetur
1539 1620 1659 1669 infra,
1688 1622 1730 1658 in

292 1674 456 1712 Juliano.
516 1675 783 1727 Compositum
804 1689 899 1714 vero
919 1676 1154 1714 vocabulum
1174 1681 1244 1726 est,
1274 1677 1381 1726 quod
1399 1675 1629 1743 disjunctim
1637 1676 1730 1726 legi-

293 1737 380 1782 tur,
410 1726 558 1779 Σαπωο
583 1728 788 1783 Αρσὰκης,
817 1731 860 1768 id
877 1737 947 1779 est,
979 1731 1107 1784 Sapor
1123 1730 1239 1781 Rex,
1269 1732 1474 1770 Persarum
1498 1731 1580 1771 scil.
1604 1727 1730 1784 ἀρσά-

292 1801 367 1838 κης
387 1786 499 1834 enim,
529 1785 624 1825 Rex
642 1794 773 1825 sonat:
803 1787 860 1825 uti
878 1801 994 1838 supia
1017 1788 1142 1825 edocti
1163 1801 1308 1837 summ,
1342 1787 1409 1827 lib.
1429 1787 1498 1825 XI.

403 1841 498 1893 Pag-
526 1845 620 1884 326.
653 1846 688 1885 1.
734 1840 1010 1891 Κωνστάντιος
1031 1842 1256 1895 ἐπέραιστον
1289 1839 1435 1894 οἷκον.]
1476 1843 1558 1880 Sor.
1587 1839 1729 1894 ἐπήρα-

292 1912 372 1936 τον.
421 1898 624 1936 Caeterum
645 1912 781 1936 versus
796 1898 839 1936 hi
859 1898 965 1936 haud
984 1899 1066 1937 sani
1081 1906 1182 1940 sunt.
1238 1899 1354 1936 Forte
1371 1898 1587 1948 legendum,
1617 1901 1729 1937 Κων-

295 1957 509 2002 σταντῖνος,
537 1960 581 1991 ut
601 1960 639 1992 et
655 1967 773 1992 versu
791 1955 906 1993 tertio
926 1955 1240 2004 Κωνσταντίνου,
1268 1954 1328 1992 uti
1347 1954 1460 1992 metri
1478 1954 1579 1991 ratio
1597 1959 1730 2004 postu-

293 2008 374 2045 lare
394 2008 563 2046 videtur.
621 2010 895 2048 Constantinus
923 2011 1023 2048 enim
1045 2011 1205 2061 Magnus
1224 2010 1436 2048 Ecclesiam
1453 2009 1555 2046 hanc
1571 2007 1726 2046 inchoa-

293 2064 371 2108 vit,
401 2064 688 2127 maximamque
709 2067 791 2118 ejus
810 2072 959 2117 partem
981 2067 1171 2104 absolvit:
1200 2066 1261 2103 cui
1284 2065 1439 2104 tandem
1459 2064 1530 2102 sub
1543 2065 1726 2102 Constan-

293 2118 351 2155 tio
370 2119 411 2156 F.
431 2119 481 2156 ad
503 2121 651 2158 exitum
670 2123 922 2188 perductae,
925 2122 997 2160 ista
1020 2122 1206 2172 inscripta
1226 2127 1327 2161 sunt

404 2177 502 2240 Pag-
533 2179 624 2218 326
660 2180 699 2218 2.
741 2193 1027 2229 πανφανοεντα.
1040 2180 1053 2229 ]
1093 2179 1215 2228 Lego,
1258 2170 1559 2229 παμφανόωντα.
1615 2174 1727 2213 Hom.

498 2282 675 2337 Ἁρματα
692 2285 730 2328 δ’
748 2287 902 2327 έκλιναν
921 2287 1020 2339 πρὸς
1045 2286 1191 2328 ε’νωπια
1209 2282 1515 2351 παμφανόωντα.

394 2343 505 2404 Pag.
535 2345 628 2384 326·
657 2342 694 2385 4·
740 2339 901 2394 θαλάμη
929 2341 1080 2394 πόλον.]
1111 2345 1232 2392 Lego,
1261 2337 1553 2392 θαλαμηπόλος.
1609 2343 1729 2380 θαλα-

296 2392 486 2447 μηπόλος,
516 2398 583 2447 qui
604 2397 706 2436 circa
723 2398 945 2436 cubiculum
964 2404 1155 2447 versatur,
1186 2397 1467 2434 Cubicularius.

409 2455 500 2503 Pvg·
532 2456 624 2494 326
656 2457 719 2495 10.
772 2456 852 2493 Τοῦ
891 2451 1086 2505 Πυρᾶμου
1115 2453 1322 2504 ποταμοῦ]
1360 2453 1620 2518 Leucosyrusu
1636 2451 1728 2490 olim

297 2507 423 2544 dictus
445 2514 513 2555 est,
543 2513 641 2546 teste
660 2508 878 2575 Stephano:
911 2507 1114 2573 Πύραμος,
1143 2505 1316 2559 ποταμός
1333 2507 1374 2547 ἐν
1397 2504 1550 2563 Mamm
1571 2508 1641 2558 τῆς
1661 2509 1729 2546 Κι-

296 2564 434 2609 ἶικίας.
491 2563 558 2602 ἐκτ..
562 2567 660 2604 λεΐτο
677 2563 719 2604 δὲ
738 2561 924 2617 πρότερον
942 2561 1200 2616 Λευκὸσυοος.

411 2621 503 2669 Pog-
533 2621 628 2661 326
663 2624 727 2662 11
773 2617 978 2660 Εἰσελθων
1009 2619 1051 2658 ἐν
1072 2617 1392 2672 Μαμψουεστία]
1420 2618 1503 2657 Scr.
1535 2619 1730 2667 Μοψουε·

298 2673 394 2727 orla.
451 2674 691 2724 Stephanus·
731 2672 890 2726 Μόψου
918 2674 1044 2730 ἑστία,
1076 2675 1274 2720 Κιλικίας,
1302 2673 1366 2712 ἐπὶ
1387 2676 1440 2727 τῷ
1461 2668 1638 2738 Πυράμῳ
1661 2687 1731 2711 πο-

298 2731 426 2781 ταμῷ,
456 2725 533 2768 nimi
554 2726 714 2778 Μόψου
740 2747 809 2770 του
833 2727 1015 2782 μάντεως.
1074 2730 1172 2767 Urbs
1203 2728 1301 2766 haec
1321 2729 1435 2766 etiam
1454 2725 1610 2775 Μόψου
1630 2723 1732 2792 novin

299 2799 365 2823 ναι.
383 2784 488 2821 dicta
507 2790 582 2822 est:
629 2786 788 2826 Cedren.
810 2787 846 2824 in
870 2785 1111 2824 tonstantioz
1156 2800 1220 2825 και
1242 2782 1370 2826 ἐλθων
1401 2784 1443 2825 ἐν
1462 2779 1622 2835 Μόψου
1641 2778 1731 2835 κρή-
