1838 3230
306 170 401 216 186
697 164 980 209 lOANNIS
1009 166 1347 211 MALALAE

297 285 364 327 καὶ
383 281 590 341 κρατήσας
610 281 730 326 πάλιν
749 287 821 338 τῆς
844 281 1000 340 Ῥώμης
1019 283 1040 328 ὃ
1060 286 1265 328 Μαλλίων
1281 289 1562 338 Καπιτωλῖνος
1590 287 1744 339 εῧθέως

148 361 182 395 O
203 362 274 398 237
296 350 484 408 ἐλυπήθη
507 351 574 394 διὰ
592 351 667 407 τὴν
689 349 929 408 παράληψιν
957 357 1030 408 τῆς
1055 352 1208 404 πόλεως
1233 352 1389 410 Ῥώμης
1423 357 1489 398 καὶ
1519 356 1593 412 τὴν
1623 355 1745 414 ὕβριν

242 430 275 464 Ε
299 422 365 464 καὶ
393 420 465 475 τὴν
494 414 621 475 ἧτταν
656 417 876 473 Ῥωμαίων.
959 422 1001 463 ἐν
1036 422 1080 464 δὲ
1117 426 1175 480 τῷ
1206 423 1402 481 λεγομένῳ
1436 425 1534 478 μηνὶ
1563 422 1742 484 ἑξτιλλίῳ

295 493 369 532 τοῦ
399 488 526 531 αὐτοῦ
545 487 674 542 μηνὸς
704 487 778 537 τὰς
806 485 959 545 ἡμέρας
981 487 1247 543 ἐκολόβωσεν,
1286 488 1341 540 ὥς
1369 492 1657 535 ὃυσοιωνίστου
1675 508 1742 548 γε-

291 558 460 612 νομένου
480 560 531 613 τῇ
554 553 665 598 πόλει
682 553 841 613 Ῥώμῃ,
889 555 1152 614 ἀποχαρᾶξας
1173 560 1239 600 καὶ
1257 558 1304 601 τὸ
1325 557 1455 613 ὄνομα
1472 558 1599 603 αὐτοῦ
1609 592 1624 612 ,
1658 572 1775 616 μη-5

291 625 373 668 κε’τι
404 628 618 667 καλεῖσθαι
654 622 795 674 οὕτως.
882 625 1042 680 συσχιὺν
1082 626 1126 668 δὲ
1164 628 1230 668 καὶ
1266 626 1337 669 τὸν
1376 627 1638 683 συγκλητικὸν
1669 628 1741 671 τὸν

291 692 442 749 ἐχθρὸν
475 692 602 734 αὐτοῦ
611 725 624 744 ,
660 692 731 735 τὸν
760 691 1120 736 κατασκευάσαντα
1152 694 1285 753 αὐτῷ,
1323 692 1492 749 ὀνόματι
1525 694 1742 752 Φεβρουά-

292 779 378 818 ριον
388 793 402 813 ,
441 760 511 803 τὸν
530 762 596 802 καὶ
614 759 839 816 ποιήσαντα
861 760 985 803 αὐτὸν
1007 762 1255 817 ἐκβληθῆναι
1274 762 1349 812 ἔξω
1370 767 1443 818 τῆς
1461 760 1614 813 πόλεως
1641 762 1742 806 Ῥώ-

290 846 396 883 μης,
435 830 502 871 καὶ
528 826 663 871 πάντα
683 829 734 871 τὰ
752 828 879 871 αὐτοῦ
897 827 1166 885 ἀφελόμενος,
1204 830 1355 880 εὐθέως
1373 830 1430 873 ἐπ’
1452 830 1594 885 ὄψεσιν
1613 831 1740 875 αὐτοῦ

291 895 501 954 ε’ρρόγευσε
529 902 587 956 τῷ
618 895 781 940 ἐλθόντι
813 889 979 955 στρατῷ
996 897 1082 952 μετ’
1112 897 1239 940 αὐτοῦ
1262 901 1317 948 εἷς
1344 900 1544 954 ἐκδίκησιν
1570 904 1643 954 τῆς
1662 897 1738 943 πό·
1752 911 1796 946 10

170 975 201 1007 V
225 977 269 1012 79
293 970 391 1015 λεως
415 963 593 1020 Ῥιίμης,
640 963 942 1022 προσφωνήσας
971 971 1023 1023 τῇ
1053 963 1262 1024 συγκλήτῳ
1294 968 1362 1009 καὶ
1394 971 1452 1025 τῷ
1486 972 1647 1026 στρατῷ
1678 967 1740 1011 ὅτι

292 1028 413 1083 οὗτος
430 1034 473 1076 ἐκ
494 1033 631 1089 γε’νους
656 1035 740 1076 ε’στὶ
765 1037 846 1076 τῶν
865 1032 1055 1087 Γάλλων,
1092 1032 1148 1084 ὥς
1171 1036 1238 1077 καὶ
1256 1032 1369 1089 ὖμεΐς
1385 1035 1606 1078 ἐπίστασθε
1614 1068 1628 1088 ,
1665 1035 1740 1079 κά·-

293 1103 446 1151 κείνους
491 1103 656 1144 ἐκδικῶν
699 1099 967 1144 κατεσκεύασέ
995 1120 1078 1156 μοι.
1151 1101 1226 1157 ἔχει
1266 1104 1310 1145 δὲ
1349 1104 1416 1145 καὶ
1457 1104 1740 1161 ἐνυβρισμὲνον

293 1172 385 1224 βίον
399 1184 408 1193 ·
445 1169 528 1212 ἔστι
556 1170 634 1226 γὰρ
654 1171 851 1222 κίναιδος,
887 1174 953 1212 καὶ
972 1170 1045 1213 οὐκ
1070 1172 1190 1227 ἐχρῆν
1219 1170 1344 1214 αὐτὸν
1365 1173 1483 1215 οἰκεῖν
1504 1172 1545 1214 ἓν
1564 1176 1614 1229 τῇ
1641 1170 1740 1214 Ῥώ-

291 1257 372 1295 μῃ,
409 1237 514 1280 ἀλλὰ
538 1238 620 1295 χρὴ
652 1240 900 1293 ἐκβληθῆναι
930 1238 1054 1281 αὐτὸν
1084 1239 1236 1293 ἀτίμως
1270 1241 1336 1281 καὶ
1363 1240 1404 1281 ἓν
1430 1244 1481 1297 τῇ
1509 1239 1636 1282 αὐτοῦ
1656 1242 1735 1296 ζωῇ
1751 1254 1793 1289 15

294 1307 569 1363 ἀφαιρεθῆναι
602 1306 648 1348 τὸ
682 1302 810 1359 ὄνομα
853 1305 980 1348 αὐτοῦ
1014 1309 1080 1348 καὶ
1123 1310 1299 1362 δοθῆναι
1341 1306 1465 1349 αὐτὸν
1502 1309 1557 1357 εἷς
1586 1310 1738 1350 θυσίαν

290 1382 378 1424 τοΐς
395 1376 681 1429 καταχθονίοις
700 1379 823 1423 θεοῖς.
878 1376 943 1415 καὶ
963 1373 1176 1431 συνῄνεσεν
1196 1373 1221 1429 ἡ
1242 1372 1464 1430 σύγκλητος
1483 1374 1586 1418 καὶὸ
1610 1377 1738 1433 στρα-

289 1442 381 1493 τός·
434 1445 501 1485 καὶ
527 1442 679 1492 εὐθέως
705 1440 950 1499 ἀφελόμενος
979 1442 1104 1484 αὐτοῦ
1139 1442 1254 1492 ἀξίαν
1289 1442 1485 1485 ἀπέδυσεν
1513 1443 1638 1486 αὐτὸν
1665 1460 1737 1499 γυ-

286 1510 390 1564 μνόν
402 1544 415 1564 ,
452 1513 518 1553 καὶ
546 1509 798 1568 περιειλήσας
820 1510 944 1552 αὐτὸν
969 1512 1130 1564 ψίαθον
1149 1512 1214 1552 καὶ
1239 1508 1461 1567 περιζώσας
1480 1510 1603 1554 αὐτὸν
1623 1518 1737 1566 σχοῖ-

141 1595 174 1627 0
197 1594 265 1629 233
290 1597 360 1622 νον
379 1577 603 1633 μάσσινον,
642 1580 795 1628 ἐπιθεὶς
815 1578 861 1621 τὸ
884 1577 1012 1632 ὄνομα
1033 1583 1106 1621 τοῦ
1133 1579 1257 1620 αὐτοῦ
1289 1583 1552 1637 συγκλητικοῦ
1585 1579 1643 1621 δι’
1670 1581 1792 1635 ἒγ-ρο

289 1646 451 1704 γράφου
479 1645 736 1703 προστάξεως
767 1646 892 1689 αὐτοῦ
928 1651 985 1705 τῷ
1020 1648 1118 1701 μηνὶ
1150 1651 1208 1704 τῷ
1237 1645 1439 1705 ἑξτιλλίῳ,
1475 1644 1646 1702 ποιήσας
1672 1648 1738 1690 λε’-

241 1735 270 1769 B
294 1721 441 1771 γεσθαι
462 1716 533 1757 τὸν
556 1715 678 1758 αὐτὸν
706 1719 815 1770 μῆνα
836 1716 877 1765 ἒξ
908 1716 1054 1757 ἐκείνου
1079 1712 1377 1771 Φεβρουάριον,
1415 1713 1470 1764 ὥς
1489 1714 1603 1766 ἀξίου
1623 1714 1740 1765 ὄντος

292 1789 364 1826 τοῦ
389 1782 588 1838 ὀνόματος
609 1788 681 1826 τοῦ
701 1783 828 1838 μηνὸς
847 1785 1133 1826 δυσοιωνίστου
1155 1785 1221 1824 καὶ
1244 1782 1412 1837 ἀτίμου,
1448 1781 1636 1833 κελεύσας
1654 1790 1739 1833 τοῖς

287 1850 543 1908 βερνάκλοις,
579 1851 688 1895 τοῦτ’
709 1853 793 1894 ἐστὶ
814 1849 1065 1909 περιπόλοις,
1100 1849 1362 1907 βαλισσήνοις
1388 1848 1557 1906 βάκλοις
1577 1849 1738 1894 τύπτειν

289 2004 563 2049 suffragantibus.
616 2004 761 2040 Manlius
789 2004 895 2049 igitur
917 2005 1127 2051 Capitolinus
1159 2005 1267 2040 Roma
1287 2016 1348 2039 sua
1369 2004 1490 2039 iterum
1511 2004 1655 2050 potitus,
1692 2006 1735 2039 ob

292 2050 383 2084 urbis
407 2051 558 2096 protinus
581 2049 787 2096 direptiones
810 2052 1099 2096 Romanorumque
1121 2051 1286 2085 victorum
1306 2050 1543 2095 ignominiam,
1579 2050 1737 2094 indigna-

292 2096 385 2130 tione
409 2103 588 2130 commotus
611 2100 672 2129 est.
719 2096 842 2132 Mensis
866 2109 946 2132 vero
966 2097 1102 2131 Sextilis
1124 2109 1242 2131 nomen
1264 2095 1429 2130 immutari
1449 2095 1581 2137 voluit3
1601 2101 1638 2130 et
1658 2101 1735 2130 tan—

290 2153 391 2186 quam
415 2141 526 2175 Rebus
555 2141 712 2175 Romanis
735 2142 896 2184 infausti,
939 2143 1067 2177 dierum
1091 2143 1162 2186 ejus
1194 2153 1364 2177 numerum
1386 2140 1587 2175 decurtavit.
1634 2141 1737 2176 Com-

293 2188 456 2232 prehenso
488 2186 610 2220 deinde
639 2187 827 2221 Februario
858 2192 1032 2230 senatore,
1069 2188 1201 2222 inimico
1232 2198 1309 2228 suo,
1348 2187 1409 2231 qui
1439 2186 1737 2221 machinationibus

291 2233 360 2266 suis
382 2238 502 2266 auctor
524 2232 609 2274 suit,
633 2238 672 2265 ut
694 2244 736 2265 ex
760 2234 843 2266 urbe
866 2234 1047 2277 ejiceretur
1070 2234 1235 2274 Manlius3
1266 2234 1355 2266 bona
1378 2233 1448 2276 ejus
1471 2232 1580 2267 omnia
1603 2232 1736 2277 diripit,

291 2278 465 2323 ipsiusque
494 2277 529 2311 in
551 2281 753 2323 conspectu,
788 2279 945 2313 militibus
977 2281 1062 2320 suis,
1107 2278 1163 2324 qui
1184 2278 1278 2313 urbis
1300 2278 1428 2312 Romae
1447 2278 1605 2312 ultionem
1626 2290 1736 2311 secum

290 2326 519 2365 advenerant,
556 2323 736 2358 distribuit.
794 2325 954 2358 Senatum
978 2337 1080 2370 porro
1109 2324 1359 2368 exercitumque
1382 2323 1432 2357 liis
1454 2323 1596 2363 affatum
1634 2323 1737 2364 „Fe—

293 2369 462 2410 bruarius,
484 2369 605 2414 inquit,
628 2369 692 2403 iste
715 2380 735 2402 a
759 2369 868 2403 Gallis
890 2371 1050 2404 oriundus
1073 2375 1135 2411 est,
1158 2370 1208 2404 uti
1230 2380 1291 2404 vos
1315 2370 1422 2414 probe
1445 2367 1566 2402 nostis:
1596 2379 1735 2412 quorum

290 2415 394 2448 etiam
417 2415 451 2448 in
475 2415 656 2449 vindictam
687 2414 753 2449 ista
775 2415 810 2448 in
840 2427 891 2448 me
915 2416 1122 2450 machinatus
1146 2421 1205 2450 est.
1254 2415 1326 2448 Sed
1349 2419 1386 2448 et
1418 2415 1522 2447 vitam
1544 2412 1616 2456 agit
1637 2413 1735 2457 igno-

288 2460 482 2494 miniosamt
526 2465 578 2495 est
613 2459 697 2495 enim
720 2460 908 2502 Cinaedus3
955 2473 1017 2494 nec
1040 2462 1074 2495 in
1106 2463 1190 2495 urbe
1213 2461 1320 2494 Roma
1350 2460 1475 2502 degere
1503 2459 1580 2502 jure
1611 2462 1735 2503 potest.

290 2506 384 2546 Quin
407 2505 519 2551 potius
543 2506 698 2550 ejiciatur
718 2505 901 2550 inglorius,
932 2518 1118 2550 nomenque
1141 2508 1231 2551 ejus,
1266 2506 1365 2539 etiam
1388 2505 1525 2538 vivente
1546 2504 1639 2548 ipso,
1675 2505 1734 2538 de-

289 2551 414 2586 leatur.
460 2551 528 2585 Vos
552 2563 635 2586 vero
658 2551 764 2596 ipsum
782 2551 854 2584 Diis
880 2552 1034 2586 Manibus
1057 2553 1261 2586 devovete.“
1308 2552 1484 2585 Annuente
1506 2556 1636 2591 senatu,
1661 2561 1735 2583 cum

288 2598 462 2638 exercitu,
497 2596 700 2631 Februarius
722 2596 836 2631 statim
858 2596 1039 2641 insignibus
1063 2597 1213 2631 omnibus
1237 2600 1358 2630 exutus
1380 2600 1451 2636 est,
1485 2596 1659 2639 nudusque
1681 2596 1735 2628 fu-

288 2647 374 2676 ctus.
434 2642 522 2675 Tum
556 2655 637 2677 vero
670 2648 784 2677 storea
818 2642 970 2676 indutum
1011 2643 1227 2686 funiculoque
1259 2641 1506 2686 praecinctum,
1547 2639 1734 2674 vernaculis

287 2698 383 2729 eum,
418 2687 491 2721 sive
515 2688 777 2723 Excubitoribus
809 2687 1044 2728 tradiderunt,
1086 2688 1137 2721 uti
1159 2687 1265 2732 virgis
1288 2687 1487 2728 caedentes,
1530 2686 1734 2719 ciamarent=

290 2733 356 2765 lca-i
378 2734 562 2767 Fcbruari:
585 2733 675 2778 quod
700 2733 840 2768 Graecis
861 2733 950 2767 idem
973 2738 1043 2774 est,
1069 2745 1110 2767 ac
1131 2732 1159 2766 si
1183 2732 1330 2774 diceres,
1358 2732 1444 2779 ἔκβα
1467 2728 1736 2774 napitas-“At-

289 2789 357 2820 que
389 2779 475 2811 hunc
505 2778 541 2812 in
571 2779 702 2813 modum
731 2783 866 2814 senator
896 2778 960 2813 iste
984 2779 1212 2820 Februarius,
1253 2779 1379 2821 ejectus
1402 2790 1445 2812 ex
1469 2778 1576 2818 urbe,
1619 2775 1734 2821 periit,

287 2823 362 2857 Diis
384 2823 541 2859 Manibus
565 2826 738 2861 Sam-atus.
785 2825 939 2861 Cavebat
961 2825 1062 2861 etiam
1082 2825 1204 2860 Edicto
1228 2823 1390 2867 Manlius,
1414 2828 1451 2859 ut
1473 2822 1597 2858 Mensis
1619 2820 1736 2856 Sexti-
