1838 3230
214 203 216 205 ’
264 197 364 245 244
664 190 958 236 IOANNIS
987 193 1326 237 MALALAE

265 308 622 365 ταῦτα”,-Πόντοος
645 308 711 353 καὶ
735 307 926 366 Οὖάριος,
953 310 1018 352 2⁷12
1038 311 1085 354 τὸ
1108 312 1174 354 καὶ
1194 308 1410 368 φυλάττειν
1430 310 1504 366 τὴν
1519 306 1636 354 πόλιν
1653 313 1722 354 καὶ

267 384 400 425 κτίσαι
428 381 556 434 αὐτὴν
584 381 626 422 ἐκ
651 383 732 422 τῶν
760 379 1112 435 φιλοτιμηθέντων
1143 377 1222 422 ὑπὸ
1253 385 1325 422 τοῦ
1357 380 1483 422 αὐτοῦ
1506 370 1720 433 βασιλῖωςρ

267 448 462 498 ὡσαύτως
482 449 526 490 δὲ
547 449 612 490 καὶ
631 448 673 489 ἐκ
692 451 774 489 τῶν
798 448 909 489 ῗδίων
928 447 1063 490 αὐτῶν
1084 455 1304 503 παρασχεῖν
1325 452 1374 504 τῇ
1395 448 1500 504 αὐτῇ
1522 445 1634 490 πόλει
1652 438 1739 489 καὶ·

213 529 244 563 Β
269 520 386 560 οῗκεῒν
405 519 446 559 ἓν
466 516 583 571 αὐτῇ.
650 516 788 564 οἵτινες
810 514 941 557 πολλὰ
964 513 1069 557 πάνυ
1091 514 1290 569 οἷκήματα
1317 517 1360 557 ἐκ
1379 520 1461 558 τῶν
1481 517 1593 557 ῗδίων
1615 514 1720 558 ἔκτι-

265 602 344 628 σαν
357 599 367 609 ·
403 583 504 639 πρὸς
524 583 568 625 δὲ
588 589 672 632 τοῖς
690 581 880 637 οἰκήμασι
900 585 966 624 καὶ
988 583 1092 625 ἄλλα
1109 582 1228 625 πάλιν
1249 583 1407 626 ἔκτισαν
1428 584 1465 626 οἱ
1487 583 1601 624 αὐτοὶ
1622 599 1717 638 συγ-
1731 593 1753 628 5
1783 609 1786 612 -

266 653 444 707 κλητικοὶ
472 652 513 692 ἓν
541 655 592 706 τῇ
618 651 721 708 αὐτῇ
745 649 950 705 Ἀντιόχου
970 650 1083 694 πόλει
1101 653 1142 693 ἐκ
1164 656 1245 694 τῶν
1268 653 1379 694 ἰδίων
1404 652 1539 693 αὐτῶν
1555 648 1720 708 χρημά-
1747 674 1750 675 ’

268 738 366 772 των,
405 717 602 773 δημόσιον
619 719 791 776 λουτρὸν
807 719 910 774 με’γα
926 719 972 761 τὸ
993 717 1201 775 λεγόμενον
1222 717 1399 775 Οὖάριον
1417 718 1526 762 κάτω
1542 719 1655 775 παρὰ
1672 718 1720 761 τὸ

267 795 397 843 τεῖχος
415 787 585 841 πλησίον
606 792 678 830 τοῦ
697 791 883 841 ποταμοῦ
892 819 906 839 ,
944 787 1048 830 ἔνθα
1071 788 1137 828 καὶ
1162 787 1214 829 τὰ
1237 786 1437 841 οῗκήματα
1459 787 1595 829 αὐτῶν
1615 787 1721 829 ἔκτι-

269 872 348 899 σαν
370 856 540 910 πλησίον
562 861 634 898 τοῦ
655 856 878 911 δημοσίου,
915 857 981 898 καὶ
1003 856 1241 911 Τρίνυμφον
1259 855 1577 911 εὐπρεπέστατον
1595 852 1717 907 πάνυ,

267 922 545 978 κοσμήσαντες
574 924 675 966 αὐτὸ
709 922 936 979 ἀγάλμασιν
964 925 1020 973 εἷς
1037 923 1085 965 τὸ
1105 927 1448 978 γαμοστολεΐσθαι
1469 923 1543 973 τὰς
1564 923 1719 965 πολίτι-
1731 930 1776 964 10

268 996 346 1042 δας
374 992 608 1048 παρθένους
640 989 788 1041 πάσας.
861 993 926 1033 καὶ
954 993 997 1033 ἐκ
1022 995 1105 1033 τῶν
1127 992 1172 1032 δὲ
1194 991 1542 1047 φιλοτιμηθέντων
1563 988 1722 1046 ἀνήγει-

270 1078 346 1117 ραν
373 1061 505 1103 πολλὰ
534 1060 736 1115 κτίσματα
766 1061 807 1102 ἓν
826 1059 930 1115 αὐτῇ
950 1063 1031 1102 τῶν
1055 1059 1288 1114 Ἀντιοχέων
1307 1057 1440 1102 πόλει·
1477 1060 1544 1102 καὶ
1563 1058 1720 1112 ἔμειναν

269 1131 471 1176 οἶκοῢντες
495 1126 535 1169 ἔν
561 1128 665 1185 αὐτῇ
685 1132 736 1185 τῇ
754 1126 865 1170 πόλει
889 1127 927 1169 οἳ
950 1127 1067 1170 αὐτοὶ
1084 1129 1350 1182 συγκλητικοί.
1415 1126 1595 1177 καὶτοὺς
1617 1124 1721 1178 ὓπο-

267 1196 510 1253 λειφθέντας
529 1197 571 1238 δὲ
590 1195 788 1252 κτήτορας
810 1197 938 1246 ἀξίαις
958 1197 1143 1250 ἐτίμησεν
1162 1193 1183 1238 ὅ
1207 1195 1329 1245 αὐτὸς
1346 1194 1471 1246 Γάϊος
1487 1198 1666 1251 Καῖσαρ.

218 1272 249 1306 O
368 1263 468 1307 Ἀπὸ
489 1264 532 1306 δὲ
550 1269 622 1306 τοῦ
650 1262 813 1319 πρώτου
836 1264 950 1312 ἔτους
969 1267 1008 1305 Γ
1006 1266 1095 1305 α’ίου
1114 1264 1327 1320 Καίσαρος
1347 1263 1576 1321 παρῤησίαν
1593 1262 1721 1317 λαβὸν
1733 1270 1776 1305 15
1811 1267 1814 1269 ’

119 1342 153 1376 O
176 1340 245 1377 315
268 1331 362 1388 παρ’
397 1332 523 1374 αὐτοῦ
552 1331 599 1374 τὸ
629 1331 840 1389 Πράσινον
867 1331 990 1385 μέρος
1019 1330 1344 1387 ἐδημοκράτησεν
1369 1333 1411 1374 ἐν
1433 1336 1484 1388 τῇ
1498 1329 1633 1388 Ῥώμῃ
1654 1332 1721 1373 καὶ

268 1399 374 1444 κατὰ
395 1397 512 1442 πόλιν
531 1400 594 1441 ἐπὶ
611 1400 680 1456 ἔτη
711 1398 746 1455 γ’
781 1399 873 1455 ἄχρι
900 1403 974 1454 τῆς
991 1399 1198 1450 βασιλείας
1216 1399 1363 1442 αὐτοῦ·
1397 1399 1527 1456 ἔχαιρε
1547 1399 1624 1455 γὰρ
1644 1398 1721 1440 αὖ-

268 1475 367 1517 τοΐς.
438 1470 497 1525 τῷ
528 1468 572 1509 δὲ
604 1470 727 1526 τρίτῳ
752 1467 828 1510 ἔτει
851 1472 923 1521 τῆς
944 1468 1152 1520 βασιλείας
1172 1467 1299 1509 αὐτοῦ
1320 1467 1490 1522 ἔκραξαν
1508 1468 1549 1509 ἓν
1566 1467 1720 1510 Ἀντιο-

267 1537 359 1594 χείᾳ
386 1539 460 1589 τῆς
487 1537 640 1591 Συρίας
674 1537 712 1578 οἳ
745 1537 788 1578 ἐκ
817 1535 990 1578 Βενέτου
1021 1536 1170 1591 μέρους
1196 1539 1270 1588 τῆς
1304 1535 1429 1590 αὐτῆς
1456 1534 1609 1585 πόλεως
1634 1541 1722 1584 τοῖς

267 1601 423 1647 ,αὐτόθι
453 1606 679 1658 Πρασίνοις
706 1605 747 1647 ἓν
772 1608 831 1662 τῷ
858 1601 1046 1661 θεάτρῳ,
1086 1603 1245 1659 Καιρὸς
1275 1601 1411 1658 ἀνάγει
1444 1605 1510 1646 καὶ
1541 1601 1775 1658 κατάγει,20

270 1669 473 1727 Πράσινοι
492 1669 656 1728 μάσχοι,
682 1675 937 1729 θεωροῦντος
955 1670 1045 1714 τότε
1061 1676 1134 1714 τοῦ
1155 1674 1376 1728 Προυσίου,
1399 1670 1593 1727 ἄρχοντος
1612 1668 1722 1713 ὖπα-

271 1743 397 1781 τικοῦ.
467 1740 534 1780 καὶ
551 1741 699 1796 ἐγένετο
719 1739 915 1795 δημοτικὴ
938 1739 1083 1789 ἀταξία
1103 1738 1255 1795 μεγάλη
1274 1741 1340 1781 καὶ
1361 1739 1553 1795 συμφορὰ
1573 1743 1624 1796 τῇ
1644 1737 1721 1781 πό-

270 1811 330 1848 λει
361 1805 531 1859 συνέβη·
581 1810 619 1851 οἱ
649 1809 727 1865 γὰρ
750 1808 962 1861 Ἀντιοχεῖς
989 1807 1177 1862 Ἓλληνες
1204 1808 1306 1861 μετὰ
1335 1812 1416 1850 τῶν
1445 1805 1596 1850 αὐτόθι
1617 1808 1722 1850 Ἰου-
1760 1830 1763 1833 ·

273 1875 399 1917 δαίων
434 1875 957 1931 συμβαλόντεςᾼδημοτικὴν
993 1873 1128 1931 μάχην
1160 1874 1382 1932 ἐφόνευσαν
1413 1875 1588 1926 πολλοὺς
1619 1874 1721 1918 Ἰου-

271 1985 340 2019 lum
363 1996 405 2019 ex
426 1985 468 2019 iis
492 1996 581 2029 quae
595 1985 783 2031 Imperator
800 1984 1015 2020 Antiochenis
1039 1984 1171 2021 abunde
1186 1985 1326 2032 largitus
1341 1988 1412 2028 est,
1434 1984 1494 2020 sed
1511 1996 1554 2019 ex
1573 1984 1719 2032 propriis

273 2031 375 2065 etiam
394 2031 578 2075 sumptibus
593 2032 708 2065 urbem
726 2032 964 2072 instaurarent,
981 2031 1264 2076 instauratamque
1281 2032 1478 2066 incolerent.
1509 2031 1586 2066 Duo
1601 2031 1720 2077 itaque

273 2077 454 2110 Senatores
473 2075 508 2109 hi
523 2076 765 2120 quamplurima
783 2089 845 2122 per
862 2078 978 2111 urbem
994 2077 1172 2119 domicilia,
1195 2077 1338 2122 propriis
1356 2088 1398 2110 ex
1414 2076 1608 2122 sumptibus,
1623 2077 1720 2112 aedi-

272 2122 440 2155 ficarunt:
463 2121 601 2165 insuper
624 2122 727 2155 etiam
750 2122 888 2157 inferius
912 2123 955 2156 ad
977 2122 1069 2156 urbis
1088 2122 1236 2165 moenia,
1257 2124 1354 2167 juxta
1375 2122 1535 2164 fluvium,
1558 2123 1719 2157 Balneum

271 2166 388 2211 ingens
411 2167 601 2211 publicum,
624 2167 765 2201 Varium
787 2175 963 2209 vocatum,
986 2173 1230 2209 extruxerunt3
1256 2168 1408 2213 proxime
1431 2168 1520 2212 quod
1542 2168 1643 2203 aedes
1666 2173 1719 2202 et-

272 2211 339 2245 iam
361 2211 511 2257 privatas
533 2223 609 2245 suas
631 2215 801 2246 extructas
823 2213 1021 2247 habuerunt.
1066 2213 1309 2259 Trinymphum
1332 2224 1478 2258 quoque,
1502 2213 1620 2248 statuis
1640 2213 1719 2247 hinc

274 2257 356 2291 inde
378 2256 637 2301 splendidissime
659 2262 832 2299 ornatum,
857 2259 1097 2300 condiderunt;
1122 2260 1172 2293 uti
1194 2258 1380 2305 virginibus
1403 2258 1619 2293 Antiochenis
1642 2258 1718 2303 qui-

273 2303 485 2347 buscunque,
510 2301 674 2347 nuptialia
692 2314 750 2336 sua
773 2304 1032 2346 celebrantibus,
1055 2304 1243 2339 inserviret.
1290 2305 1360 2338 Sed
1383 2307 1421 2338 et
1442 2305 1509 2338 alia
1531 2303 1633 2338 etiam
1656 2314 1719 2348 per

274 2348 391 2381 urbem
414 2347 555 2393 plurima
576 2347 750 2388 aedificia,
791 2348 1022 2392 Imperatoriis
1043 2362 1084 2384 ex
1107 2351 1310 2395 sumptibus,
1344 2354 1523 2384 erexerunt
1545 2348 1627 2382 dicti
1649 2349 1718 2383 duo

273 2393 479 2434 Senatores,
501 2393 686 2437 urbemque
707 2392 757 2426 ita
776 2393 997 2429 instauratam
1019 2396 1250 2430 incoluerunt:
1281 2395 1382 2430 Cives
1405 2406 1486 2428 vero
1509 2395 1718 2440 superstites,

274 2437 377 2472 Caius
400 2439 527 2472 Caesar
547 2438 648 2472 etiam
672 2438 853 2472 honoribus
874 2439 978 2474 auxit.

366 2483 522 2517 Favebat
544 2487 653 2518 autem
676 2483 778 2518 caius
801 2484 928 2518 Caesar
949 2486 1090 2520 factioni
1112 2486 1293 2521 Prasinae:
1325 2485 1444 2530 itaque
1465 2496 1527 2527 ea,
1550 2483 1718 2520 licentiam

275 2527 356 2562 inde
378 2528 442 2563 sibi
464 2541 612 2571 sumens,
646 2540 666 2563 a
690 2530 795 2574 primo
818 2529 955 2574 Imperii
978 2532 1047 2574 ejus
1071 2543 1176 2575 anno,
1211 2543 1274 2576 per
1296 2534 1405 2565 totum
1427 2530 1624 2573 triennium,
1646 2530 1719 2565 Ro-

274 2584 368 2614 mae,
401 2575 617 2620 omnibusque
640 2574 713 2608 aliis
735 2574 888 2616 urbibus,
923 2575 1165 2611 dominabatur.
1212 2576 1334 2611 Tertio
1359 2581 1468 2611 autem
1491 2576 1624 2621 imperii
1646 2577 1717 2620 eJus

275 2629 363 2655 anno
388 2620 588 2654 Antiochiae
609 2620 731 2664 Syriae
757 2620 793 2654 in
818 2620 989 2661 Theatro,
1023 2625 1199 2666 spectante
1221 2622 1323 2656 etiam
1346 2625 1414 2656 tum
1445 2622 1540 2657 ludos
1561 2622 1716 2655 Pronoeo

275 2662 478 2706 Praefect03
520 2666 578 2709 qui
600 2677 642 2699 ex
664 2666 797 2700 Veneta
829 2670 926 2699 erant
949 2666 1126 2707 Facfione,
1169 2667 1240 2700 alta
1262 2679 1345 2701 voce
1377 2667 1525 2702 Prasinis
1547 2667 1716 2701 exclama-

276 2714 372 2742 runt:
402 2711 545 2754 Tempus
563 2712 711 2752 extollit,
737 2716 771 2746 et
791 2712 942 2745 deorsum
962 2713 1058 2757 agit.-
1081 2713 1159 2746 Jam
1175 2712 1335 2747 Prasinae
1349 2725 1497 2757 pugnae.
1543 2712 1593 2746 Et
1616 2723 1715 2746 coor-
1766 2726 1769 2727 ⁷

276 2756 314 2784 ta
336 2758 387 2787 est
408 2754 442 2788 in
465 2757 592 2800 populo
616 2756 830 2791 conturbatio
852 2756 990 2801 ingens3
1029 2758 1122 2801 cujus
1146 2762 1282 2793 eventus
1312 2759 1390 2793 urbi
1413 2758 1512 2792 cessit
1531 2757 1566 2791 in
1588 2756 1715 2792 incom-

275 2797 417 2832 modum.
477 2801 606 2835 Graeci
641 2801 726 2835 enim
750 2802 948 2836 Antiocheni
977 2814 1050 2837 cum
1077 2803 1233 2845 Judaeis,
1270 2804 1328 2848 qui
1350 2803 1397 2838 ibi
1420 2803 1631 2844 habitarunt,
1668 2801 1713 2836 ad

277 2851 421 2886 pugnam
447 2846 642 2890 popularem
675 2848 928 2892 pervenientes,
971 2860 1014 2883 ex
1034 2848 1174 2884 Judaeis
1195 2849 1350 2895 plurimos
1372 2849 1637 2890 interfecerunt,
1678 2850 1714 2882 et
