1838 3230
0 141 12 232 ξ
459 167 1080 216 CHRONOGRAPHIA.
1139 172 1187 215 L.
1217 172 1292 218 lv.
1555 185 1620 229 37

0 245 10 267 ᾗ.

0 290 7 342 ξ
131 303 214 337 τως
232 287 365 331 δὲκαὶ
399 287 527 340 αὐτὸς
547 291 724 340 Μίνωος
751 289 1005 347 ἐτελεύτησε,
1043 293 1112 336 καὶ
1144 293 1323 339 ἐκέλευσε
1349 294 1511 349 μέλλων
1538 313 1604 340 τε-
1629 314 1661 348 1)

68 372 71 375 *
130 359 279 400 λευτᾶν
297 360 540 410 βασιλεῦσαι
565 362 640 414 τῆς
660 356 833 415 Κρήτης
855 360 929 403 τὸν
950 359 1245 419 Μινώταυρον.
1316 366 1384 407 καὶ
1402 364 1507 419 μετὰ
1528 365 1605 420 τὴν
1734 363 1742 413 Ι

127 422 280 468 τούτου
305 426 498 483 τελευτὴν
525 431 600 470 τοῦ
629 428 805 478 Μίνωος
839 430 1074 480 ἐβασίλευσε
1100 433 1175 487 τῆς
1200 429 1372 490 Κρήτης
1399 431 1422 476 o‘
1449 433 1602 478 Μινώ-

126 508 303 551 ταυρος,
341 493 363 539 ὅ
381 493 611 554 Πασιφάης
626 496 716 546 υἱὸς
743 498 812 540 καὶ
838 496 1008 555 Ταύρου
1030 503 1106 543 τοῦ
1127 502 1316 558 νοταρίου
1336 501 1478 558 αὐτῆς.
1531 506 1600 547 καὶ

91 561 246 620 δῧβριν
275 562 521 621 λογιζόμενοι
553 565 592 608 οἱ
618 568 874 622 συγκλητικοὶ
904 571 980 623 τῆς
1011 567 1184 626 Κρήτης
1217 569 1264 614 τὸ
1298 574 1598 628 βασιλευθῆναι

122 630 205 675 {nui
230 637 306 676 τοῦ
327 630 637 691 Μινωταύρου,
676 632 733 685 ὥς
755 634 1095 693 μοιχογεννήτου,
1134 638 1450 692 συσκευάζονται
1481 641 1596 701 αὐτῷ

123 702 191 744 καὶ
205 702 501 760 προτρέπονται
518 703 591 746 τὸν
615 703 770 760 Θησέα,
809 703 865 755 ὥς
884 714 1080 761 γενναῖον,
1117 707 1189 751 τὸν
1209 708 1299 752 υἱὸν
1321 714 1396 752 τοῦ
1414 709 1590 766 Αἰγέως,

119 771 322 824 βασιλέως
339 776 414 828 τῆς
438 773 691 826 Θεσσαλίας,
730 774 787 823 εἷς
805 773 851 817 τὸ
874 779 1103 831 πολεμῆσαι
1126 776 1262 836 αὐτῷ,
1297 776 1593 833 συνταξάμενοι

118 840 327 895 προδίδειν
357 840 430 883 τὸν
466 839 744 897 ΠῙινώταυρον
772 844 840 885 καὶ
870 843 945 899 τὴν
972 842 1115 902 χώραν
1137 850 1297 899 πᾶσαν,
1335 849 1403 889 καὶ
1431 847 1591 891 διδόναι

62 914 108 948 10
118 907 233 967 αὐτῷ
255 910 323 952 καὶ
342 909 417 965 τὴν
439 909 621 967 ἀδελφὴν
644 910 772 953 αὐτοῦ
791 914 847 961 εἷς
863 919 1049 968 γυναῖκα,
1084 913 1159 969 τὴν
1176 913 1408 972 Ἀριάδνην,
1449 916 1524 971 τὴν
1543 919 1588 960 ἐκ

113 975 345 1036 Πασιφάης
372 980 439 1021 καὶ
469 983 544 1022 τοῦ
572 980 748 1029 ΖΙἸίνωος
777 981 1001 1033 βασιλέως·
1039 980 1115 1037 εἶχε
1138 983 1214 1039 γὰρ
1237 983 1319 1026 ἀπὸ
1353 989 1428 1040 τῆς
1444 987 1587 1028 Πασι-

114 1043 226 1102 φάης
254 1049 321 1090 καὶ
356 1051 430 1090 τοῦ
461 1049 632 1098 Μίνωος
658 1049 730 1091 τὸν
750 1048 996 1105 Ἀνδρόγηον
1023 1053 1090 1093 καὶ
1112 1051 1186 1107 τὴν
1213 1050 1443 1109 Ἀριάδνην.
1515 1057 1583 1096 καὶ

49 1139 51 1143 >
110 1109 217 1170 ἦλθε
237 1115 324 1167 κατ’
349 1115 477 1159 αὐτοῦ
499 1114 521 1159 ὃ
546 1117 707 1172 Θησεὺς
731 1119 787 1168 εἷς
816 1117 891 1173 τὴν
912 1117 1085 1175 Κρήτην
1101 1121 1293 1177 ἐξαίφνης
1301 1154 1315 1174 ,
1352 1124 1418 1164 καὶ
1434 1119 1582 1173 πάντες
1604 1138 1637 1172 Ε

111 1181 304 1235 ἐάσαντες
331 1185 406 1228 τὸν
437 1183 718 1242 Μινώταυρον
739 1187 778 1229 οἶ
801 1190 1058 1243 συγκλητικοὶ
1088 1190 1155 1231 καὶ
1186 1187 1207 1232 ὃ
1237 1188 1415 1246 στρατὸς
1437 1190 1582 1243 ἔδοξαν

55 1256 98 1292 15
110 1250 268 1310 φεύγειν
292 1253 367 1310 τὴν
386 1251 504 1297 πόλιν
522 1252 749 1310 Γόρτυναν.
807 1257 874 1298 καὶ
893 1256 1013 1312 γνοὺς
1034 1255 1056 1300 ὅ
1076 1256 1358 1315 Μινώταυρος
1378 1259 1452 1315 τὴν
1473 1278 1577 1316 προ-

109 1322 254 1365 δοσίαν
270 1321 391 1380 ἔφυγε
408 1325 475 1366 καὶ
495 1322 621 1373 αὐτὸς
639 1326 694 1373 εἷς
712 1323 788 1379 τὴν
797 1323 1086 1381 Λαβύρινθον
1094 1325 1238 1384 χώραν
1250 1341 1260 1351 ”
1296 1330 1363 1370 καὶ
1385 1328 1574 1372 ἀνελθών
1598 1343 1630 1378 0
1657 1345 1724 1380 103

106 1391 150 1433 ἓν
170 1389 462 1447 ὄρειεῖσῆλθεν
484 1394 540 1442 εἷς
562 1391 762 1447 σπήλαιον
780 1392 1070 1450 κρυπτόμενος.
1131 1397 1198 1438 καὶ
1220 1395 1477 1448 καταδιώξας
1497 1398 1574 1441 αὗ-

103 1459 177 1502 τόν
198 1458 220 1504 ὅ
246 1460 408 1517 Θησεὺς
426 1460 582 1515 ἔζιιαθεν
604 1459 685 1504 ὖπό
703 1479 813 1512 τινος
843 1467 923 1505 ποῦ
946 1464 1188 1521 κέκρυπται·
1226 1463 1364 1507 ὅντινα
1388 1467 1574 1520 ἐκβαλὼν

102 1526 318 1586 ἐφόνευσεν
345 1529 513 1580 εὐθέως.
583 1532 650 1573 καὶ
679 1531 876 1574 εἰσελθών
897 1532 938 1574 ἓν
959 1537 1010 1589 τῇ
1038 1532 1150 1576 πόλει
1170 1536 1211 1576 Γ
1207 1532 1358 1591 ορτύνῃ
1392 1534 1569 1590 ἕθριάμ-
1594 1549 1627 1583 v
1649 1550 1696 1585 36

46 1601 224 1652 mssevoe
250 1598 326 1654 τὴν
342 1599 448 1642 κατὰ
469 1603 543 1642 τοῦ
562 1598 844 1655 ΖΙἸινωταύρου
868 1602 982 1655 νίκην
996 1615 1005 1624 ·
1043 1603 1109 1644 καὶ
1141 1602 1359 1658 εὖφημεΐτο
1383 1602 1464 1645 ἀπὸ
1485 1609 1569 1646 τῶν

101 1671 377 1722 συγκλητικῶν
397 1669 463 1711 καὶ
485 1668 566 1710 ἀπὸ
587 1666 722 1722 πάσης
741 1673 814 1723 τῆς
826 1667 980 1725 χώρας.
1019 1672 1084 1711 καὶ
1102 1669 1251 1727 ᾔτησεν
1270 1670 1422 1720 αὐτοὺς
1442 1671 1567 1714 ἀπελ-

100 1740 194 1778 θεῖν
225 1735 328 1793 πρὸς
357 1736 429 1779 τὸν
450 1736 581 1792 Αἰγέα
591 1769 604 1789 ,
642 1736 715 1779 τὸν
743 1737 873 1779 αὐτοῦ
896 1738 1076 1793 πατέρα,
1112 1739 1182 1781 ἵνα
1212 1739 1407 1794 καὶπρὸς
1439 1740 1565 1783 αὐτὸν

98 1802 365 1862 θριαμβεύσῃ
400 1804 475 1860 τὴν
513 1805 638 1860 νίκην.
709 1805 789 1860 πρὸ
818 1810 892 1847 τοῦ
927 1806 971 1847 δὲ
1000 1806 1126 1850 αὐτὸν
1155 1811 1432 1850 καταπλεῦσαι
1462 1810 1562 1865 πρὸς

98 1873 172 1916 τὸν
199 1872 356 1930 πατέρα
388 1873 538 1926 αὐτοῦ,
585 1871 781 1916 ἀπελθών
808 1890 870 1923 τις
897 1872 1050 1929 ναύτης
1084 1874 1287 1932 ἀνήγγειλε
1317 1880 1375 1936 τῷ
1401 1881 1568 1931 βασιλεῖ

189 1982 244 2018 15.
269 1979 463 2029 Γορτύναν
487 1982 557 2018 Ox.
647 1985 703 2019 20.
728 1981 952 2029 εὔφημεῒτο]
977 1982 1152 2030 ἐφημεῖτο
1180 1984 1248 2019 Ox.

95 2086 172 2118 rus,
195 2085 420 2110 sucoessorem
443 2073 507 2109 sibi
530 2074 566 2110 in
589 2086 695 2120 regno
719 2075 897 2110 constituit
919 2075 1161 2111 Minotaurum.
1208 2076 1296 2112 Post
1317 2076 1465 2112 Minoem
1489 2077 1558 2113 ita-

94 2133 163 2166 que
183 2125 371 2164 mortuum,
405 2121 533 2156 Cretae
557 2133 697 2166 regnum
719 2121 831 2156 tenuit
858 2122 1090 2164 Minotaurus,
1134 2122 1322 2168 Pasiphaes
1356 2135 1398 2157 ex
1423 2124 1554 2165 Tauro,

93 2167 244 2203 Notario
276 2179 358 2210 suo,
392 2166 492 2202 filius.
538 2168 666 2203 Verum
699 2167 799 2213 regni
821 2167 982 2213 primores
1006 2169 1133 2214 probro
1158 2168 1222 2203 sibi
1245 2169 1429 2211 ducentes,
1460 2169 1489 2203 si
1512 2181 1555 2203 ex

93 2213 272 2248 Adulterio
303 2218 418 2248 natum
448 2224 566 2258 regem
598 2215 786 2255 haberent3
831 2213 869 2249 in
891 2225 966 2249 eum
999 2215 1255 2260 conspirarunt:
1302 2216 1554 2260 Theseumque,

91 2259 201 2304 Aegei
224 2259 423 2294 Thessaliae
445 2261 538 2305 regis
561 2260 685 2302 filium,
710 2260 820 2295 virum
842 2266 1034 2302 strenuum,
1058 2261 1234 2296 adhortati
1251 2265 1329 2294 sunt
1351 2260 1554 2305 promitten-

91 2309 144 2340 tes
165 2317 203 2340 se
224 2305 474 2348 Minotaurum,
506 2306 750 2352 regionemque
771 2310 879 2341 totam
907 2305 1123 2352 prodituros;
1156 2313 1192 2341 et
1214 2306 1419 2348 Ariadnam,
1455 2317 1551 2340 soro-

90 2360 163 2386 rem
185 2351 276 2396 ejus,
298 2351 423 2387 Minois
445 2352 535 2397 regis
558 2364 601 2388 ex
616 2352 787 2398 Pasiphae
809 2352 911 2388 filiam
933 2352 970 2387 in
993 2363 1132 2388 uxorem
1154 2352 1206 2387 illi
1228 2352 1377 2387 daturos.
1425 2352 1550 2386 Susce-

89 2397 312 2451 perat‘enim
346 2408 389 2432 ex
422 2398 592 2444 Pasiphae
621 2410 683 2433 rex
715 2398 827 2434 Minos
859 2398 1077 2442 Androgeum
1119 2403 1155 2433 et
1183 2398 1377 2433 Ariadnam.
1424 2397 1551 2431 Statim

88 2445 207 2489 itaque
230 2443 387 2479 Theseus
407 2442 444 2478 iu
468 2443 626 2487 Cretam,
661 2444 823 2479 adversus
846 2445 1098 2487 Minotaurum,
1132 2444 1370 2490 proficiscitur.
1418 2444 1550 2478 Proce-

89 2499 144 2524 res
177 2493 310 2532 autem,
345 2501 421 2524 cum
444 2491 597 2526 exercitu
628 2494 721 2533 toto,
756 2490 913 2526 simulata
941 2491 1042 2536 fuga,
1078 2491 1328 2531 Minotaurum,
1363 2490 1550 2533 urbemque

90 2534 287 2579 Gortynam
317 2535 549 2572 deseruerunt.
606 2537 820 2573 Minotaurus
854 2548 935 2572 vero
959 2537 1186 2583 proditionem
1209 2536 1373 2576 sentiens,
1416 2540 1454 2569 et
1475 2534 1549 2580 ipse

89 2579 181 2624 fugit
199 2580 235 2615 in
258 2581 505 2627 Labyrinthum
528 2582 721 2628 regionem:
745 2582 803 2618 ubi
827 2594 900 2618 oum
925 2584 969 2618 ad
992 2588 1136 2618 montem
1160 2581 1386 2627 pervenisset,
1413 2580 1547 2626 spelun-

90 2637 162 2660 cam
196 2627 362 2671 quandam
391 2630 582 2664 subintrans
613 2629 759 2664 delituit.
816 2629 970 2663 Theseus
993 2636 1106 2664 autem
1137 2640 1211 2662 eum
1234 2627 1424 2667 insecutus,
1465 2630 1502 2661 et
1525 2637 1547 2660 a

89 2672 236 2717 quodam
258 2672 397 2709 edoctus
420 2675 479 2710 ubi
501 2675 672 2718 latitavit3
699 2687 720 2710 e
742 2674 880 2710 latebris
904 2680 1092 2710 extractum
1115 2673 1230 2708 statim
1253 2672 1436 2706 interfecit.
1483 2671 1546 2706 Vi-

89 2722 166 2752 ctor
188 2717 306 2763 itaque
326 2718 363 2752 in
384 2722 500 2755 urbem
524 2721 715 2767 Gortynam
738 2732 915 2764 reversus,
947 2722 1151 2766 triumphum
1174 2718 1218 2752 de
1242 2718 1434 2753 Minotauro
1459 2717 1543 2763 egit,

87 2774 314 2809 magnamque
344 2767 437 2810 apud
466 2767 631 2802 Proceres
665 2767 886 2813 subditosque
917 2777 1030 2802 omnes
1061 2764 1273 2810 comparavit
1304 2763 1368 2798 sibi
1390 2763 1544 2808 gloriam.

87 2809 253 2844 Proceres
288 2809 390 2844 etiam
414 2813 573 2856 rogavit,
607 2813 658 2848 uti
680 2813 723 2849 ad
748 2821 880 2859 patrem
913 2814 1062 2856 Aegeum
1084 2822 1194 2845 secum
1218 2810 1389 2856 profecti,
1425 2809 1543 2844 trium-

87 2855 190 2901 phum
213 2855 315 2892 etiam
337 2855 407 2891 inic
429 2858 652 2894 celebrarent.
707 2859 879 2894 Theseum
909 2869 1012 2901 vex-o,
1056 2863 1234 2903 antequam
1258 2855 1403 2902 patriam
1426 2867 1543 2891 versus
