1838 3230
453 153 1087 201 CHRONOGRAPHIA.
1144 151 1194 197 L.
1222 152 1274 198 V.
1507 155 1601 205 141

131 281 258 340 ἱερῷἴ
309 278 378 323 itai
419 278 576 323 θυσίαν
614 273 791 333 ποιήσας
833 274 1070 333 παρέμεινεν
1106 275 1191 319 ἐκεῖ
1225 269 1603 333 παρακοιμῶμενος.

132 351 201 392 καὶ
229 348 476 405 ἀπαλλαγεὶς
497 345 519 390 ὃ
545 345 742 404 Ὀρέστης
768 349 844 401 τῆς
872 342 1168 401 χαλεπωτάτης
1191 341 1322 388 νόσου,
1351 340 1606 401 ἀνεχώρησεν

132 419 179 461 ἐκ
206 421 283 462 τοῦ
315 416 424 474 ἱεροῦ
439 429 465 446 ·-
485 418 553 460 καὶ
585 414 800 459 κατελθών
827 415 869 457 ἓν
896 421 983 464 τοῖς
999 414 1181 472 ῥείθροις
1200 417 1284 457 τῶν
1308 410 1381 456 δύο
1406 416 1606 467 ποταμῶν

132 492 216 530 τῶν
239 486 462 543 λεγομένων
484 483 716 529 Μελάντων
736 482 816 526 ὕπὸ
835 488 918 526 τῶν
937 482 1107 541 Σύρων,
1149 481 1253 526 διότι
1274 483 1319 526 ἔκ
1337 485 1410 525 τοῦ
1436 484 1606 524 Μελαν-

97 557 222 600 5τίου
242 555 364 613 ὅρους
381 554 660 612 κατέρχονται,
686 550 958 597 ἅπελούσατο.
1013 554 1080 596 καὶ
1099 550 1281 610 περάσας
1302 549 1323 595 ὅ
1346 550 1471 602 αὐτὸς
1486 550 1602 607 Ὀρέ-

131 642 234 681 στης
253 624 327 668 τὸν
346 628 531 681 Τυφῶνα
551 621 760 678 ποταμόν,
797 622 869 665 τὸν
886 623 974 665 νυνὶ
990 620 1203 678 λεγόμενον
1217 617 1438 679 Ὀρόντην,
1476 615 1604 676 ἦλθεν

131 695 196 736 ἐπὶ
219 693 267 736 τὸ
294 693 460 738 Σίλπιον
483 692 592 749 ὅρος,
630 695 910 748 προσκυνῆσαι
931 691 1230 742 τούςἸωνίτας.
1303 689 1342 733 οἱ
1364 690 1408 732 δὲ
1425 689 1499 744 τὴν
1518 693 1604 733 Συ-

132 764 225 820 ρίαν
249 764 453 812 οἴκοῢντες
474 762 644 818 Ἀργεῖοι
669 761 838 823 Ἰωνΐται
850 793 864 814 ,
904 758 1122 816 ἀκηκοότες
1144 759 1206 803 ὅτι
1228 763 1301 815 τῆς
1320 756 1444 802 νόσου
1470 758 1605 815 ἀπηλ-

131 830 238 889 λάγη
257 829 490 888 ὃὈρέστης
499 864 512 884 ,
549 831 743 886 ἀπῆλθον
764 829 865 887 πρὸς
885 828 1010 872 αὐτόν
1021 862 1035 883 ,
1066 828 1202 885 ἐπειδὴ
1220 829 1262 871 ἐκ
1282 832 1357 884 τῆς
1369 826 1512 885 χώρας
1530 846 1605 871 κα·-
1629 838 1660 873 C

76 911 123 946 10
134 892 277 957 τήγετο
300 902 369 944 καὶ
389 901 431 950 ἐξ
452 901 626 954 αἵματος
641 903 856 953 βασιλικοῦ
875 897 1044 956 ὑπῆρχε.
1116 900 1183 941 καὶ
1204 895 1510 953 ἀπαντήσαντες
1530 896 1608 940 αὖ-

130 974 191 1029 τῷ
221 968 444 1027 ἐγνώρισαν
470 969 569 1018 τοὺς
592 968 713 1019 ὄντας
735 968 821 1024 μετ’
844 968 973 1011 αὐτοῦ
1008 969 1052 1010 ἐκ
1080 972 1154 1011 τοῦ
1182 967 1293 1024 ἱεροῦ
1311 970 1386 1022 τῆς
1413 964 1598 1016 Ἑστίας·
1625 974 1658 1010 O
1683 975 1752 1012 180

131 1041 199 1082 καὶ
230 1036 555 1095 ἔπερωτήσαντες
585 1035 736 1088 αὐτούς
746 1071 760 1091 ,
802 1038 878 1088 Τίς
905 1038 1014 1080 ἔστιν
1043 1031 1185 1092 οὗτοςς
1224 1033 1335 1079 εἶπον
1366 1034 1508 1085 αὐτοῖς
1544 1033 1607 1078 ὅτι

126 1107 175 1152 ‘0
191 1108 386 1165 Ὀρέστης
407 1107 514 1160 ἐστι’,
551 1108 618 1149 καὶ
638 1106 741 1163 πρὸς
759 1104 869 1161 ὖμᾶς
890 1106 1015 1150 αὐτὸν
1038 1106 1227 1163 φέρομεν.
1300 1105 1338 1147 οἳ
1365 1105 1410 1147 δὲ
1433 1104 1608 1148 Ἰωνῖται

133 1177 290 1227 εὐθέως
321 1174 564 1233 ἠσπάσαντο
599 1174 748 1228 αὐτόν,
787 1173 989 1234 εἷρηκότες
1022 1175 1158 1233 αὐτῷ,
1192 1173 1394 1231 Ὀρέστα,
1431 1178 1512 1217 ποῦ’
1532 1174 1607 1230 τὴν

77 1253 122 1289 15
132 1248 283 1302 μανίαν
315 1245 503 1300 ἃπέθου;
540 1242 562 1287 ὅ
591 1245 636 1287 δὲ
657 1243 875 1301 Ὀρέστης,
913 1242 1172 1302 φοβούμενος
1199 1242 1256 1286 ἔτι
1285 1247 1360 1299 τῆς
1381 1240 1505 1286 νόσου
1533 1243 1608 1298 τὴν

131 1313 283 1372 ὀργήν,
322 1314 396 1357 οὐκ
425 1311 668 1371 ἀπεστράφη
690 1313 758 1356 καὶ
774 1310 975 1365 ὑπέδειξεν
996 1313 1136 1364 αὐτοῖς
1158 1312 1205 1356 τὸ
1235 1312 1342 1370 ἱερὸν
1375 1310 1402 1367 ἢ
1431 1312 1479 1356 τὸ
1511 1311 1606 1370 ὅρος

131 1383 236 1428 ὅπου
257 1381 442 1442 ἓρῤὗσθη
464 1387 538 1438 τῆς
557 1380 704 1435 νόσου,
742 1381 848 1425 ἀλλὰ
877 1383 1077 1440 κουφίσας
1098 1382 1173 1439 τὴν
1193 1382 1327 1433 δεξιὰν
1347 1380 1476 1425 αὖτοῦ
1487 1388 1607 1439 χεῖρα

129 1451 321 1511 ὖπεράνω
339 1456 414 1508 τῆς
433 1451 561 1495 αὐτοῦ
592 1455 777 1509 κορυφῆς
810 1455 869 1510 τῷ
902 1450 1090 1511 δακτύλῳ
1120 1456 1194 1507 τῆς
1206 1451 1340 1509 χειρὸς
1358 1450 1487 1494 αὐτοῦ
1508 1449 1607 1493 vine*-

132 1524 258 1574 δειξεν
292 1521 434 1572 αὐτοῖς
472 1520 520 1565 τὸ
563 1519 660 1578 ὅρος
693 1522 761 1563 καὶ
795 1520 842 1563 τό
885 1517 1016 1577 ἱερόν,
1063 1520 1230 1578 εἶρηκώς
1266 1520 1406 1569 αὐτοῖς
1446 1519 1508 1563 ὅτι
1538 1519 1607 1562 Ἐν

74 1592 268 1650 Ξοὲκείνῳ
300 1594 360 1650 τῷ
389 1589 471 1648 ὄρει
507 1591 563 1641 εἷς
589 1589 637 1634 τὸ
673 1589 780 1646 ἱερὸν
807 1592 880 1644 τῆς
898 1590 1019 1640 θείας
1045 1587 1207 1640 Ἑστίας
1228 1589 1303 1645 τὴν
1318 1589 1502 1644 χαλεπὴν
1520 1606 1607 1642 μα-

131 1661 224 1704 νίαν
243 1659 469 1715 ἀπεθέμην.
515 1660 583 1702 καὶ
603 1658 757 1708 εὐθέως
776 1658 815 1701 οῗ
827 1657 999 1702 Ἰωνΐται
1020 1656 1259 1713 ποιήσαντες
1277 1662 1335 1716 τῷ
1355 1657 1467 1717 αὐτῷ
1484 1657 1602 1715 Ὀρέ-
1624 1664 1658 1700 D

133 1745 213 1786 στῃ
235 1726 389 1784 στήλην
402 1731 561 1783 χαλκῆν
580 1731 638 1787 τῷ
661 1724 839 1782 σχήματι
858 1726 971 1785 αὐτῷ
992 1721 1024 1785 ᾧ
1044 1725 1247 1778 ὖπέδειξεν
1281 1726 1443 1781 αὐτοῖς,
1478 1724 1605 1784 ὑπερ-

134 1795 221 1842 άνω
256 1798 391 1847 κίονος
426 1797 593 1839 ιἵσταται
627 1798 683 1846 εἷς
708 1793 873 1851 μνήμην
904 1797 971 1839 καὶ
999 1793 1124 1846 δόξαν
1155 1800 1231 1852 τῆς
1255 1793 1396 1853 χώρας
1431 1797 1499 1838 καὶ
1526 1799 1602 1839 τοῦ

134 1868 244 1926 ἷεροῦ
279 1867 347 1910 καὶ
377 1868 452 1921 τῆς
489 1863 674 1918 Ἑστίας,
724 1865 989 1921 σημαίνοντες
1028 1872 1115 1916 τοῖς
1153 1864 1258 1921 μετὰ
1295 1868 1429 1909 ταῦτα
1463 1868 1543 1909 ποῦ
1578 1862 1601 1907 ὃ

223 1977 258 2012 2.
279 1973 538 2023 χαλεπωτάτης
557 1975 645 2019 ch„
666 1974 946 2022 χαλαιπωτᾶτης
969 1974 1040 2015 Ox.

133 2070 358 2106 commoratus
380 2072 434 2104 est
453 2068 524 2104 illic
545 2068 774 2110 discumbens,
811 2068 921 2104 donec
942 2079 964 2103 a
985 2069 1103 2104 morbo
1125 2079 1185 2103 suo
1215 2067 1412 2114 gravissimo
1435 2068 1600 2103 liberatus

132 2121 197 2152 est.
257 2115 350 2150 Tum
372 2127 456 2152 vero
480 2127 653 2161 egressus,
690 2115 724 2150 in
747 2115 877 2150 fluenta
898 2115 1073 2150 descendit
1094 2114 1263 2150 fluminum
1286 2115 1449 2157 duorum,
1485 2116 1601 2160 (quae

133 2162 233 2209 Syris
257 2162 431 2197 Melantia
452 2162 548 2197 dicta
578 2168 675 2204 sunt3
707 2162 798 2208 quod
822 2173 843 2196 a
866 2161 1032 2197 Melantio
1055 2167 1169 2197 monte
1191 2162 1429 2206 scaturiant,)
1463 2161 1602 2195 ablutu-

130 2220 189 2244 rus
212 2220 259 2244 se.
307 2208 476 2253 Trajecto
500 2212 613 2243 autem
637 2214 715 2254 post
738 2208 906 2255 Typhone
926 2208 1055 2251 fluvio,
1078 2220 1168 2243 nunc
1192 2209 1342 2244 Orontes
1364 2213 1531 2248 vocatur,
1555 2206 1601 2241 ad

131 2259 278 2291 montem
299 2254 446 2301 Silpium
503 2254 654 2297 ervenit,
690 2254 814 2290 Jonitis
846 2254 989 2290 salutem
1012 2254 1174 2290 dicturus.
1222 2255 1344 2299 Argivi
1371 2257 1483 2289 autem
1506 2252 1602 2287 Joni-

131 2306 214 2343 tae,
250 2300 388 2346 Syriam
409 2301 487 2336 inco
502 2305 615 2344 entes,
652 2301 710 2336 ubi
733 2301 903 2336 audissent
927 2313 973 2336 ex
996 2303 1112 2337 morbo
1138 2301 1366 2343 convaluisse,
1405 2311 1480 2334 eum
1504 2299 1603 2333 adie-

131 2352 231 2383 runt=
273 2351 313 2382 ut
334 2347 395 2393 qui
428 2347 547 2383 eadem
578 2359 647 2394 qua
668 2347 717 2382 illi
748 2353 853 2392 gente
884 2347 1045 2383 oriundus
1069 2352 1178 2390 esset,
1212 2347 1377 2392 regioque
1412 2350 1601 2391 prognatus

132 2393 306 2439 sanguine.
352 2393 499 2429 Obviam
524 2405 605 2429 vero
629 2394 852 2441 procedentes
875 2394 928 2437 ei,
952 2406 1026 2430 cum
1049 2394 1211 2440 quosdam
1235 2405 1277 2427 ex
1301 2391 1478 2427 comitibus
1496 2403 1516 2425 e
1531 2391 1601 2426 Ve-

132 2442 207 2474 stae
235 2439 368 2496 templo
395 2440 634 2496 agnovissent3
677 2440 752 2475 illos
783 2441 944 2484 allocuti,
988 2441 1187 2484 „Quisnam
1205 2438 1420 2495 ·(inquiunt).
1444 2436 1499 2472 hic
1522 2437 1602 2473 est?

132 2486 807 2575 ffiffiffi‘sfflzzagssissffiffiss‘&3¹3¹
818 2487 1298 2580 (ῗῖξηῖἓῃέῗῧὸῗέἓὲζζωέιῗέ
1313 2484 1482 2565 ἒέῑῖιξ
1502 2494 1600 2565 ἷξὲἒῖ

133 2576 318 2613 εκυίεῐὶῗ“
362 2580 503 2615 Orestes
525 2591 610 2615 vero
634 2579 742 2614 morbi
763 2580 853 2615 illius
876 2580 1007 2615 rabiem
1029 2580 1141 2615 adhuc
1164 2580 1382 2618 horrescens,
1425 2586 1492 2611 non
1515 2587 1599 2610 con-

132 2627 269 2657 vertens
300 2636 394 2669 sese,
430 2630 575 2661 montem
605 2629 640 2660 et
670 2626 831 2673 templum
860 2626 979 2661 salutis
1010 2624 1232 2661 monstravit2
1270 2622 1329 2657 sed
1351 2633 1451 2657 manu
1473 2621 1598 2657 dextra

134 2680 239 2714 super
271 2674 376 2715 eaput
403 2671 539 2714 levata,
574 2672 652 2707 loca
681 2673 749 2707 illis
778 2672 843 2709 ista
874 2672 927 2707 ita
956 2670 1178 2718 indigitavit3
1219 2669 1289 2712 „in
1311 2668 1369 2703 illo
1392 2667 1598 2714 (inquiens)

132 2720 267 2757 monte,
298 2714 334 2750 in
356 2716 484 2752 Vestae
505 2718 654 2765 templo,
688 2719 818 2754 rabiem
841 2730 982 2765 gravem
1001 2717 1185 2763 deposui.“
1230 2714 1366 2750 Jonitae
1394 2714 1503 2760 igitur
1525 2718 1598 2750 sta-

132 2765 227 2795 tuam
251 2771 403 2803 aeream,
427 2763 562 2798 Orestis
585 2765 630 2799 ad
651 2764 809 2810 figuram,
835 2777 904 2810 qua
925 2765 1003 2799 loca
1025 2764 1091 2798 ista
1112 2762 1160 2797 eis
1183 2761 1334 2796 indicans
1357 2764 1515 2804 steterat,
1536 2773 1597 2796 co-

132 2806 268 2842 lumnae
291 2806 643 2862 superimposuerunt3
690 2812 840 2856 regionis
862 2810 951 2846 illius
975 2810 1168 2854 Vestaeque
1191 2808 1227 2842 in
1251 2808 1432 2852 honorem,
1470 2818 1598 2862 perpe-

132 2857 293 2899 tuamque
327 2864 379 2888 rei
412 2855 613 2890 memoriam.
660 2857 761 2899 Quae
791 2860 905 2893 statua
934 2866 1037 2892 aerea
1059 2854 1162 2890 etiam
1194 2854 1241 2890 ad
1263 2854 1352 2889 hunc
1375 2865 1484 2901 usque
1506 2853 1596 2889 diem
