1838 3230
593 126 1061 179 ANNOTATIONES.
1457 130 1558 179 567

93 257 215 297 >quem
234 243 502 296 Nicephorum
518 242 627 283 hunc
645 246 742 285 200.
760 242 813 281 ad
829 242 1033 282 minimum
1051 241 1164 281 annis
1178 243 1454 296 praecessisse,
1485 258 1558 283 nos

28 304 34 311 ’
99 300 194 340 alibi
210 301 452 355 probaturos
474 315 556 340 non
577 299 820 356 dubitamus.

213 371 309 422 Peg.
337 369 434 412 247.
463 370 503 411 3.
532 362 900 422 προσομιλήσαντος
917 362 1076 417 αὐτοῖς]
1105 366 1249 419 Ομιλία
1273 365 1352 406 1100
1374 367 1467 406 1000
1493 383 1558 406 ae-

97 425 225 478 cipio,
255 425 393 464 eodem
422 436 540 463 sensu
564 436 643 476 quo
667 422 892 474 Scriptores
922 423 1213 474 Ecclesiastiei‚
1241 436 1316 474 pro
1348 424 1553 474 concione,

97 481 181 521 sive
198 481 374 521 oratione
393 480 436 519 in
459 487 575 519 coetu
602 479 779 518 fidelium
797 478 946 518 habita.
1005 480 1210 519 Caeterum
1236 479 1477 519 Christianos
1494 481 1558 519 di-

97 543 184 577 ctos
214 538 337 577 fuisse
369 543 458 576 ante
477 536 687 575 Claudium
707 536 805 587 Imp.
824 535 918 574 dum
940 537 978 575 S.
1003 536 1144 576 Petrus
1171 535 1303 576 adhuc
1321 536 1555 577 Antiochiae

94 600 334 646 versaretur,
362 607 412 633 ex
431 596 554 632 Actor
573 596 636 635 11.
659 592 864 631 manifesto
889 599 1066 645 apparet.

210 663 304 714 Pag.
333 661 427 704 247.
460 663 500 702 9.
547 655 714 710 ὀνόματι
734 661 913 712 Φῆστος]
943 660 1080 699 Festus
1095 661 1138 699 in
1155 660 1342 700 Judaeam
1360 661 1556 699 Procura-

95 724 162 758 tor
177 719 318 758 missus
334 724 406 766 est,
436 730 516 755 non
535 731 557 754 a
581 715 760 763 Claudio,
789 716 858 755 sed
875 731 897 756 a
916 717 1085 767 Nerone,
1117 718 1279 771 Imperii
1301 716 1364 757 sui
1382 731 1485 757 anno
1508 732 1552 760 11.

94 775 186 815 vide
201 773 428 827 Josephum,
457 773 526 812 lib.
545 776 613 816 20.
638 785 725 824 cap.
745 775 786 814 7.

207 845 302 895 Peg.
329 841 425 884 247.
459 844 525 884 17.
567 835 847 892 μεθιστάμεθα
865 837 1081 893 ἐντεῦθεν]
1112 841 1226 892 forte,
1257 838 1552 896 μεθιστῶμεθα.

92 898 215 939 verba
233 897 341 950 apud
363 896 591 950 Joseplmm,
621 895 671 935 de
686 896 766 935 bel.
789 895 877 935 Jud.
901 896 928 936 1.
950 899 988 938 7.
1009 904 1102 935 sunt
1119 898 1209 939 ista.
1269 902 1554 940 METABAJ-

93 957 321 1010 ΝΩΜΕΝ
350 955 672 994 ΕΝΊἘΥΘΕΝ.
729 951 996 1002 Corrigendus
1030 953 1189 992 interim
1215 955 1402 1008 ἱστοριῶν
1435 969 1554 996 συνα-

90 1015 225 1066 γωγῆς
259 1010 544 1062 Scaligerianae
576 1011 750 1059 Auctor,
795 1010 863 1060 qui
892 1008 979 1060 ipso
1007 1009 1234 1049 Dominicae
1262 1011 1458 1050 Passionis
1487 1013 1554 1052 die

88 1067 316 1122 prodigium
336 1066 412 1106 1100
432 1065 623 1105 accidisse
642 1064 798 1104 asserit:
827 1065 954 1116 deque
975 1065 1053 1104 hoc
1068 1065 1281 1119 Josephum
1301 1069 1476 1120 appellat
1494 1076 1555 1108 te-

90 1131 188 1164 stem
197 1140 208 1175 ;
254 1124 324 1177 qui
350 1120 484 1163 tamen
508 1124 757 1162 Pentecostes
786 1121 886 1160 festo
911 1122 1104 1161 accidisse
1128 1121 1206 1161 hoc
1236 1124 1342 1163 clare
1367 1131 1550 1167 testatur.

88 1182 280 1236 Suspicor
298 1180 417 1220 etiam
436 1179 670 1218 mendosum
691 1192 775 1217 esse
795 1191 1004 1217 numerum
1026 1192 1217 1218 annorum
1235 1186 1326 1232 post
1346 1180 1552 1221 Ascensio-

88 1253 178 1278 nem
198 1237 366 1285 Domini,
395 1251 417 1276 a
435 1243 573 1275 nostro
593 1234 782 1287 positum,
814 1248 893 1286 quo
917 1234 995 1273 1100
1021 1235 1211 1275 accidisse
1234 1236 1382 1278 scribit.
1439 1238 1552 1278 Licet

33 1304 35 1307 ’
89 1295 194 1334 0111111
212 1308 356 1334 annum
374 1294 508 1346 ipsum
524 1290 717 1343 Josephus
749 1305 830 1329 non
849 1291 962 1343 ponit
988 1306 1194 1344 expresse,
1223 1294 1474 1333 manifestum
1493 1302 1552 1334 ta-

86 1366 179 1390 men
201 1357 260 1391 est
278 1364 361 1389 11011
385 1350 503 1400 longo
531 1348 724 1400 temporis
743 1347 871 1400 spatio
891 1349 1027 1401 tempti
1056 1346 1367 1389 devastationem
1386 1350 1464 1390 hoc
1481 1367 1550 1390 an-

86 1408 302 1448 tecessisse.
338 1406 616 1458 Hierosolyma
635 1411 766 1443 autem
787 1410 902 1456 capta
925 1412 984 1444 est
1003 1419 1106 1444 anno
1128 1420 1177 1447 11.
1197 1407 1430 1459 Vespasiani
1446 1409 1550 1460 Imp.

87 1478 190 1503 anno
217 1463 368 1503 scilicet
383 1475 527 1502 xxxix.
543 1468 638 1515 post
660 1461 935 1500 Ascensionem
957 1463 1132 1512 Domini,
1176 1462 1237 1501 uti
1255 1464 1446 1502 Eusebius
1467 1467 1547 1503 Au-

85 1528 176 1563 ctor
196 1527 264 1561 est.
322 1520 495 1571 Scaliger
515 1518 595 1557 hoc
621 1517 812 1557 accidisse
833 1519 918 1557 vult
944 1533 1047 1557 anno
1068 1518 1216 1558 Christi
1236 1534 1328 1571 axv,
1358 1521 1547 1560 sexennio

85 1577 237 1618 scilicet
255 1583 345 1616 ante
366 1576 631 1627 Jerosolymas
651 1581 787 1626 captas
800 1604 812 1624 ,
841 1575 1002 1626 triginta
1025 1575 1180 1614 duobus
1197 1589 1295 1615 vero
1320 1578 1431 1616 annis
1454 1587 1550 1630 post

83 1634 243 1673 Domini
262 1633 553 1672 Ascensionem.
611 1631 755 1682 Scalig.
775 1631 815 1670 in
836 1631 980 1671 Euseb.
1000 1630 1148 1672 Chron.
1171 1646 1211 1684 p.
1237 1636 1329 1675 171.

178 1704 302 1755 -Pag.
334 1701 432 1744 248.
462 1703 503 1743 8.
549 1696 628 1740 nimi
652 1701 734 1739 τῶν
762 1698 946 1750 Πισέων]
977 1701 1064 1738 Scr.
1095 1699 1300 1740 Πισαίων·
1330 1703 1547 1741 secundum

84 1757 329 1810 Stephanum
351 1764 483 1796 tamen
504 1756 768 1805 scriberetur,
800 1755 1026 1796 Πισαιέων.·
1071 1769 1094 1794 a
1125 1756 1235 1797 Πίσα
1263 1757 1366 1796 0111111
1401 1760 1547 1810 gentile

83 1814 195 1866 facit,
225 1811 417 1866 Πισὰτης,
447 1819 488 1852 et
514 1809 720 1860 Πισαιεύς.

198 1886 293 1935 Pag.
324 1883 420 1926 249.
448 1884 487 1924 3.
546 1881 588 1921 οἱ
612 1877 725 1920 αὐτοὶ
757 1875 1080 1932 πολιτευόμενοι]
1122 1876 1422 1928 ’πολιτευόμενοι
1449 1882 1546 1921 licet

82 1939 351 1993 Magistratus
371 1938 585 1991 generatim
603 1936 803 1987 significet,
833 1936 912 1975 hoc
934 1938 1023 1975 loco
1050 1943 1182 1975 tamen
1202 1951 1276 1990 per
1294 1935 1545 1989 Gymnasiar-

83 1995 178 2035 chus
207 1995 433 2044 reddimus,
465 1995 714 2044 Magistratus
741 2007 884 2046 nempe
913 2007 980 2032 eos
1011 1993 1209 2045 dicentes,
1240 1993 1383 2046 quibus
1409 1994 1543 2034 Ludos

80 2050 202 2091 hosce
222 2064 362 2091 curare
392 2051 723 2091 committebatur.

193 2111 296 2161 Peg.
321 2109 418 2152 249.
449 2113 518 2151 21.
551 2106 607 2155 ὥς
630 2104 700 2147 ἐάν
719 2101 855 2153 αὐτοῖς
874 2105 1011 2159 ἔδοξε]
1042 2105 1095 2154 ὥς
1111 2104 1195 2157 ἐάν,
1226 2119 1301 2160 pro
1322 2104 1375 2154 ὥς
1394 2104 1457 2146 ἄν.

191 2167 293 2218 Pag.
324 2166 418 2208 250.
447 2164 488 2206 4.
532 2164 561 2216 ἦ
589 2163 745 2210 ἕκθεσις
769 2166 841 2202 τοῦ
868 2165 1051 2216 Τρωϊκοῦ
1076 2162 1275 2215 πολέμου]
1316 2163 1540 2214 Septimius,

82 2221 151 2272 qui
173 2224 294 2260 vitam
306 2222 445 2275 Dictys
466 2221 663 2260 Cretensis
685 2219 859 2272 scripsit,
887 2218 960 2258 hos
978 2220 1073 2259 belli
1094 2220 1256 2273 Trojani
1274 2220 1431 2258 annales
1450 2233 1538 2260 xm.

79 2276 246 2317 Neronis
264 2292 366 2317 anno
382 2285 560 2331 repertos
580 2277 731 2316 asserit.

191 2333 292 2388 Peg.
323 2337 420 2378 250.
454 2339 520 2377 12.
566 2329 823 2386 ἄῤῥωστήσας
850 2330 1000 2387 ἡμέρας
1032 2330 1130 2384 δυό]
1157 2332 1318 2372 Veneno
1342 2332 1539 2371 extinctus

81 2395 143 2428 est
163 2390 362 2439 Claudius,
393 2398 493 2430 teste
519 2390 732 2437 Suetonio3
760 2389 836 2427 Tit.
857 2389 924 2432 44.
956 2390 1011 2427 Et
1029 2404 1169 2428 veneno
1190 2387 1343 2443 quidem
1367 2389 1538 2428 occisum

81 2448 282 2488 convenit.-
321 2446 389 2486 ubi
418 2459 569 2497 autem,
611 2457 646 2485 et
672 2461 741 2499 per
762 2460 872 2500 quem
901 2443 996 2483 dato
1025 2443 1253 2497 discrepat„
1300 2444 1411 2483 Diem
1440 2458 1537 2484 vero

81 2515 307 2554 supremum
326 2505 445 2555 obiit,
474 2518 588 2543 wa.
611 2502 750 2541 aetatis
773 2516 897 2551 anno,
932 2502 1070 2540 eodem
1091 2502 1297 2542 referente.

197 2561 290 2612 Pssg·
321 2562 416 2603 250.
448 2564 513 2603 13.
547 2559 700 2612 Νέρων,
730 2556 755 2600 o‘
773 2557 863 2606 υἱός
884 2554 1033 2609 αὐτοῦ]
1064 2558 1169 2596 Nero
1188 2558 1293 2596 filius
1310 2556 1385 2595 suit
1405 2556 1536 2594 Domi-

80 2614 125 2653 tii
154 2621 194 2653 et
212 2615 452 2668 Agrippinae
482 2615 722 2665 Germanici,
752 2615 908 2654 Claudii
929 2616 1084 2661 fratris,
1113 2614 1234 2653 filiae:
1279 2627 1397 2666 quem
1424 2613 1535 2651 Clau-

77 2671 188 2719 dius,
220 2678 343 2710 matre
363 2675 445 2724 ejus
464 2674 682 2726 Agrippina
705 2672 747 2711 in
763 2685 931 2711 uxorem
962 2676 1147 2723 accepta,
1177 2671 1300 2710 filium
1322 2669 1535 2723 adoptione

76 2726 308 2779 designavit.

190 2786 291 2838 Peg.
321 2785 415 2827 250.
449 2787 511 2828 14.
552 2786 615 2827 ἐπὶ
635 2789 707 2838 τῆς
725 2783 913 2833 ὑπατείας
933 2787 1163 2826 Σιλουανοῦ
1182 2783 1251 2825 καὶ
1275 2782 1531 2831 Αντωινίυου1
