1838 3230
305 192 403 242 508
790 190 1252 236 ANNOTATIONES.

304 321 348 347 re
367 311 425 346 est
433 306 551 373 apud
570 306 658 346 Chr.
676 304 788 344 Alex
805 320 845 358 p
864 305 958 349 914.
989 307 1031 348 οἱ
1049 304 1127 376 γάρ
1143 303 1398 360 Βριασμοὶνας
1415 308 1486 359 τῆς
1504 303 1650 356 πόλεως
1669 310 1748 355 τῶν

306 359 539 412 Κανζάκων,
571 362 637 403 καὶ
655 357 800 410 πάντες
816 362 858 402 οἷ
871 359 1054 416 κτήτορες
1075 360 1218 415 αὐτῆς,
1245 362 1366 414 ἡνίκα
1387 362 1541 414 ἔμαθον
1561 369 1637 403 ete.
1673 362 1748 402 At-

306 433 383 471 que
400 418 496 457 haec
519 433 580 457 me
601 423 780 465 movent,
809 423 865 455 ut
875 432 955 456 non
977 420 1163 458 assentiar
1180 419 1237 458 Jo.
1254 419 1485 468 Leunclaio,
1515 419 1594 470 qui
1605 419 1648 458 in
1667 418 1748 458 No-

305 477 355 514 tis
380 476 457 513 suis
477 476 528 513 ad
557 473 799 513 Constantini
819 473 1212 527 Porphyrogennetae
1232 476 1373 515 Novel.
1397 480 1434 518 1.
1454 489 1552 528 pro,
1590 476 1633 516 οἰ
1646 471 1749 528 κτή-

303 547 427 585 τορες,
458 528 657 583 οἰκήτορες
680 531 820 598 reponi
839 531 935 569 vult.

416 587 513 638 Pag.
537 587 603 627 49.
634 584 672 626 4.
713 581 891 638 Ἀμφίων
918 583 938 627 ὅ
958 585 1139 639 λυρικός]
1182 588 1236 625 De
1265 586 1487 639 Amphione
1511 585 1664 638 lapides
1697 586 1748 624 ad

305 643 457 682 Thebas
490 642 712 680 condendas
733 649 850 680 cantu
866 642 1065 692 trahente,
1094 649 1187 681 nota
1202 643 1359 684 Fabula.
1416 643 1475 681 Jo.
1501 643 1627 680 Tzelz.
1646 641 1746 682 Chii.

308 704 342 742 1.
368 713 455 738 eum
474 698 701 750 lapidicidis
719 698 871 750 lapides
902 699 1238 750 compingentibus
1265 700 1352 750 lyra
1383 698 1573 737 accinisse
1592 699 1748 746 asserit:

304 763 344 794 et
364 761 500 807 postea
520 754 748 804 Alexander,
772 753 992 792 Thebarum
1011 756 1163 793 moenia
1182 755 1382 804 effodiens,
1403 754 1637 805 lugubribus
1657 767 1750 792 can-

303 813 434 851 tilenis
456 811 497 849 in
514 810 589 850 hoc
611 824 729 862 opere
749 823 841 849 usus
862 817 941 850 est:
971 817 1070 850 teste
1089 811 1326 850 Callisthene
1345 812 1451 864 apud
1468 811 1634 851 eundem
1650 811 1749 850 Tze-

303 875 417 909 tzem.

519 943 578 952 --
601 918 776 973 Ἀμφίων
803 920 876 974 μὲν
905 917 979 974 ’ἥδε
1007 921 1174 975 κρατων’
1196 937 1269 974 την
1295 918 1434 975 λυραν,

519 979 571 1019 Οἵ
585 977 803 1046 λιθουργοὶ
814 975 855 1018 δ’
881 978 1100 1030 ἐπείρηδον,
1129 994 1224 1027 τους
1243 978 1385 1026 λίθους
1401 975 1664 1026 συντιθέντες.

521 1037 585 1082 Ως
605 1031 770 1085 ὕστερον
791 1029 1064 1102 Ἀλέξανδρος,
1097 1034 1249 1081 ἐκείνας
1269 1031 1555 1074 κατασκάπτων

523 1087 776 1143 Θρηνοόδεσιν
798 1086 1034 1142 αὖλήμασιν,
1057 1106 1110 1137 ως
1131 1089 1405 1141 Καλλισθένης
1424 1104 1582 1143 γραφει.

521 1149 553 1186 Ο
582 1146 763 1198 Ισμενίας
786 1144 900 1198 ηὔλει
926 1146 1026 1213 γὰρ,
1051 1147 1095 1185 αἱ
1114 1148 1244 1199 Θῆβαι
1263 1142 1304 1186 δ’
1323 1146 1583 1199 ἐπορθουντο.
1724 1165 1726 1167 ’

414 1201 762 1253 Pag.49.12.0
780 1199 883 1250 Ζευς
902 1203 958 1249 εἰς
978 1215 1146 1255 σατυρον
1169 1202 1353 1254 ἔφθειρε]
1383 1200 1656 1268 μεταβληθεὶς,
1683 1206 1751 1238 aut

306 1258 402 1309 quid
418 1257 496 1296 tale
526 1258 811 1309 supplendum,
841 1258 1149 1311 legendumque,
1181 1257 1203 1300 ὁ
1231 1256 1335 1307 Ζεῦς
1357 1258 1414 1306 εἰς
1441 1253 1614 1312 σάτυρον
1639 1270 1752 1310 μετα-

305 1314 490 1367 βληθεὶς,
530 1313 703 1364 ἔφθειρε.

416 1371 515 1422 Pag.
544 1370 610 1410 49·
647 1373 710 1411 16.
755 1366 779 1410 o‘
801 1369 898 1419 ἔστι,
927 1367 1026 1410 κατοὲ
1043 1367 1117 1420 τὴν
1140 1373 1326 1410 Βοιωτῶν
1342 1372 1548 1422 γλῶσσαν,
1580 1367 1636 1415 εἷς
1656 1364 1750 1408 ὄὲλλο

306 1429 419 1478 σῶμα
429 1423 722 1490 ἐυτελέστερον·
734 1427 747 1476 ]
791 1426 990 1464 Cedrenus
1009 1425 1116 1464 hunc
1133 1427 1264 1464 locum
1285 1440 1334 1464 ex
1348 1427 1504 1474 Nostro,
1534 1423 1593 1461 uti
1615 1423 1751 1491 conje-

304 1483 403 1521 ctari
425 1483 467 1520 in
488 1489 676 1533 promptu
701 1488 779 1531 est,
824 1482 1066 1531 describens,
1114 1482 1322 1520 verborum
1342 1488 1470 1520 tamen
1490 1492 1667 1528 sensum,
1708 1475 1751 1519 τὸ

303 1535 497 1591 χωρήσειν
523 1538 815 1587 interserendo,
848 1538 1060 1588 perveltit:
1090 1538 1187 1576 adeo
1213 1545 1259 1576 ut
1283 1549 1453 1591 σατυρος
1475 1550 1553 1574 non
1583 1534 1750 1586 amplius

305 1608 453 1646 colpus
480 1593 640 1644 aliquod
662 1594 804 1642 vilius,
835 1595 894 1632 uti
923 1600 1054 1632 noster
1072 1595 1182 1644 vult3
1209 1594 1279 1632 sed
1298 1594 1450 1645 polim,
1482 1590 1750 1638 mutationem,

307 1651 389 1688 sive
420 1650 798 1700 transmigrationem
823 1649 865 1687 in
894 1663 1039 1702 corpus
1060 1650 1217 1700 aliquod
1235 1650 1354 1688 vilius
1372 1647 1574 1700 significet.
1634 1646 1752 1698 Apud

303 1706 556 1758 Hesychium,
586 1702 758 1759 σάτυροι,
789 1711 881 1743 sunt
900 1722 1052 1759 μορφαι
1070 1702 1267 1759 ἀπρεπεῖς.

420 1766 512 1815 Pag
546 1762 612 1804 50.
642 1766 682 1803 7.
734 1762 935 1814 κοῦσπος]
973 1763 1028 1800 De
1045 1761 1124 1799 hoc
1141 1761 1234 1800 vide
1250 1762 1307 1799 Jo.
1333 1759 1494 1799 Meursii
1517 1759 1687 1799 Glossar.
1714 1763 1752 1796 et

304 1792 496 1857 habt-oti0
494 1819 536 1856 in
567 1818 935 1857 Cedren.Glossa1·.
991 1818 1108 1858 Istius
1136 1831 1229 1857 vero
1251 1813 1497 1869 ποδοκάκης,
1525 1815 1629 1854 inter
1655 1813 1751 1853 alias

306 1874 481 1912 meminit
503 1873 834 1913 J0.Tzetz.Chi1.
856 1877 919 1916 13

522 1933 707 1970 Κοῦσποι
728 1929 782 1979 δέ,
805 1930 870 1970 καὶ
891 1927 1130 1980 κλοιόποδες,
1160 1925 1306 1997 ου’σπερ
1329 1925 1460 1994 φαμεν
1481 1925 1547 1967 καὶ
1562 1922 1750 1975 κλάπους,

526 1985 608 2025 Καὶ
631 1983 703 2025 όσα
733 1984 776 2026 δὲ
797 1999 1019 2027 κακυνουσι
1036 2002 1129 2033 τους
1150 1982 1277 2032 πόδας
1302 1979 1533 2024 ποδοκάκαι.

394 2040 472 2078 Ubi
490 2042 741 2091 vocabulum,
770 2039 989 2093 ποδοκάκη,
1018 2057 1124 2094 παρα
1141 2057 1183 2081 το
1205 2039 1298 2088 τούς
1314 2036 1440 2086 πόδας
1459 2034 1656 2086 κακύνειν,
1686 2036 1751 2074 de-

310 2097 474 2135 ductum
505 2110 607 2146 esse,
651 2097 815 2136 innuere
839 2099 1011 2138 videtm.
1068 2097 1286 2148 Hesychius
1314 2102 1445 2134 tamen
1474 2095 1623 2134 dictum
1650 2092 1749 2141 vult,

308 2148 512 2204 ποδοκακη
529 2166 603 2204 per
621 2167 839 2205 syncopen,
872 2155 981 2206 quasi
999 2149 1251 2211 ποδοκατὸχη.
1785 2192 1788 2193 ⁷

423 2211 516 2261 Pag.
549 2208 615 2249 50.
649 2212 713 2249 11.
746 2209 827 2249 Καὶ
848 2209 994 2263 λαβών,
1017 2210 1058 2250 ἐν
1077 2212 1102 2266 ᾑ
1124 2207 1330 2261 ἐβάσταζεν
1345 2203 1460 2262 αξίνῃ
1480 2203 1638 2255 ἕκλασε]
1671 2203 1750 2242 Νο-

310 2278 359 2304 va
379 2264 477 2302 haec
493 2264 679 2315 loquendi
695 2265 883 2316 sormu1a3
913 2267 987 2304 nisi
1005 2251 1107 2304 foite
1129 2264 1335 2333 particula,
1363 2262 1419 2310 ἐν,
1440 2247 1651 2300 redundet.

424 2321 711 2372 Pag.5o.12.
762 2317 864 2361 ὅπου
895 2319 1113 2372 ε’σφαληντο
1131 2322 1172 2361 οἱ
1198 2317 1323 2360 αυτοῦ
1347 2315 1488 2368 πόδες]
1540 2316 1648 2364 Quid
1671 2314 1750 2353 hoc

307 2376 544 2415 Barbarismi
572 2378 815 2427 portentum!
863 2392 960 2416 anne
977 2380 1171 2429 scriptum
1193 2377 1330 2424 fuerit,
1370 2370 1630 2425 ἠ’σφαλησαν,
1660 2378 1752 2409 tan-

310 2446 428 2483 quam
447 2432 494 2470 ab
517 2428 795 2495 ασφαλλομαιῖ)
824 2440 903 2480 aut,
926 2430 1248 2484 η’σφαλίσθησαν,
1266 2431 1314 2469 ab
1335 2426 1595 2481 ασφαλίζομαι
1609 2428 1750 2479 potius,

310 2488 418 2538 quod
438 2488 557 2538 magis
575 2487 809 2538 legitimum:
839 2495 942 2526 certe
965 2496 1080 2527 autor
1098 2494 1231 2527 noster
1250 2487 1327 2524 hoc
1346 2486 1437 2524 loco
1456 2485 1672 2534 respexisse
1688 2483 1752 2522 vi-

310 2544 428 2582 detur
446 2545 498 2582 ad
502 2517 637 2581 1111111Ο
637 2543 771 2585 Actor.
791 2558 876 2596 capi
897 2548 959 2587 16.
977 2558 1015 2585 v.
1038 2544 1104 2586 24.
1133 2543 1200 2584 καὶ
1218 2558 1310 2591 τους
1323 2538 1451 2590 πόδας
1471 2537 1603 2581 αὐτων
1622 2536 1749 2593 η’σφα-

309 2600 444 2640 λίσατο
464 2600 519 2646 εἰς
544 2614 587 2639 το
610 2596 738 2647 ξύλον.

420 2655 685 2707 Pag.51.1.
728 2671 795 2695 και
828 2652 904 2708 μετ’
921 2650 1050 2696 αὐτων
1079 2652 1239 2708 στρατος
1258 2650 1404 2704 πολυς]
1442 2653 1567 2691 Locus
1592 2650 1750 2690 mutilus

310 2710 481 2750 videtur.
541 2710 675 2749 Scribe
694 2711 823 2764 itaque
840 2713 924 2762 vel,
953 2714 1122 2765 στρατοῦ
1139 2712 1302 2751 πολλοῦ·
1348 2715 1415 2747 aut
1431 2710 1583 2762 supple,
1612 2703 1664 2760 ἦν
1683 2711 1751 2744 aut

309 2768 421 2806 verbi
442 2767 539 2818 quid
562 2766 650 2806 tale.

424 2826 520 2876 Pag.
553 2824 616 2865 51.
646 2826 685 2865 7.
735 2821 802 2863 καὶ
831 2820 963 2865 στενὸν
993 2837 1066 2875 την
1085 2818 1224 2872 πόλιν]
1266 2820 1383 2860 Forte
1410 2820 1478 2862 καὶ
1507 2821 1651 2862 στενῶν
1676 2831 1750 2870 την
