1838 3230
259 212 359 260 210
652 203 944 250 IOANNIS
975 204 1321 250 MA'LAL'AE
1353 204 1355 206 ’

258 328 330 370 τὸν
345 326 548 380 Ἀντίοχον
570 325 642 368 τὸν
661 320 937 379 Νικομήδους,
960 324 1131 377 βασιλέα
1152 328 1227 380 τῆς
1243 323 1380 375 Ἀσίας
1393 339 1404 349 ·
1441 327 1508 368 καὶ
1530 342 1719 383 παρακα-

259 400 322 438 λεῖ
359 394 483 437 αὐτὸν
524 396 789 448 συμμαχῆσαι
833 391 957 450 αὐτῷ.
1029 390 1134 447 εἶχον
1168 394 1212 435 δὲ
1243 392 1323 435 ἀπὸ
1350 393 1619 451 Ἀλεξάνδρου
1644 399 1719 438 τοῦ

258 460 504 511 Μακεδόνος
538 461 577 504 οἳ
608 458 845 509 ΖΠακεδόνες
882 458 1139 513 συνωμοσίας
1165 460 1267 514 μετὰ
1301 465 1384 503 τῶν
1415 460 1624 517 Ῥωμαίων
1649 479 1719 520 φι-

259 534 371 583 λιάς,
405 529 467 572 ὅτι
496 531 563 571 καὶ
589 528 765 583 στρατὸν
796 527 951 570 ἔδωκαν
971 532 1028 586 τῷ
1039 527 1290 586 Ἀλεξάνδρῳ
1310 529 1414 571 κατὰ
1431 531 1624 586 Δαρείου.
1648 563 1650 566 v
1669 560 1673 562 -
1694 528 1716 573 ὅ

251 600 455 652 Ἀντίοχος
484 595 505 639 ὅ
535 601 608 651 τῆς
632 597 770 645 Ἀσίας
794 595 984 649 βασιλεῦς
1010 598 1191 646 πεισθεὶς
1212 602 1268 654 τῷ
1283 597 1498 652 Ἀννιβαὰλ
1517 598 1751 653 συνέμιξε,5

259 670 324 710 καὶ
343 667 506 720 ἀπῆλθε
525 664 610 718 μετ’
632 664 760 707 αὐτοῦ
783 664 887 706 κατὰ
903 662 1125 717 Ῥωμαίων,
1156 664 1328 721 θαρρῶν
1351 669 1409 722 τῷ
1429 667 1516 724 ἰδίῳ
1537 671 1714 725 στρατῷ,

258 737 301 778 ἔκ
321 738 395 789 τῆς
415 734 618 782 Βιθυνίας
641 730 879 787 ἐξορμήσας.
950 733 1017 773 καὶ
1040 729 1282 781 ἄκου’-σαντες
1307 733 1344 774 οἱ
1361 731 1519 788 Ῥώμης
1543 737 1718 790 συγκλη-

255 804 357 846 τικοὶ
378 805 499 844 τοῦτο
530 798 805 856 προεβάλοντο
825 798 980 842 ὕπατον
1002 798 1199 853 δυνατόν,
1236 801 1307 842 τὸν
1331 799 1518 856 δεύτερον
1537 803 1717 856 Σκηπίο-

109 884 141 917 ο
165 883 233 919 269
257 889 321 924 να,
344 870 415 912 τὸν
434 869 612 926 ἀδελφὸν
629 873 702 910 τοῦ
725 866 889 924 πρώτου
909 869 1157 921 Σκηπιόνος·
1198 869 1264 909 καὶ
1290 867 1477 922 ἔπεμψαν
1496 869 1620 912 αὐτὸν
1641 887 1716 912 κα-

255 940 306 982 τὰ
333 943 415 981 τῶν
437 936 525 989 δύο,
541 934 748 991 Ἀντιόχου
768 941 839 978 τοῦ
860 936 1060 989 βασιλέως
1074 935 1211 984 Ἀσίας
1231 937 1297 977 καὶ
1311 935 1529 989 Ἀννιβαὰλ
1549 941 1623 980 τοῦ
1639 937 1714 995 ῥη-
1728 945 1772 980 10

205 1019 235 1054 Β
258 1007 325 1064 γὸς
353 1011 426 1060 τῆς
445 1006 652 1062 Ἀφρικῆς.
724 1006 790 1046 καὶ
814 1001 1051 1058 ἀπαντήσας
1071 1002 1210 1052 αὐτοῖς
1233 1004 1426 1057 συνέβαλε
1446 1002 1622 1057 πόλεμον
1641 1006 1716 1060 με’·

228 1106 230 1109 ψ
256 1093 331 1132 γαν
352 1074 434 1129 μετ’
457 1074 618 1116 αὐτῶν·
654 1073 720 1114 καὶ
747 1072 983 1128 σφαγέντων
1009 1074 1192 1123 πολλῶν,
1226 1070 1324 1113 ἴδιὸν
1352 1069 1373 1113 ὃ
1399 1071 1618 1126 Ἀννιβαᾶλ
1642 1073 1715 1128 τὴν

254 1147 327 1187 τοῦ
364 1142 590 1196 Σκηπίονος
618 1138 791 1194 δύναμιν
825 1141 892 1181 καὶ
924 1138 986 1181 ὅτι
1020 1138 1095 1188 τὰς
1125 1137 1259 1181 ἐπάνω
1286 1139 1421 1195 φέρει,
1457 1139 1604 1196 ἔφυγε·
1649 1143 1716 1183 καὶ

255 1211 386 1268 ἑαυτῷ
411 1206 776 1265 παραχρησάμενος
794 1209 960 1257 πιπίσας
978 1206 1170 1250 ἀπέθανε.
1235 1209 1302 1249 καὶ
1321 1205 1509 1262 ἑωρακώς
1526 1206 1715 1252 ὃἈντίο-

253 1296 326 1335 χος
347 1278 417 1321 τὸν
439 1275 656 1328 Ἀννιβαὰλ
678 1274 858 1332 φυγόντα
876 1275 998 1317 ἔδωκε
1025 1279 1159 1317 νῶτα·
1195 1276 1261 1317 καὶ
1283 1277 1520 1325 κατεδίωξεν
1544 1276 1668 1319 αὐτὸν
1690 1274 1770 1320 ὃ15

255 1347 446 1402 Σκηπίων
465 1345 539 1394 ἕως
555 1348 629 1386 τοῦ
648 1344 769 1400 ὄρους
788 1348 861 1397 τῆς
874 1343 1079 1398 Ἰσαυρίας
1096 1346 1168 1384 τοῦ
1187 1343 1399 1396 λεγομένου
1419 1342 1586 1401 Ταύρου
1598 1358 1609 1368 ·
1645 1347 1713 1387 καὶ

256 1414 442 1459 ἀνελθών
461 1414 541 1455 ε’κεῖ
557 1410 577 1454 ὅ
594 1412 796 1466 Ἀντίοχος
817 1411 969 1465 ἔπεμψε
987 1410 1089 1466 πρὸς
1107 1410 1231 1452 αὐτὸν
1245 1410 1444 1465 πρέσβεις,
1463 1416 1713 1467 παρακαλῶν

256 1481 405 1535 αὐτόν,
445 1479 500 1530 ὥς
529 1481 732 1535 μηδεμίαν
760 1479 915 1535 ἔχθραν
939 1477 1040 1532 ἔχων
1061 1478 1165 1520 κατὰ
1181 1476 1390 1532 Ῥωμαίων
1409 1478 1496 1522 ἀλλ’
1514 1477 1615 1536 ’ὖπὲρ
1635 1479 1713 1522 ἅλ-

252 1557 325 1594 λου
350 1553 548 1603 πολεμῶν.
604 1550 670 1590 καὶ
691 1548 852 1598 ἐδέξατο
878 1546 1002 1589 αὐτὸν
1024 1544 1046 1588 ὅ
1068 1547 1271 1600 Σκηπίων,
1297 1547 1363 1588 καὶ
1380 1547 1565 1602 ἐποίησεν
1587 1547 1713 1591 αὐτὸν

252 1618 332 1662 ὕπὸ
346 1617 569 1672 Ῥωμαίους
589 1616 694 1658 κατὰ
711 1614 874 1671 γνώμην
893 1619 965 1669 τῆς
992 1612 1215 1669 συγκλήτου
1237 1611 1394 1668 Ῥώμης
1428 1614 1532 1671 πρὸς
1553 1615 1602 1658 τὸ
1630 1616 1767 1659 ποι-’ΞΟ

200 1687 232 1736 b
257 1689 380 1745 ρέχειν
401 1685 526 1729 αὐτὸν
547 1685 641 1727 καθ’
667 1684 834 1726 ἕκαστον
855 1683 944 1732 ἔτος
956 1680 1168 1736 Ῥωμαίοις
1180 1686 1338 1737 χρυσοῦ
1360 1680 1542 1726 τάλαντα
1562 1683 1713 1726 τέσσα-

106 1772 139 1805 0
162 1772 231 1808 270
255 1773 307 1813 ρα
342 1756 407 1797 καὶ
438 1750 614 1809 ἀργύρου
632 1754 698 1794 καὶ
716 1751 821 1794 ἄλλα
842 1750 931 1793 τινὰ
951 1749 1042 1806 ἄχρι
1063 1754 1135 1804 τῆς
1160 1749 1288 1792 αὐτοῦ
1311 1751 1424 1804 ζωῆς.
1495 1752 1562 1793 καὶ
1591 1749 1710 1807 ποιή-

252 1840 329 1874 σας
357 1822 523 1880 ἄριστον
555 1819 576 1863 ὅ
605 1822 794 1879 Σκηπίων
823 1818 1006 1861 ἐκάλεσεν
1036 1817 1160 1860 αὐτὸν
1184 1820 1252 1860 καὶ
1281 1818 1478 1876 παρέσχεν
1502 1818 1614 1879 αὐτῷ
1638 1820 1709 1863 τὸν

342 1920 377 1955 3.
407 1918 627 1962 συνομοσίας
649 1916 716 1951 Ox.
803 1915 865 1951 12.
889 1912 980 1950 ἰδών
1003 1913 1089 1956 Ch.,
1111 1913 1190 1949 ἴδεν
1214 1914 1281 1948 Ox.
1375 1915 1429 1949 17.
1450 1915 1616 1962 πρεσβεῖς
1639 1915 1709 1953 Ox.

253 1997 474 2038 Antiochum,
507 1994 700 2029 Nicomedis
725 1993 764 2028 F.
788 1993 889 2027 Asiae
912 2004 1048 2037 regem:
1089 2004 1110 2025 a
1132 2005 1197 2038 quo
1223 1991 1378 2026 auxilium
1401 1992 1559 2027 adversus
1581 1993 1708 2027 Roma-

251 2056 310 2078 nos
334 2043 443 2089 petiit.
490 2040 647 2075 Foedera
669 2044 778 2073 autem
802 2038 971 2073 amicitiae
1001 2049 1074 2071 cum
1097 2038 1254 2072 Romanis
1278 2039 1469 2072 habuerunt
1493 2038 1706 2080 Macedones,

253 2090 332 2123 inde
355 2090 397 2122 ab
421 2086 605 2121 Alexandri
627 2086 856 2129 temporibus3
884 2097 925 2118 eo
950 2084 1041 2129 quod
1064 2083 1218 2117 exercitu
1243 2083 1392 2117 Romano
1416 2083 1599 2118 instructus
1623 2083 1707 2118 fuis-

253 2138 306 2168 set
328 2133 541 2172 Alexander,
566 2131 655 2164 bello
680 2130 818 2163 Darium
843 2140 1069 2174 aggressurus.
1118 2129 1302 2162 Antiochus
1324 2139 1405 2163 vero
1428 2139 1491 2162 rex
1513 2128 1624 2171 Asiae,
1648 2139 1707 2163 co—

253 2180 318 2225 piis
340 2179 406 2213 suis
430 2178 582 2215 confisus,
605 2176 762 2219 adjungit
783 2187 820 2208 se
842 2174 1044 2208 Hannibali:
1069 2178 1173 2218 atque
1196 2174 1347 2208 exercitu
1371 2185 1414 2208 ex
1437 2174 1600 2219 Bithynia
1623 2175 1707 2208 edu-

251 2231 326 2267 cto,
368 2227 487 2258 contra
521 2222 686 2255 Romanos
720 2231 794 2254 cum
821 2232 860 2253 eo
884 2221 1056 2264 profectus
1080 2225 1143 2254 est.
1202 2219 1346 2253 Senatus
1380 2224 1490 2253 autem
1523 2220 1704 2261 Romanus,

250 2273 317 2305 hoc
340 2269 477 2308 audito,
519 2266 694 2301 Consulem
726 2266 916 2310 designavit
946 2265 1137 2309 Scipionem
1159 2264 1358 2306 secundum,
1394 2264 1560 2309 Scipionis
1572 2265 1705 2309 ‘prioris

252 2318 414 2355 fratrem,
445 2313 550 2347 virum
574 2317 757 2346 strenuum:
799 2311 856 2354 qui
879 2311 993 2344 missus
1015 2322 1036 2344 a
1059 2311 1187 2346 Senatu
1209 2313 1328 2344 contra
1353 2309 1435 2344 duos
1456 2310 1550 2350 illos,
1582 2309 1706 2344 Antio-

252 2364 348 2396 chum
372 2359 492 2399 Asiae,
516 2361 552 2391 et
572 2356 792 2391 Hannibalem
816 2357 956 2390 Africae
978 2366 1096 2399 reges,
1121 2354 1254 2389 obviam
1278 2354 1325 2388 eis
1347 2355 1530 2399 processit:
1554 2354 1703 2400 praelio-

253 2419 318 2452 que
341 2406 500 2449 utrinque
522 2403 647 2437 acriter
668 2401 857 2442 commisso,
881 2401 1013 2445 plurimi
1036 2401 1243 2435 ceciderunt.
1290 2399 1416 2433 Videns
1440 2404 1551 2434 autem
1572 2398 1704 2434 Hanni-

251 2453 327 2493 bal,
367 2455 516 2496 quantae
540 2451 650 2483 essent
672 2446 842 2492 Scipionis
864 2447 971 2487 vires,
1012 2450 1047 2479 et
1070 2446 1162 2490 quod
1185 2445 1312 2489 ubique
1345 2445 1499 2489 superior
1530 2445 1702 2488 evasisset,

251 2498 285 2531 in
308 2498 422 2540 fugam
446 2494 611 2535 vertitur3
649 2496 685 2527 et
706 2503 834 2526 veneno
858 2492 998 2532 hausto,
1031 2495 1170 2524 mortem
1194 2489 1257 2524 sibi
1280 2489 1470 2526 consciscit.
1516 2490 1702 2524 Antiochus

252 2548 364 2576 autem
387 2541 447 2575 ubi
469 2538 689 2574 Hannibalem
710 2537 894 2582 fugientem
917 2535 1023 2577 vidit,
1047 2540 1084 2569 et
1106 2536 1179 2579 ipse
1201 2539 1300 2579 terga
1322 2535 1438 2569 dedit:
1463 2546 1560 2580 quem
1583 2535 1701 2581 Scipio

251 2588 421 2622 insecutus
453 2590 504 2619 est
534 2583 694 2618 Isauriam
723 2594 848 2627 usque,
886 2582 928 2615 ad
951 2584 1095 2615 montem
1120 2581 1282 2614 Taurum.
1343 2580 1525 2621 Quocum
1554 2581 1702 2615 venisset

251 2634 453 2672 Antiochus,
479 2630 682 2674 Scipionem
695 2639 757 2674 per
778 2628 908 2671 legatos
930 2631 1102 2660 exoratum
1126 2625 1263 2667 habuit,
1288 2625 1338 2660 uti
1360 2626 1395 2659 in
1418 2627 1563 2671 gratim
1586 2638 1623 2660 se
1645 2637 1702 2660 re-

251 2677 400 2722 ciperet:
424 2680 463 2710 ut
487 2675 546 2721 qui
570 2680 686 2720 partes
707 2677 839 2708 tantum
861 2673 987 2706 alienas
1011 2671 1155 2716 egisset3
1180 2674 1301 2704 contra
1323 2671 1491 2705 Romanos
1514 2677 1624 2706 autem
1648 2669 1700 2704 ni-

250 2722 299 2756 hil
319 2721 441 2755 hostile
464 2722 654 2765 cogitasset.
700 2718 842 2764 Accepit
862 2717 968 2762 igitur
1002 2728 1076 2751 eum
1100 2716 1238 2760 Scipio,
1279 2719 1316 2750 et
1339 2727 1382 2750 ex
1405 2715 1699 2751 Senatusconsulto

250 2767 407 2801 Romanis
429 2766 645 2799 tributarium
668 2764 773 2805 fecit3
811 2775 852 2797 ea
874 2763 1005 2798 scilicet
1027 2761 1239 2803 conditione,
1263 2765 1303 2795 ut
1327 2761 1526 2806 quotannis,
1551 2760 1699 2807 quandiu

250 2811 402 2852 viveret,
434 2811 508 2845 auri
523 2811 654 2845 talanta
667 2820 724 2851 1v,
759 2809 959 2854 argentique
981 2807 1141 2848 totidem,
1164 2811 1301 2851 praeter
1324 2807 1389 2840 alia
1412 2806 1596 2852 quaedam,
1619 2815 1701 2850 per-

251 2857 406 2892 solveret.
453 2855 571 2902 Scipio
595 2859 708 2890 autem
732 2854 921 2890 convivium
943 2853 1122 2895 exhibens,
1155 2851 1353 2888 Antiochum
1374 2852 1529 2888 vocavits
1567 2850 1623 2887 oui
1645 2854 1698 2885 et-
