1838 3230
255 198 354 247 324
647 187 944 233 IOANNIS
976 162 1323 231 MALALAE

355 314 441 357 Καὶ
461 312 502 355 ἐν
522 311 632 368 αὐτῷ
654 313 712 368 τῷ
728 305 862 366 χρόνῳ
883 306 905 351 ὅ
931 306 1055 358 αὐτὸς
1071 307 1264 362 βασιλεὺς
1286 308 1600 354 Κωνσταντΐνος
1619 303 1716 354 τούς

255 380 378 432 ῗίντας
408 382 450 423 ἓν
481 374 907 423 Κωνσταντινουπόλει
939 383 1046 432 τρεῖς
1077 376 1201 426 ναοὺς
1222 376 1264 418 ἐν
1289 379 1341 432 τῇ
1362 370 1504 431 πρῴην
1525 370 1717 428 λεγομένῃ

255 446 471 506 ἀκροπόλει
505 451 578 490 τοῦ
603 445 745 489 Ἡλίου
779 446 844 488 καὶ
867 448 939 499 τῆς
954 443 1187 500 Ἀρτέμιδος
1208 441 1376 499 σελήνης
1393 442 1460 484 καὶ
1481 445 1555 497 τῆς
1564 439 1717 498 Ἀφρο-

257 519 371 573 δίτης
390 516 591 559 ἐκέλευσεν
615 514 946 572 ἀχρηματίστους
965 516 1037 555 τοῦ
1059 516 1202 556 λοιποῦ
1226 514 1439 566 διαμεῖναι.

358 627 486 673 Μετὰ
516 626 561 669 δὲ
591 626 724 683 ὀλίγον
756 627 896 683 καιρὸν
925 623 1176 682 ἐτελεύτησεν
1201 623 1221 668 ὅ
1244 623 1368 674 αὐτὸς
1387 619 1578 677 βασιλεὺς
1595 621 1750 667 Kane-5

259 703 471 745 σταντῖνος
494 696 535 738 ἓν
559 695 812 754 Νικομηὸείᾳ
831 699 904 750 τῆς
921 696 1135 746 Βιθυνίας,
1162 691 1216 743 ὡς
1235 692 1342 735 ἔστιν
1365 692 1407 734 ἓν
1428 688 1653 747 προκέσσῳ,
1675 688 1726 731 ἓν,

204 773 236 808 Ι)
260 765 487 822 προαστείῳ
516 765 592 805 τινὶ
627 764 824 821 λεγομένῳ
847 764 1042 818 Ἀχυρῶνι
1066 762 1145 819 πρὸ
1177 761 1312 817 ὀλίγου
1341 756 1618 813 διαστήματος
1645 759 1721 812 τῆς

257 832 427 885 πόλεως,
465 829 735 889 ἀρρωστήσας
757 829 911 887 ἠμέρας
934 831 988 883 ἓξ,
1024 830 1103 886 πρὸ
1122 833 1195 872 τοῦ
1214 832 1483 884 πληρωθῆναι
1500 826 1547 869 τὸ
1569 825 1719 879 κτίσμα

258 902 301 945 ἓν
317 901 538 959 Ἀντιοχείᾳ
559 905 608 957 τῇ
627 897 782 956 μεγάλῃ
811 903 885 954 τῆς
906 899 1060 955 Συρίας
1079 898 1126 941 τὸ
1155 901 1229 952 τῆς
1247 896 1422 953 μεγάλης
1442 894 1653 949 ἐκκλησίας
1671 891 1719 935 τὸ

137 975 170 1009 Ο
195 975 236 1010 11
261 970 448 1026 μέγιστον
471 970 538 1010 καὶ
558 966 602 1011 ίἓν
623 967 670 1010 ὃν
693 971 775 1010 τῶν
799 965 1038 1022 θεαμάτων.
1106 969 1271 1024 τελευτᾷ
1304 966 1348 1008 δὲ
1377 964 1432 1007 ὢν
1462 961 1655 1006 ἐνιαυτῶν
1685 957 1776 1011 ξ’10

257 1039 326 1081 καὶ
354 1039 496 1092 μηνῶν
523 1034 575 1092 γ’,
614 1034 670 1085 ὥς
697 1039 829 1077 ταῦτα
857 1033 1141 1091 συνεγράψατο
1172 1035 1238 1076 καὶ
1267 1033 1364 1082 τοὺς
1374 1027 1548 1088 χρόνους
1565 1027 1722 1079 πάντας

258 1109 343 1148 τῶν
372 1103 738 1161 προγεγραμμένων
763 1103 964 1158 βασιλέων
985 1101 1006 1146 ὃ
1026 1100 1269 1160 σοφώτατος
1288 1098 1562 1157 Νεστοριανὸς
1583 1095 1604 1141 ὅ
1618 1113 1723 1155 χρο-

257 1170 475 1230 νογράφος.

210 1295 243 1329 Ε
367 1284 494 1329 Μετὰ
522 1284 566 1327 δὲ
593 1283 667 1338 τὴν
696 1283 903 1338 βασιλείαν
930 1283 1243 1326 Κωνσταντίνου
1267 1287 1341 1324 τοῦ
1364 1278 1542 1337 μεγάλου
1561 1277 1722 1336 ηὖρὲθη

261 1353 454 1409 βασιλεὺς
475 1351 531 1395 ὢν
549 1353 590 1395 ἐν
604 1349 740 1408 Ῥώμῃ
763 1354 1071 1401 Κωνσταντΐνος
1093 1349 1113 1393 ὃ
1136 1350 1224 1399 υἱὸς
1246 1350 1372 1392 αὐτοῦ
1386 1364 1396 1373 ·
1434 1348 1571 1392 ὅντινα
1599 1348 1642 1390 ἓν
1669 1353 1720 1405 τῇ
1734 1356 1776 1391 15

264 1425 346 1479 ζωῇ
375 1421 503 1463 αὐτοῦ
526 1421 685 1476 ἐποίησε
705 1420 878 1473 βασιλέα
892 1417 1050 1475 Ῥώμης
1069 1420 1133 1462 ἐπὶ
1157 1423 1232 1474 τῆς
1253 1416 1447 1467 ὑπατείας
1472 1416 1636 1474 Οὕρσου
1655 1418 1722 1459 καὶ

263 1489 493 1544 Πολυβίου.

357 1644 413 1679 16.
449 1628 508 1678 ἐπὶ
539 1642 605 1687 τῆς
634 1638 811 1682 ὑπατείας
837 1638 984 1685 Οὕρσου
1015 1641 1077 1677 καὶ
1099 1640 1322 1686 Πολυβίου.]
1357 1665 1380 1682 ,,
1391 1639 1474 1673 Chr.
1498 1638 1595 1674 Alex.
1618 1637 1724 1672 habet

361 1684 512 1732 Οὕρσου
545 1689 608 1723 καὶ
645 1689 843 1731 Πολεμίου.
890 1687 983 1722 Fasti
1006 1687 1108 1723 etiam
1132 1687 1318 1733 Capitolini
1341 1687 1407 1721 hoc
1431 1696 1518 1721 anno
1542 1685 1667 1719 Ursum
1688 1687 1726 1718 et

357 1733 542 1769 Polemium
565 1734 658 1769 Coss.
683 1734 852 1768 exhibent.
861 1735 886 1753 “
930 1734 995 1767 Ch.

360 1870 494 1904 Eodem
518 1869 618 1904 etiam
641 1875 794 1915 tempore
817 1870 1057 1904 Constantinus
1080 1869 1291 1914 Imperator,
1330 1869 1411 1903 fana
1432 1867 1491 1902 illa
1513 1866 1598 1908 tria,
1636 1877 1725 1910 quae

269 1915 306 1950 in
328 1927 370 1950 eo
393 1915 479 1957 loco,
502 1916 563 1961 qui
586 1916 762 1960 Acropolis
785 1916 862 1950 olim
886 1916 1074 1957 dicebatur,
1107 1915 1218 1960 posita
1240 1918 1349 1956 erant,
1374 1913 1463 1948 Solis
1486 1923 1626 1958 nempe,>
1641 1911 1724 1946 Dia·

270 1973 348 2003 nae,
371 1961 489 1995 Lunae
512 1965 547 1995 et
568 1961 724 2003 Veneris,
755 1961 919 1996 reditibus
942 1966 1044 1996 exuta
1068 1961 1226 2006 deinceps
1248 1971 1381 1995 manere
1400 1958 1511 2004 jussit.

360 2050 442 2085 Non
463 2050 564 2094 longo
586 2053 696 2086 autem
718 2054 797 2096 post
819 2055 970 2097 tempore
991 2052 1180 2096 Imperator
1203 2047 1462 2089 Constantinus,
1505 2047 1540 2081 in
1562 2046 1725 2082 Nicome-

271 2096 361 2130 diam
382 2095 566 2140 Bithyniae
587 2096 710 2131 itinere
731 2099 841 2138 facto,
864 2098 899 2132 in
922 2098 1072 2132 morbum
1095 2095 1234 2136 incidit;
1259 2107 1280 2129 a
1302 2106 1368 2139 quo
1394 2105 1466 2128 cum
1489 2105 1552 2139 per
1573 2104 1630 2127 sex
1654 2091 1726 2127 dies

271 2142 498 2182 decubuerat,
534 2140 570 2174 in
593 2143 739 2185 ejusdem
763 2142 912 2177 civitatis
933 2143 1092 2178 suburbio
1115 2141 1276 2186 quodam,
1312 2140 1491 2183 Achyrone
1514 2138 1628 2179 dicto,
1659 2149 1725 2172 non

272 2187 392 2233 procul
416 2187 458 2220 ab
482 2186 581 2229 urbe,
606 2187 692 2220 diem
716 2199 808 2221 suum
833 2188 929 2229 obiit,
956 2194 1132 2232 antequam
1157 2197 1240 2231 opus
1262 2185 1344 2218 illud
1366 2184 1592 2228 magnificum,
1616 2187 1652 2217 et
1674 2183 1727 2217 in·

272 2238 329 2266 ter
352 2231 442 2266 orbis
465 2231 635 2266 Miracula
657 2233 876 2275 censendum,
909 2233 1085 2267 Ecclesiae
1107 2242 1225 2276 nempe
1248 2230 1478 2264 Antiochenae
1499 2229 1649 2273 Magnae
1670 2230 1725 2262 fa—

272 2277 401 2311 bricam
425 2277 470 2311 ad
493 2277 616 2311 exitum
638 2277 855 2322 perduxisset.
903 2279 1058 2313 Mortuus
1081 2283 1192 2312 autem
1215 2280 1285 2316 est,
1315 2286 1418 2309 annos
1440 2278 1537 2308 natus
1561 2285 1628 2314 Lx,
1653 2285 1726 2308 cum

274 2322 437 2356 mensibus
467 2322 593 2357 tribus:
633 2323 684 2356 uti
707 2323 792 2356 haec
814 2323 997 2357 memoriae
1028 2322 1180 2368 prodidit
1201 2319 1460 2366 sapientissimus
1490 2319 1724 2361 Nestor-ianus,

273 2368 582 2446 Qhroplographus3
623 2368 684 2413 qui
706 2367 957 2413 praedictorum
980 2379 1116 2414 quoque
1138 2368 1379 2412 Imperatorum
1402 2376 1456 2399 res
1478 2369 1590 2410 gestas
1613 2364 1725 2399 Chro-

274 2424 349 2446 mco
396 2412 561 2458 escripsit.

436 2535 1159 2585 CONSTANTINUS
1205 2532 1567 2597 JUNIOR‚

660 2635 822 2671 ROM.
867 2634 1340 2670 IMPERATOR.

366 2736 450 2770 Post
471 2738 635 2771 mortuum
667 2748 750 2771 vero
774 2735 1046 2777 Constantinum,
1082 2736 1211 2770 Romae
1237 2747 1376 2780 regnum
1399 2735 1509 2770 tenuit
1531 2733 1725 2770 Constanti-

277 2790 338 2814 nus
360 2782 469 2822 filius3
505 2793 602 2826 quem
625 2786 744 2827 pater,
766 2782 844 2816 dum
867 2782 976 2817 adhuc
999 2781 1072 2827 ipse
1094 2781 1130 2815 in
1153 2781 1239 2816 vivis
1263 2785 1368 2824 esset,
1392 2793 1506 2827 regem
1528 2780 1577 2816 ibi
1597 2778 1724 2816 consti-

278 2830 416 2868 tuerat3
441 2828 529 2861 Urso
553 2832 590 2862 et
612 2827 758 2872 Polybio
781 2828 876 2863 Coss.
