1838 3230
421 141 1069 203 CHRONOGRAPHIA.
1125 141 1174 185 L.
1206 141 1255 185 11.
1510 145 1576 192 43

105 270 181 322 τῆς·
196 265 435 321 monetae*
451 261 752 320 κείιοσμημένον
773 262 884 322 ὅπλῳ
908 265 975 306 καὶ
999 267 1182 322 στρατῷ,
1211 261 1297 315 οὕς,
1321 262 1438 320 φησί,
1464 263 1580 319 σκίρ-

106 352 206 386 τους
222 333 368 388 ἐκάλει,
393 332 448 385 ὥς
462 333 635 392 γοργούς
654 334 722 376 καὶ
741 333 1037 388 ἐξαλλομένους
1051 347 1060 357 ·
1092 328 1199 389 ἦσαν
1218 332 1297 390 γὰρ
1316 333 1359 375 ἐκ
1379 336 1453 387 τῆς
1471 334 1581 375 Βεσ-

107 409 226 460 σικῆς
247 402 412 462 χώρας,
450 404 518 447 καὶ
546 404 674 462 σοφίᾳ
696 407 873 461 μυστικῇ
894 402 1224 458 πεπαιδευμένοι·
1260 405 1395 445 ταῦτα
1415 401 1538 458 γνοὺς
1558 399 1580 444 ὅ

107 473 300 524 Πενθεὺς
320 470 489 532 ἐφθόνει
511 472 639 532 αὐτῷ,
664 470 846 522 ἀκούσας
867 471 929 515 ὅτι
947 473 1015 515 καὶ
1033 476 1107 527 τῆς
1122 472 1334 525 βασιλείας
1352 475 1436 514 τῶν
1447 474 1586 514 Βοιω-
1609 480 1641 516 D

75 547 194 588 ὄτῶν
227 543 434 598 ἐπιθυμεῖ.
505 543 574 585 καὶ
602 539 808 598 γενόμενοι
837 542 982 599 ἐχθροὶ
1009 542 1236 597 συνέβαλον
1263 539 1442 595 πόλεμον
1465 541 1507 584 ἐν
1531 545 1584 598 τῇ

108 610 247 657 πόλει·
269 614 337 655 καὶ
361 610 383 655 ὃ
403 610 596 661 Πενθεὺς
612 609 781 668 νικήσας
803 611 929 655 αὐτὸν
950 611 1182 668 παρέλαβεν
1204 608 1346 664 αὐτόν,
1366 611 1433 653 καὶ
1454 607 1586 666 δήσας

109 679 311 739 ἐφύλαξεν
330 681 456 725 αὐτὸν
477 680 546 724 διὰ
569 681 643 736 τὴν
665 676 895 739 παρουσίαν
920 685 994 723 τοῦ
1005 679 1199 736 Κάδμου,
1223 684 1299 724 τοῦ
1319 677 1587 723 πάππουαῦ-

110 755 207 796 τῶν.
275 749 303 807 ἡ
334 751 379 794 δὲ
407 747 587 807 Ἀγαύη,
627 747 683 801 ὥς
712 752 810 794 θεία
843 750 973 793 αὐτοῦ
1002 752 1070 793 καὶ
1100 749 1239 807 μήτηρ
1271 754 1347 793 τοῦ
1369 749 1585 802 Πενθέως,

110 821 288 864 πείσασα
316 819 389 864 τὸν
418 820 524 863 ἴδιον
554 819 644 863 υἱὸν
673 821 858 875 ἐποίησεν
885 819 1011 863 αὐτὸν
1035 820 1240 864 ἀπολῦσαι
1264 816 1405 863 αὐτόν.
1478 817 1590 869 ὅστις

57 897 103 933 10
114 890 339 940 ἀπολυθεὶς
362 886 598 944 ἐβουλεύετο
628 894 717 940 πῶς
742 889 864 946 ἀνέλῃ
894 889 966 932 τὸν
994 890 1189 933 Πενθέα’
1225 891 1294 932 καὶ
1322 886 1591 944 ὁπλισάμενος

111 960 395 1016 μετεστείλατο
418 959 492 1015 τὴν
504 957 704 1015 Ἀγαύην,
742 960 809 1002 καὶ
830 958 956 1017 ᾔτησε
977 963 1231 1016 φιλιωθῆναι
1252 957 1381 1013 αὐτὴν
1398 961 1457 1016 τῷ
1480 961 1594 1001 Πεν-

112 1033 187 1072 θεῖ
217 1030 286 1072 καὶ
313 1027 402 1084 ἅμα
439 1028 552 1087 αὐτῷ
581 1028 775 1072 ἀπελθεῖν
809 1032 913 1085 πρὸς
945 1027 1018 1072 τὸν
1049 1027 1241 1083 Κάδμον.
1322 1025 1349 1083 ἢ
1382 1028 1426 1070 δὲ
1459 1026 1594 1070 πολλὰ

113 1095 324 1154 ποιήσασα
352 1102 412 1157 τῷ
435 1100 618 1151 Πενθεῖ,
656 1102 715 1157 τῷ
745 1096 895 1153 ἑαυτῆς
921 1098 1023 1157 υἱῷ,
1061 1097 1216 1141 ἔπεισεν
1237 1096 1365 1140 αὐτὸν
1385 1100 1595 1154 φιλιωθῆ-

115 1185 183 1211 ναι
207 1166 320 1226 αὐτῷ
343 1169 411 1211 καὶ
432 1166 628 1210 ἀπελθεῖν
645 1167 749 1225 πρὸς
768 1167 840 1211 τὸν
859 1165 1062 1221 Κάδμον,
1101 1165 1163 1210 ὅτι
1183 1165 1374 1223 ἐλυπήθη
1394 1166 1498 1224 πρὸς
1517 1166 1595 1209 αὖ-
1617 1174 1650 1209 Ε

61 1243 106 1281 15
118 1234 238 1290 τούς,
272 1241 350 1292 τῆς
373 1234 550 1292 Ἀγαύης
571 1237 877 1292 συνταξαμένης
898 1235 986 1291 ἅμα
1010 1236 1152 1287 αὐτοῖς
1174 1236 1333 1280 ἀπιέναι
1351 1237 1419 1279 καὶ
1441 1239 1596 1279 πείθειν
1620 1244 1654 1278 Ο
1679 1244 1723 1280 51

116 1306 191 1350 τὸν
219 1306 325 1349 ἴδιον
354 1306 526 1362 πατέρα.
601 1304 622 1348 ὃ
651 1306 696 1349 δὲ
722 1304 931 1357 Διόνυσος
953 1306 1140 1362 ὠργίζετο
1162 1305 1268 1349 κατὰ
1288 1310 1362 1349 τοῦ
1381 1306 1595 1359 Πενθέως,

118 1373 176 1426 ὦς
196 1377 332 1426 δεθεὶς
353 1376 421 1419 καὶ
441 1374 756 1433 λοιδορούμενος
777 1375 870 1434 παρ’
894 1376 1023 1419 αὐτοῦ
1036 1390 1046 1399 ·
1085 1375 1190 1432 ἔλεγε
1212 1375 1291 1432 γὰρ
1314 1379 1439 1418 πᾶσιν
1470 1374 1532 1418 ὅτι
1556 1376 1599 1418 ἔκ

118 1446 309 1503 πορνείας
339 1444 488 1501 ἐτέχθη
514 1443 536 1488 ὅ
558 1445 684 1496 αὐτὸς
701 1444 920 1496 Διόνυσος.
994 1444 1062 1488 διὰ
1087 1450 1212 1489 τοῦτο
1233 1446 1277 1488 δὲ
1297 1446 1366 1488 καὶ
1383 1442 1406 1488 ’ὃ
1427 1444 1600 1502 Εὐριπί-

120 1516 196 1570 δης
228 1513 334 1571 μετὰ
357 1511 536 1571 χρόνους
567 1513 748 1573 εὖρηκὼς
763 1515 811 1559 τὸ
834 1519 1025 1559 τοιοῦτον
1053 1513 1301 1572 σύγγραμμα
1323 1518 1406 1558 τῶν
1424 1517 1602 1569 Βακχῶν

63 1584 285 1636 Ξοέξίθετο
316 1585 478 1642 δρᾶμα,
517 1581 574 1635 ὥς
602 1584 685 1628 ἀπὸ
711 1585 912 1636 Πενθέως
940 1584 1064 1628 εἰπὼν
1085 1590 1242 1628 ταῦτα·
1280 1583 1438 1639 Σεμέλη
1463 1584 1508 1626 δὲ
1529 1587 1601 1626 λο-

218 1742 251 1776 1.
276 1738 471 1786 σκίρτους]
495 1740 576 1775 Vid.
599 1741 750 1776 Lobeck.
776 1742 1003 1787 Aglaopham.
1028 1753 1062 1787 p.
1089 1741 1188 1778 1311.
1285 1742 1340 1777 11.
1365 1737 1509 1786 αὐτὴν]
1535 1737 1604 1775 αὖ·

214 1785 282 1821 τὸν
307 1786 373 1821 Ch.
421 1787 513 1822 Tum
538 1788 605 1822 Ox.
631 1790 700 1823 τοῦ
726 1788 870 1825 Πενθεῖ
893 1793 929 1824 et
950 1799 1028 1823 mox
1051 1787 1204 1825 Πενθέϊ.
1308 1789 1366 1822 20.
1401 1787 1601 1831 Πενθέως]

216 1832 321 1868 Immo
345 1833 503 1869 Semelae
525 1845 690 1870 sororum.

125 1983 306 2029 persuasos
329 1971 475 2008 haberet
498 1984 575 2016 eos,
612 1985 712 2020 posse
735 1985 772 2008 se
794 1972 1004 2008 Boeotorum
1027 1984 1170 2019 regnum
1192 1973 1258 2009 sibi
1282 1985 1455 2017 asserere3
1479 1977 1520 2009 ut
1543 1974 1602 2020 qui

125 2023 310 2055 mstructus
334 2023 423 2054 esset
445 2019 620 2063 exercitu,
656 2025 694 2055 et
716 2019 875 2054 militibus
900 2020 1084 2065 ejusmodi,
1114 2033 1197 2066 quos
1221 2023 1265 2057 ob
1290 2021 1442 2068 corporis
1467 2020 1604 2066 agilita-

126 2068 197 2100 tem
233 2070 270 2100 et
299 2065 448 2100 saltandi
481 2066 641 2112 peritiam
673 2068 805 2101 Scirtos
834 2078 960 2101 vocare
982 2079 1019 2102 se
1043 2066 1150 2102 dixit:
1191 2068 1313 2112 [erant
1336 2068 1422 2103 enim
1446 2080 1490 2102 ex
1517 2079 1603 2112 gen—

126 2116 165 2146 te
189 2111 338 2154 Bessica,
362 2116 399 2147 et
420 2112 657 2157 mysteriorum
681 2113 821 2159 insuper
844 2113 1040 2158 cognitione
1062 2113 1219 2159 imbutit]
1244 2115 1430 2157 Pentheus,
1454 2114 1603 2159 inquam,

127 2157 259 2192 certior
277 2159 322 2193 de
344 2157 397 2193 his
421 2159 554 2201 factus3
580 2160 719 2194 audiens
744 2159 844 2194 etiam
867 2159 1033 2194 Boeotiae
1055 2172 1197 2205 regnum
1222 2173 1295 2195 eum
1319 2162 1497 2202 affectare,
1523 2159 1602 2194 odio

129 2203 316 2248 Dionysum
335 2210 539 2250 prosecutus
564 2211 634 2241 est:
662 2212 697 2240 et
719 2205 906 2240 inimicitiis
928 2206 1074 2242 invicem
1099 2208 1297 2249 contractis,
1320 2208 1356 2242 in
1373 2207 1447 2253 ipsa
1462 2207 1546 2241 urbe
1564 2205 1607 2239 ad

130 2261 280 2296 pugnam
304 2250 486 2286 deventum
511 2256 573 2287 est.
605 2253 779 2287 Pentheus
803 2256 916 2287 autem
940 2253 1071 2300 praelio
1097 2253 1220 2296 victor,
1245 2254 1430 2300 Dionysum
1454 2263 1609 2298 compre-

131 2295 273 2337 hendit3
309 2296 416 2343 inque
438 2297 575 2333 vincula
600 2300 808 2344 conjectum,
841 2299 877 2333 in
901 2299 1023 2334 Cadmi
1047 2299 1104 2335 avi
1129 2300 1311 2335 adventum
1336 2309 1514 2335 asservare
1537 2302 1609 2332 sta—

131 2342 212 2377 tuit.
275 2343 394 2388 Agave
419 2348 532 2379 autem
556 2345 701 2380 Penthei
726 2349 856 2388 mater,
893 2348 929 2380 et
950 2345 1095 2393 Dionysi
1118 2351 1326 2388 matertera,
1364 2345 1524 2391 precibus
1548 2344 1610 2378 ob-

132 2387 240 2422 tinuit
263 2399 286 2422 a
308 2389 379 2424 fiiio
403 2401 483 2433 suo,
526 2400 567 2425 ut
603 2391 777 2438 captivum
809 2392 984 2427 liberaret.
1032 2394 1215 2428 Liberatus
1238 2393 1407 2438 Dionysus
1439 2402 1552 2425 secum
1575 2389 1611 2424 in

134 2434 246 2469 animo
269 2434 427 2478 volutat,
455 2438 624 2482 quomodo
649 2439 836 2473 Pentheum
860 2451 880 2474 e
902 2439 1013 2475 medio
1037 2439 1147 2474 tollat.
1194 2439 1305 2475 Armis
1327 2440 1446 2483 itaque
1466 2435 1610 2483 paratis,

135 2483 288 2524 Agavem
323 2482 492 2525 accersit3
538 2489 705 2530 rogatque
738 2496 832 2526 eam,
876 2489 917 2519 ut
947 2485 982 2519 in
1006 2486 1153 2531 gratiam
1189 2497 1261 2520 cum
1286 2485 1441 2518 Pentheo
1465 2482 1611 2526 rediens,

136 2525 298 2581 Cadmum
318 2539 387 2562 una
405 2528 551 2564 adirent.
602 2530 705 2572 Quod
730 2542 750 2564 a
774 2530 844 2565 filio
863 2531 1019 2566 Pentheo
1044 2531 1193 2566 obtinuit
1214 2531 1351 2565 tandem
1370 2533 1496 2564 mater:
1521 2540 1611 2583 quae

138 2577 294 2618 promisit
324 2586 396 2608 sese
420 2575 522 2610 etiam
547 2576 597 2612 eis
620 2577 776 2612 comitem
800 2577 898 2619 sore,
934 2578 977 2613 ad
1002 2581 1134 2623 patrem
1168 2576 1441 2617 demulcendum,
1483 2587 1542 2620 qul
1566 2576 1610 2609 ab

137 2621 307 2662 utroque,
342 2621 435 2665 quod
470 2623 645 2665 fecerant,
678 2622 820 2657 moleste
843 2623 932 2658 tulit.
980 2624 1069 2658 Illud
1094 2628 1206 2658 autem
1230 2623 1382 2668 Dionyso
1405 2622 1612 2655 stomachum

140 2663 270 2705 movit,
308 2666 399 2709 quod
422 2667 458 2700 in
489 2668 625 2703 vincula.
650 2681 670 2703 a
694 2669 849 2704 Pentheo
875 2670 1069 2714 conjectus,
1113 2668 1351 2703 contumeliose
1383 2668 1485 2702 etiam
1509 2679 1614 2702 exce-

142 2714 223 2754 ptus
246 2709 375 2745 fuisset.
423 2713 611 2758 Sparserat
644 2715 733 2750 enim
767 2715 827 2750 ille
859 2716 895 2750 in
919 2717 1100 2762 populum,
1139 2715 1299 2760 Spurium
1325 2726 1397 2749 esse
1420 2713 1616 2758 Dionysum,

142 2766 187 2790 ex
205 2755 362 2790 adultera
384 2763 509 2794 natum.
557 2761 661 2795 Unde
686 2767 722 2796 et
745 2761 849 2806 longo
874 2766 954 2808 post
975 2769 1132 2806 tempore
1155 2761 1361 2807 Euripides,
1387 2759 1445 2805 qui
1468 2760 1511 2795 de
1530 2760 1616 2795 Dio-

144 2813 226 2855 nyso
251 2801 323 2856 tale
346 2803 429 2847 quid
453 2805 615 2851 scriptum
649 2807 854 2849 invenerat3
887 2808 921 2841 in
954 2807 1156 2851 Tragoedia
1187 2818 1286 2853 quam
1320 2806 1479 2840 Bacchas
1509 2818 1616 2841 voca-

144 2854 218 2891 vit,
251 2852 318 2884 ista
342 2850 386 2884 de
408 2848 561 2896 Dionyso
586 2855 743 2899 profert,
777 2854 839 2888 sub
872 2853 1018 2889 Penthei
1051 2865 1207 2900 persona.
1270 2854 1339 2889 Sca
1366 2854 1497 2889 Semele
1526 2864 1616 2888 com-
