1838 3230
253 169 348 216 118
644 160 940 206 IOANNIS
968 161 1306 206 MALALAE

253 286 426 338 ξηθεῒσα
454 281 604 338 ἐγένετο
636 281 809 338 μυστικὴ
841 277 992 337 μάγος·
1037 275 1088 336 ἦν
1117 280 1162 323 δὲ
1192 278 1391 337 εὐπρεπὴς
1417 276 1537 324 πάνυ.
1607 277 1708 336 ἥδέ

255 349 408 407 ταύτης
442 351 598 407 ἀδελφὴ
633 347 825 404 Καλυψώ
836 382 849 402 ,
899 348 1230 406 διαφθονουμένη
1270 349 1374 405 αὐτῇ
1387 379 1399 400 ,
1445 347 1602 405 ἔχθραν
1633 345 1710 403 εἶχε

117 431 150 465 O
176 430 243 466 150
263 420 365 477 πρὸς
386 419 513 473 αὐτὴν
529 416 729 474 μεγάλην,
767 417 963 473 λέγουσα,
998 419 1122 474 φησί,
1159 415 1243 460 Διὰ
1263 417 1306 459 τί
1321 417 1498 472 ἀρνεῖται
1518 415 1590 459 τὸν
1607 415 1713 459 ἴδιον

260 489 416 543 πατέρα
434 488 505 530 τὸν
519 486 722 530 Ἄτλαντα
743 487 807 528 καὶ
832 485 931 541 λέγει
956 483 1101 540 ἑαυτὴν
1120 483 1330 541 θυγατέρα
1353 488 1528 535 Τιτᾶνος
1542 482 1712 538 ‘ID-Iov,-

263 558 329 599 καὶ
352 558 535 612 ἐφοβεῖτο
561 553 688 609 αὐτὴν
707 551 732 608 ἦ
752 554 910 610 Κίρκη,
948 553 1080 608 ἐπειδὴ
1101 551 1126 608 ἦ
1146 553 1338 607 Καλυψὼ
1360 550 1436 608 εἶχε
1459 556 1620 607 πλῆθος
1637 551 1747 596 οἷν-5

266 626 374 679 δρῶν
393 623 580 679 γενναίων
600 623 641 665 ἐν
659 626 710 679 τῇ
730 622 814 682 ἰδίᾳ
835 621 960 676 αὐτῆς
980 619 1115 680 νήσῳ,
1152 619 1306 676 μήποτε
1339 620 1571 677 ὀργιζομένη
1600 618 1717 663 ἐπέλ-

267 696 341 735 θοι
369 692 434 734 καὶ
462 693 595 739 κακῶς
624 690 728 747 αὐτῇ
753 688 960 746 χρήσεται.
1030 688 1212 744 λοιπὸνῆ
1236 690 1394 745 Κίρκη,
1434 687 1487 739 ὥς
1509 687 1568 744 μὴ
1590 689 1719 731 δυνα-

269 759 367 814 μένη
398 758 511 807 τινὰς
541 759 859 814 προτρέψασθαι
886 759 942 808 εἷς
966 758 1197 812 συμμαχίαν
1218 759 1283 800 καὶ
1302 756 1600 814 παραφυλακὴν
1621 754 1720 799 ἔαυ-

220 837 252 873 c
275 831 367 881 τῆς,
413 825 753 869 κατασκευάσασα
785 826 853 869 διὰ
881 830 1066 879 βοτανῶν
1093 843 1212 868 τινων
1241 823 1479 882 φάρμακον,
1515 823 1614 874 τοὺς
1638 840 1721 866 πα-

273 893 433 951 ριόντας
444 927 457 947 ,
496 895 612 951 φησί,
649 894 786 945 ξένους
805 896 1002 945 ἐδεξιοῦτο
1025 895 1092 936 καὶ
1110 893 1178 936 διὰ
1194 898 1321 936 ποτοῦ
1343 891 1493 943 δόσεως
1513 890 1720 949 ὑποταγὴν
1733 899 1777 935 10

275 965 446 1019 φίλτρου
469 964 600 1005 δεινοῦ
618 964 684 1004 καὶ
704 966 944 1020 παραμονῆς
964 963 1029 1004 καὶ
1048 960 1182 1017 λήθης
1198 963 1392 1014 πατρίδος
1415 962 1520 1011 ἰδίας
1539 959 1636 1010 τοὺς
1654 959 1723 1002 πί-

275 1047 420 1080 νοντας
441 1030 576 1080 ξένους
594 1030 714 1073 ἐποίει
736 1038 911 1074 συνεῖναι
932 1029 1035 1086 αὐτῇ
1050 1044 1060 1054 ·
1095 1031 1161 1072 καὶ
1186 1027 1331 1080 πάντες
1349 1028 1453 1086 αὐτῇ
1473 1031 1528 1078 εἷς
1545 1026 1725 1085 ὑπερβο-

277 1098 351 1152 λὴν
370 1098 592 1154 παρέμενον
609 1100 664 1147 εἷς
682 1098 754 1152 τὴν
776 1098 903 1153 αὐτὴν
921 1102 1044 1153 νῆσον
1062 1101 1364 1154 ληθαργοῦντες
1380 1101 1453 1152 τῆς
1470 1095 1625 1139 ἑαυτῶν
1643 1112 1727 1138 ποι-

278 1167 439 1222 τρίδος,
476 1167 543 1208 καὶ
572 1170 716 1222 συνῆγε
748 1165 938 1216 πολλούς.
1007 1170 1207 1221 μαθοῦσα
1237 1166 1281 1208 δὲ
1309 1163 1336 1221 ἦ
1367 1166 1500 1222 Κίρκη
1528 1164 1580 1207 τὰ
1604 1168 1727 1207 πλοῖα

281 1237 355 1276 τοῦ
374 1233 604 1283 Ὀδυσσέως
624 1235 665 1276 ἐν
686 1238 736 1291 τῇ
759 1235 884 1289 αὐτῆς
902 1232 1012 1292 ’νήσῳ
1037 1237 1306 1288 καταντῆσαι,
1345 1233 1520 1276 ἐκέλευσε
1542 1234 1609 1275 καὶ
1631 1230 1728 1281 τοὺς
1740 1234 1782 1270 15

282 1302 411 1351 ἰδίους
430 1299 706 1351 δεξιώσασθαι
724 1303 957 1352 σπουδαίως
975 1301 1047 1344 τὸν
1060 1302 1261 1344 Ὀδυσσέα
1280 1302 1346 1343 καὶ
1363 1301 1434 1344 τὸν
1453 1301 1580 1343 αὐτοῦ
1600 1316 1728 1355 στρα-

284 1367 380 1412 ‘niv'
411 1367 608 1424 ἠβούλετο
635 1369 712 1427 γὰρ
738 1369 837 1425 ἔχειν
865 1370 989 1413 αὐτὸν
1016 1371 1083 1412 καὶ
1116 1369 1214 1418 τοὺς
1246 1369 1373 1411 αὐτοῦ
1409 1366 1464 1419 ὥς
1493 1367 1732 1422 πολεμικοὺς

287 1438 342 1487 εἷς
361 1438 595 1492 συμμαχίαν
614 1436 772 1493 ἑαυτῆς.
846 1437 866 1481 ὃ
887 1439 931 1481 δὲ
946 1438 1165 1487 Ὀδυσσεὺς
1182 1435 1207 1491 ἢ
1227 1435 1354 1491 μόνον
1373 1437 1599 1492 παρέβαλεν
1617 1438 1659 1478 ἐν
1680 1438 1732 1491 τῇ

289 1506 415 1558 αὐτῆς
444 1503 577 1563 νήσῳ,
614 1504 691 1548 εἶδε
711 1506 887 1556 πολλοὺς
913 1505 1066 1562 ἄνδρας
1086 1507 1127 1548 ἐν
1149 1509 1199 1562 τῇ
1221 1505 1324 1562 αὒτῇ
1346 1502 1459 1562 νήσῳ
1481 1503 1561 1546 ἀπὸ
1583 1501 1733 1559 διαφό-

143 1615 177 1649 o
202 1568 268 1651 151}
294 1589 376 1628 ρων
395 1574 626 1630 πατρίδων·
661 1574 843 1629 ἐπιγνοὺς
863 1574 911 1616 δέ
925 1591 1036 1623 τινας
1057 1572 1210 1630 ἄνδρας
1241 1573 1284 1615 ἐκ
1307 1576 1380 1615 τοῦ
1405 1571 1591 1626 Ἀχαϊκοῦ
1612 1570 1789 1620 Erras-20

292 1645 486 1696 στρατοῦ,
509 1641 612 1698 πρὸς
629 1641 752 1684 αὐτὸν
774 1640 1028 1697 ἐληλυθότας
1049 1639 1304 1698 ἐπηρώτησεν
1327 1639 1476 1691 αὐτοὺς
1497 1639 1635 1695 λέγων,
1659 1639 1735 1680 Τί-

291 1725 361 1758 νος
380 1706 501 1765 χᾶριν
522 1709 564 1751 ἐν
581 1713 631 1766 τῇ
647 1707 759 1769 νήσῳ
778 1708 907 1768 ταύτῃ
927 1712 1092 1766 οῗκεῖτε,·
1127 1710 1165 1752 οἳ
1183 1709 1227 1751 δὲ
1245 1707 1353 1752 εἶπον
1372 1707 1483 1767 αὐτῷ
1501 1706 1563 1750 ὅτι
1577 1707 1645 1750 Ἐκ
1664 1709 1737 1750 τοῦ

385 1817 419 1853 8.
442 1815 546 1861 παρὰ
570 1816 738 1863 φυλακὴν
763 1818 832 1853 Ox.
911 1820 965 1855 13.
988 1817 1207 1863 παρέμεινον
1228 1818 1295 1853 Ox.
1370 1818 1424 1853 18.
1447 1814 1648 1862 παρέλαβεν
1669 1814 1738 1848 Ox.

295 1905 364 1940 tior
384 1907 489 1949 facta,
513 1908 685 1951 mysticam
707 1908 973 1954 Hierophantam
996 1908 1157 1954 profecit,
1181 1907 1338 1953 egregiae
1360 1908 1487 1942 formae
1506 1907 1617 1951 virgo.
1649 1905 1740 1939 Huic

297 1963 379 1986 vero
402 1963 497 1986 soror
521 1953 668 1998 Calypso
690 1954 909 1988 infensissima
933 1960 1026 1996 erat,
1063 1954 1206 1999 odioque
1228 1965 1350 1988 summo
1373 1965 1445 1987 eam
1467 1954 1646 1997 prosecuta
1669 1955 1739 1985 est:

299 1997 435 2038 Quare,
469 1997 670 2042 (inquiens)
693 2000 863 2033 Atlantem
885 2003 1016 2044 patrem
1039 2011 1131 2034 suum
1152 2000 1320 2040 abnuens,
1353 1998 1488 2033 Titanis
1510 1997 1588 2032 solis
1610 1996 1741 2031 scilicet

299 2041 403 2076 filiam
425 2053 461 2076 se
482 2043 666 2078 venditat?
698 2044 877 2078 Metuebat
898 2045 1006 2089 igitur
1029 2044 1129 2079 Circe
1152 2056 1173 2079 a
1195 2045 1387 2089 Calypsone
1408 2054 1522 2078 sorore
1543 2054 1586 2077 ne
1607 2041 1741 2087 quando

301 2088 345 2121 ab
370 2098 431 2129 ea,
455 2088 499 2122 ad
522 2087 605 2122 iram
628 2094 812 2130 commota,
837 2089 978 2134 (ingens
1001 2090 1087 2124 enim
1111 2089 1143 2125 ei
1166 2094 1301 2136 praesto
1325 2093 1400 2123 erat
1421 2089 1456 2123 in
1478 2088 1586 2123 insula
1608 2099 1668 2123 sua
1687 2086 1742 2122 vi-

300 2143 416 2167 rorum
438 2136 646 2168 strenuorum
677 2133 903 2178 multitudo‚)
924 2135 1100 2180 impetita,
1131 2135 1272 2180 pessime
1293 2135 1490 2169 haberetur.
1536 2134 1659 2178 Itaque
1683 2144 1742 2167 ca·-

302 2189 385 2212 vens
415 2178 479 2212 sibi
501 2178 621 2221 Circ'e,
653 2191 727 2213 cum
749 2191 815 2213 non
847 2180 945 2214 aliter
974 2181 1168 2215 auxiliarios
1201 2180 1266 2215 sibi
1299 2180 1520 2225 custodesque
1554 2178 1743 2213 adsciscere

302 2223 486 2268 potuisset,
508 2225 668 2269 extractis
688 2225 866 2258 herbarum
889 2227 1099 2270 quarundam
1121 2225 1270 2267 viribus,
1298 2225 1465 2260 Philtrum
1486 2224 1551 2259 sibi
1575 2223 1743 2270 potentis-

304 2268 418 2302 simum
441 2268 477 2302 vi
499 2270 651 2304 venefica
682 2270 838 2314 paravit3
874 2271 967 2314 cujus
991 2271 1219 2316 magisterium
1241 2275 1345 2312 esset,
1379 2275 1419 2305 ut
1441 2271 1563 2304 haustu
1584 2269 1744 2303 sumenti-

305 2314 368 2347 bus
400 2315 535 2359 patriae
566 2326 645 2349 suae
675 2315 876 2349 oblivionem
909 2320 945 2349 et
975 2317 1199 2351 commorandi
1226 2316 1295 2350 illic
1326 2315 1526 2350 desiderium
1557 2325 1623 2349 una
1644 2313 1744 2348 incu-

304 2362 405 2393 teret.
460 2360 678 2394 Pharmacum
707 2360 800 2394 istud
822 2360 880 2395 ubi
912 2372 953 2394 eo
977 2362 1267 2404 convenientibus,
1304 2373 1386 2406 quos
1408 2361 1565 2407 plurimos
1598 2358 1744 2404 bospitio

306 2404 465 2450 excepit,
495 2405 632 2440 advenis
653 2406 896 2451 propinandum
919 2406 1085 2448 dedisset;
1119 2407 1252 2453 patriae
1274 2418 1354 2441 suae
1374 2406 1513 2451 quisque
1536 2404 1679 2446 oblitus,
1709 2404 1745 2438 in

306 2449 418 2483 insula
436 2451 499 2484 hac
522 2451 641 2485 exinde
663 2450 854 2485 commorati
876 2456 970 2485 suntz
1009 2453 1085 2486 Hoc
1106 2452 1212 2495 igitur
1235 2464 1294 2487 usa
1316 2451 1481 2492 artificio,
1503 2450 1622 2484 mulier
1645 2461 1745 2494 quam

306 2495 428 2530 multos
458 2496 502 2530 ad
534 2508 570 2531 se
603 2496 752 2541 pellexit.
807 2496 878 2530 Ubi
910 2508 991 2530 vero
1023 2497 1224 2540 inaudisset,
1267 2496 1384 2531 Ulissis
1414 2507 1515 2530 naves
1539 2495 1583 2529 ad
1606 2495 1745 2530 insulam

307 2551 397 2574 suam
422 2541 613 2586 appulisse3
645 2540 861 2576 in‘mandata
882 2541 948 2575 suis
971 2542 1087 2583 dedit,
1116 2542 1168 2576 uti
1192 2542 1295 2587 ipsum
1321 2541 1571 2585 exercitumque
1591 2542 1663 2585 ejus
1684 2541 1745 2575 ho-

308 2586 450 2619 norifice
468 2592 666 2621 tractarent.
729 2587 868 2621 Ulissem
892 2587 977 2621 enim
1001 2587 1195 2632 sociosque,
1220 2591 1259 2620 ut
1281 2587 1338 2632 qui
1361 2585 1427 2620 viri
1451 2591 1561 2620 essent
1582 2585 1746 2627 bellicosi,

309 2630 345 2663 in
376 2630 571 2666 societatem
602 2643 692 2667 suam
725 2633 912 2666 adsciscere
942 2632 1110 2676 cupiebat.
1156 2631 1282 2666 Ulisses
1311 2642 1413 2673 vero,
1447 2632 1506 2665 ubi
1536 2632 1679 2677 primum
1702 2631 1748 2665 ad

311 2674 428 2709 Circes
448 2676 586 2712 insulam
610 2677 760 2723 appulit,
796 2678 914 2712 multos
942 2677 990 2711 ibi
1012 2677 1119 2719 vidit,
1155 2677 1364 2712 diversarum
1395 2677 1564 2721 gentium,
1600 2676 1748 2712 homines

311 2722 525 2763 peregrinos:
561 2734 701 2767 quorum
725 2723 914 2764 nonnullos,
954 2722 1012 2768 qui
1036 2734 1076 2756 ex
1100 2723 1310 2757 Graecorum
1333 2722 1483 2756 exercitu
1506 2723 1661 2763 fuerunt,
1692 2733 1748 2756 re-

313 2775 515 2807 cognoscens
538 2768 601 2802 sibi
624 2768 950 2814 appropinquantem
982 2769 1072 2809 Quid
1096 2767 1260 2813 (inquit)
1282 2768 1378 2802 vobis
1399 2768 1436 2801 in
1459 2779 1559 2802 causa
1582 2771 1689 2808 esset,
1710 2770 1750 2800 ut

314 2809 406 2844 sedes
429 2816 559 2847 vestras
580 2813 617 2848 in
639 2815 704 2849 hac
725 2814 830 2850 insula
853 2813 1053 2861 poneretis?
1077 2814 1166 2849 Tum
1188 2814 1257 2848 illi:
1279 2813 1365 2856 Nos,
1386 2812 1551 2860 inquiunt,
1575 2825 1619 2848 ex
1636 2813 1750 2846 Grae-
