1838 3230
605 154 1070 201 ANNOTATIONES.
1465 163 1563 212 533

48 262 56 270 ⁴
113 269 210 310 nati·
223 268 380 313 insistit.
437 268 693 323 investiganti
707 271 843 323 itaque
862 270 972 320 mihi,
1003 271 1199 324 quodnam
1214 273 1397 313 vocabuli
1412 275 1463 314 sit
1481 274 1562 314 hoe

111 341 214 378 ποα,
242 327 364 366 subiit
382 328 540 368 tandem
557 327 771 380 suspicari,
799 324 915 368 πτοία
951 328 1056 369 sorte
1084 329 1290 381 legendum
1310 344 1407 372 esse.
1446 332 1561 371 Certe

111 381 194 421 hoc
218 384 378 423 nomine
399 390 579 424 vocatam
599 384 718 423 fuisse
736 390 819 422 ίυιῃ
846 385 1054 435 Latonam,
1083 391 1167 425 tum
1191 386 1315 425 filium
1335 387 1417 440 ejus
1437 388 1560 440 Apol-

110 438 252 486 linem,
282 439 481 492 filiamque
501 441 686 490 Dianam,
714 446 893 479 -testatur
921 441 1022 479 Isac.
1050 442 1213 482 Tzetzes
1240 443 1282 481 in
1311 443 1559 496 Lycophron-

109 493 176 534 hia
193 495 345 536 verbis:
373 500 508 549 Λητοῖ
520 496 565 540 ἐν
585 493 705 552 Δήλῳ
720 493 899 553 γεννῶσῃ
918 501 1111 552 Αρτεμιν,
1140 498 1209 540 καὶ
1224 496 1459 549 Απόλλωνα,
1487 503 1561 549 σῦς

110 549 233 605 μέγας
249 549 388 607 ἄγριος
404 549 548 606 ἐφάνη.
608 553 750 594 ἰδοῦσα
773 551 818 594 δὲ
837 556 981 595 τοῦτον
1001 552 1203 608 ἐπτοήθη,
1232 555 1299 597 καὶ
1312 559 1424 598 πτῶα
1444 552 1559 609 ἐκλή-

108 611 193 660 θη,
221 606 367 660 ὁμοίως
389 607 516 650 δὲκαὶ
542 607 572 661 ἦ
589 613 778 663 Αρτεμις,
808 609 877 651 καὶ
906 609 928 651 ὅ
946 606 1149 652 Απόλλων
1179 614 1332 660 Πταῖος.
1396 612 1559 665 Iphige-

107 663 216 703 niam
246 664 402 716 itaque,
443 666 590 704 Dianae
617 666 886 716 sacerdotem,
921 666 1083 705 Numini
1115 667 1210 706 huic
1239 682 1344 707 novo
1368 683 1390 707 a
1408 683 1449 708 se
1471 670 1558 722 ipsa

106 725 262 759 sacrato
273 750 284 770 ‚
319 721 438 760 Divae
469 735 562 761 suae
582 722 684 760 ritus
702 729 975 774 peragentem,
1006 724 1123 762 etiam
1150 738 1292 763 nomen
1322 725 1406 776 ejus
1440 722 1558 766 Πτώα

107 775 331 816 adhibuisse
355 776 463 816 haud
489 792 651 830 prorsus
681 778 916 817 incredibile
944 786 1025 831 est3
1065 781 1254 833 quodque
1282 781 1402 832 olim,
1433 778 1557 823 Πτοόα

109 836 304 887 Αρτεμις,
335 830 462 874 Πτοόα
482 831 625 876 Νύσσα
641 848 746 873 nunc
764 835 922 874 dixisse.

215 887 315 943 Peg.
348 892 442 933 140.
475 894 517 933 2.
553 890 597 933 ἐκ
627 893 700 945 τῆς
728 887 860 946 χώρας
885 891 1060 945 ἐκείνης]
1103 890 1146 934 ἐκ
1173 895 1244 946 τῆς
1263 888 1395 947 χώρας
1411 890 1555 947 ταύτης

105 943 325 985 Cedrenus:
354 946 516 987 rectius.

218 1004 312 1054 Peg.
347 1003 439 1046 140.
475 1006 540 1045 18.
582 1006 762 1044 Σκυθῶν
787 1001 932 1056 πόλιν]
965 1003 1164 1043 Cedrenus
1190 1001 1454 1046 Σκυθόπολιν
1477 1018 1554 1044 vo-
1580 1052 1582 1054 Ι

103 1062 191 1107 cat,
221 1059 291 1109 qui
308 1073 392 1098 eam
411 1057 549 1100 Βασοὶν
566 1060 660 1098 olim
681 1060 822 1098 dictam
843 1060 964 1099 fuisse
987 1067 1156 1099 testatur
1184 1074 1225 1112 p.
1255 1061 1323 1103 51.
1364 1060 1552 1112 Stephan.

102 1113 154 1152 de
172 1113 262 1153 urb.
281 1116 451 1168 Nyssae,
476 1116 622 1168 prioris
648 1116 758 1155 urbis
777 1116 946 1155 nominis
978 1116 1213 1156 mentionem
1241 1116 1355 1166 facit,
1386 1115 1448 1154 his
1465 1131 1553 1156 ver-

101 1169 175 1208 bis·
232 1168 513 1222 Σκυθόπολις,
550 1174 812 1225 Παλαιστίνης
828 1169 963 1222 πόλις,
992 1170 1021 1224 ἢ
1040 1169 1209 1223 Νύσσης
1232 1174 1370 1224 κοίλης
1387 1173 1552 1226 Συρίας,

101 1229 282 1268 Σκυθῶν
309 1224 423 1276 πόλις
451 1224 644 1283 πρότερον
673 1229 894 1282 λεγομένων
918 1229 1079 1269 Βαίσων
1108 1227 1188 1269 ὑπὸ
1214 1231 1293 1269 τῶν
1321 1226 1551 1282 Βαρβάρων.

101 1282 179 1333 Ogi
205 1283 326 1323 fuisse
350 1284 497 1336 regiam
529 1285 646 1335 olim,
676 1286 816 1324 asserit
840 1285 1066 1337 Xylander‚
1094 1285 1135 1322 in
1155 1284 1320 1323 Cedreni
1337 1285 1470 1324 locum
1490 1286 1550 1324 ci-

101 1344 249 1391 tatum3
278 1354 395 1392 quem
412 1341 516 1380 vide.
547 1341 642 1380 urbs
662 1341 761 1380 haec
791 1345 884 1384 600.
901 1342 1037 1381 stadiis
1065 1341 1236 1380 distabat
1253 1342 1300 1379 ab
1320 1341 1551 1395 Hierosoly—

99 1395 196 1448 mis,
226 1397 283 1435 uti
305 1403 474 1450 apparet
490 1411 541 1436 ex
561 1397 824 1437 Maccahaeor.
839 1398 909 1438 lib.
934 1403 975 1440 2.
997 1411 1083 1450 cap.
1107 1402 1170 1440 12.
1203 1411 1285 1437 ver.
1315 1401 1383 1441 29.

209 1454 312 1506 Pag·
349 1454 441 1496 141.
469 1457 537 1496 22.
566 1450 756 1507 ὖπεροὶνω
771 1455 906 1503 κίονος
929 1453 1104 1506 ἵσταται]
1136 1455 1219 1495 Ser.
1243 1453 1294 1494 i'o.
1325 1453 1505 1506 ἔστησαν.

211 1507 250 1548 Ρ
248 1524 311 1562 ag·
342 1510 434 1553 142.
464 1514 504 1552 2.
532 1513 606 1551 τοῦ
630 1511 861 1552 Μελαντίου
892 1508 1009 1563 ὅρους
1038 1507 1081 1550 τὸ
1111 1507 1238 1562 ὄνομα
1263 1512 1462 1562 Αμανον.]
1492 1510 1548 1548 ita

98 1562 215 1604 etiam
234 1565 330 1604 Isac.
365 1566 495 1604 Tzetz.
515 1566 554 1605 in
574 1566 824 1620 Lycophron.
844 1566 993 1606 Orestis
1018 1565 1222 1605 historiam
1240 1567 1427 1605 recitans:
1458 1570 1547 1606 Χει-

99 1620 317 1674 μασθέντες
341 1620 407 1671 δὲ,
445 1619 655 1671 ἐξώκειλαν
680 1622 774 1675 περὶ
804 1620 851 1663 τὰ
881 1625 952 1674 τῆς
979 1623 1212 1670 Σελευκείας
1237 1625 1314 1663 νῦν
1336 1622 1548 1674 λεγομένης

96 1676 220 1731 μέρη,
248 1678 316 1719 καὶ
333 1676 424 1731 περὶ
453 1675 706 1731 Αντιόχειαν,
735 1678 804 1718 καὶ
827 1677 871 1719 τό
900 1674 1130 1719 Μελάντιον
1156 1675 1273 1731 ὅρος,
1313 1675 1337 1718 ὃ
1365 1675 1456 1723 α’πὸ.
1473 1680 1547 1718 τοῦ

96 1735 311 1785 παυθῆναι
331 1731 402 1774 τόν
423 1733 597 1786 Ορέστην
617 1735 701 1776 ἐκεῖ
722 1737 792 1785 τῆς
807 1735 975 1787 μανίας,
1003 1739 1170 1787 Αμανον
1192 1730 1359 1787 ἐκλήθη.
1397 1734 1545 1774 Eadem

96 1788 295 1829 habentur
309 1790 417 1843 apud
436 1790 620 1843 Stephan.
643 1791 693 1830 de
713 1791 801 1831 urb.
1337 1832 1340 1835 ,

211 1849 306 1900 Pag.
339 1846 432 1889 142.
464 1850 501 1890 8.
530 1844 836 1900 προσεσχηκὸτες
855 1844 899 1888 vd
916 1847 1067 1900 σχῆμα]
1098 1845 1175 1886 hoc
1193 1845 1404 1886 locutionis
1423 1858 1544 1897 genus

96 1904 272 1942 occurrit
290 1916 431 1956 supra,
459 1917 501 1956 p.
530 1907 621 1946 102.

212 1961 305 2011 Pog.
338 1960 427 2002 143.
459 1963 524 2001 13.
551 1957 606 2012 ἣν
627 1957 785 2001 ἐκάλεσε
803 1957 1061 2011 Παλμοίραν]
1094 1953 1304 2011 Πάλμυρα,
1329 1957 1542 2010 Stephano,

93 2021 313 2067 nostroque
335 2017 452 2055 etiam
472 2015 596 2064 infra,
627 2017 698 2057 lib.
728 2020 791 2060 18.
818 2016 887 2054 ubi
902 2015 998 2054 haec
1019 2015 1105 2066 ipsa
1127 2014 1291 2066 repetita
1309 2021 1414 2062 sunt,
1437 2015 1542 2053 dicta

94 2078 176 2111 est:
205 2085 343 2111 verum
365 2086 480 2124 quam
500 2073 669 2111 absurde
689 2072 752 2111 hic
777 2072 886 2110 urbis
907 2086 927 2110 a
946 2071 1152 2110 Salomone
1174 2070 1353 2109 conditae
1370 2071 1540 2109 nominis

93 2129 284 2180 originem
306 2143 328 2167 a
350 2130 500 2167 Graeco
519 2130 628 2167 fonte
646 2130 747 2181 petit
765 2129 913 2168 Auctor
929 2128 1091 2166 noster?
1122 2127 1198 2166 Sed
1219 2141 1292 2166 nec
1314 2126 1540 2165 Goliathum

92 2184 173 2224 hoc
191 2186 232 2223 in
250 2186 340 2223 loco
360 2186 576 2238 prostravit
597 2185 742 2237 David,
772 2185 838 2224 sed
863 2185 903 2223 in
930 2185 1054 2223 Judae
1084 2183 1287 2236 partibus,
1318 2183 1365 2221 ab
1393 2183 1539 2221 Hiero-

93 2242 256 2294 solymis
279 2241 388 2280 haud
405 2243 549 2295 procul
566 2242 722 2284 dissitis.
779 2241 878 2280 Urbs
900 2253 992 2280 vero
1013 2239 1133 2290 haec,
1163 2255 1186 2279 a
1221 2241 1428 2278 Salomone
1453 2239 1539 2290 qui-

93 2298 186 2337 dem
219 2297 376 2337 condita
405 2305 486 2349 est,
527 2300 569 2337 in
598 2298 754 2338 deserto
789 2297 926 2350 Syriae
951 2296 1104 2348 vicino,
1143 2311 1165 2335 a
1190 2296 1303 2348 Syria
1335 2295 1538 2347 superiore

94 2353 246 2393 dierum
265 2359 302 2398 2.
320 2355 470 2394 itineris
490 2355 631 2409 spatio,
662 2355 710 2393 ab
731 2354 929 2407 Euphrate
947 2354 1075 2403 unius,
1105 2366 1126 2391 a
1147 2353 1345 2404 Babylone
1366 2365 1436 2390 sex
1454 2351 1537 2390 die-

92 2423 183 2449 rum
203 2410 353 2450 itineris
375 2412 501 2464 spatio
523 2412 678 2453 dissita:
712 2424 930 2462 nomenque
959 2424 980 2448 a
1006 2410 1210 2448 Salomone
1235 2408 1367 2447 datum
1398 2407 1538 2446 habuit

93 2465 400 2518 Thadamoram3
429 2469 522 2506 licet
546 2468 730 2519 Graecis,
759 2468 948 2517 Palmira,
978 2466 1083 2504 dicta
1100 2471 1222 2514 esset,
1250 2463 1420 2517 Josepho
1437 2469 1536 2503 teste

92 2521 185 2561 Ant.
204 2523 292 2564 Jud.
311 2524 340 2562 1.
363 2527 403 2566 8.
430 2538 463 2565 c,
484 2528 522 2566 2.
550 2521 700 2577 ταύτην
725 2519 798 2566 οὖν
814 2521 888 2576 τήν
907 2520 1025 2564 πόλιν
1053 2517 1337 2574 οἰκοδομήσας,
1366 2519 1434 2560 καὶ
1460 2521 1536 2560 τεί-

93 2591 201 2630 χεσιν
220 2574 474 2632 ὀχυρωτάτοις
492 2579 738 2635 περιβαλών,
769 2575 1009 2633 Θαδαμόραν
1032 2574 1222 2630 ὄνόμασε,
1251 2575 1320 2617 καὶ
1344 2571 1457 2616 τοῦτ’
1481 2575 1536 2616 ἔτι

91 2637 172 2676 νῦν
192 2638 366 2676 καλεῖται
386 2633 494 2690 παρὰ
520 2642 602 2686 τοῖς
630 2635 799 2690 Σύροις·
839 2637 881 2678 οἱ
912 2635 956 2677 δὲ
983 2638 1158 2685 Ελληνες
1187 2629 1311 2684 αὐτήν
1338 2644 1535 2685 προσαγο-

92 2687 267 2744 ρεύουσι,
285 2689 516 2747 Παλμυράν.
573 2694 763 2734 Hebraico
778 2693 925 2732 dicitur
942 2702 1042 2731 *tn-m
1067 2687 1241 2729 Tadmor
1257 2695 1295 2728 et
1317 2686 1532 2735 Thadmor,

94 2751 133 2789 1.
153 2748 246 2798 Reg.
268 2751 306 2790 9.
327 2754 366 2787 et
385 2752 422 2790 2.
443 2750 609 2803 Paralip.
627 2754 665 2793 8.
694 2754 788 2790 ilem
809 2761 900 2799 nnn,
932 2749 1097 2794 Tumor,
1125 2743 1316 2784 Ezechiel.
1333 2743 1398 2786 47.
1433 2744 1533 2792 Qui-

92 2802 185 2844 dam
204 2803 281 2844 hoc
299 2804 453 2844 nomine
471 2807 607 2846 urbem
627 2806 729 2846 hanc
757 2812 937 2846 vocatam
967 2803 1126 2852 volunt,
1157 2801 1266 2854 quod
1286 2814 1331 2842 eo
1351 2800 1428 2840 loci
1445 2800 1532 2840 Pal-
