1838 3230
274 156 374 205 424
440 150 671 197 IOANNIS
699 150 979 195 MALALAE
1008 150 1338 196 CHRONOGR.
1395 151 1442 195 L.
1472 153 1606 198 XVII.

275 275 398 322 σιλεΐς
440 270 502 315 ὅτι
535 268 708 326 ὄκόμης
732 274 806 324 τῆς
846 269 1046 326 ἀνατολῆς
1076 269 1313 328 Ἐφραΐμιος
1352 268 1431 314 ‘frmi
1461 276 1534 314 τοῦ
1564 269 1714 329 κλήρου

275 344 494 390 κανονικῶς
522 336 806 395 ἐχειροτονήθη
845 336 1118 394 πατριάρχης,
1161 336 1438 395 προηγάγοντο
1465 338 1549 382 ἀντ’
1589 340 1716 383 αὐτοῦ

219 420 251 456 1)
275 406 433 463 κόμητα
455 408 656 460 ἀνατολῆς
671 406 904 462 Ζαχαρίαν,
933 405 1042 456 ὅστις
1059 404 1213 463 ὑπῆρχε
1234 404 1396 463 Τύριος.
1468 405 1490 450 ὃ
1522 408 1568 450 δὲ
1594 407 1717 458 αὐτὸς

274 477 507 532 Ζαχαρίας,
555 474 652 516 ἴδιὸν
679 473 752 528 τὴν
782 474 995 530 γενομένην
1022 473 1172 517 ἅλωσιν
1207 479 1279 529 τῆς
1312 472 1488 527 πόλεως,
1533 473 1714 532 ᾐτήσατο

272 544 368 593 τοὺς
390 542 539 591 αὐτοὺς
559 541 732 595 εὐσεβεῖς
758 545 938 594 βασιλεῖς
978 541 1045 584 διὰ
1072 540 1283 598 μηνύσεως
1312 542 1438 585 αὐτοῦ
1460 543 1644 587 ἀνελθεῖν
1673 545 1748 587 ἔνὸ

271 612 483 668 Βυζαντίῳ
537 611 603 652 καὶ
642 613 884 665 πρεσβεῦσαι
915 608 1017 667 ὑπὲρ
1046 615 1120 664 τῆς
1151 609 1380 665 Ἀντιοχέων
1407 609 1573 661 πόλεως.
1650 613 1718 654 καὶ

271 677 390 732 ἔλαβε
409 677 503 731 μεθ’
523 676 670 720 ἑαυτοῦ
691 677 763 720 τὸν
784 678 1000 720 ἐπίσκοπον
1015 676 1248 731 Ἀμηδειάς,
1287 677 1417 734 ἄνδρα
1440 679 1593 734 εὐλαβῆ
1603 712 1616 731 ,
1650 680 1719 722 καὶ

270 746 420 795 ἄλλους
439 743 652 802 κληρικούς
665 759 674 769 ·
712 747 778 787 καὶ
798 745 982 800 ἀνῆλθον
1000 746 1042 787 ἐν
1059 744 1500 799 Κωνσταντινουπόλει,
1526 749 1594 789 καὶ
1616 750 1719 790 πολ-

272 814 324 856 λὰ
356 811 696 870 κατορθώσαντες
739 811 999 869 ὖπέστρεψαν
1030 813 1072 854 ἔν
1105 812 1323 873 Ἀντιοχείᾳ
1349 818 1400 871 τῇ
1420 813 1573 871 μεγάλῃ
1616 814 1720 869 μετὰ

272 884 435 935 δωρεῶν
454 885 693 936 βασιλικῶν,
731 879 924 935 λαβόντες
944 885 1102 937 χρυσοῦ
1135 879 1371 938 κεντηνάρια
1401 879 1437 924 λ’
1472 884 1538 925 καὶ
1566 881 1719 933 τύπους
1730 886 1775 920 10

273 952 363 1006 περὶ
400 947 609 1007 διαφόρων
637 950 866 1005 κεφαλαίων
918 953 992 992 τοῦ
1021 947 1193 1004 ἄγεσθαι
1227 950 1269 992 ἓν
1308 954 1358 1006 τῇ
1388 949 1492 1007 αὐτῇ
1522 948 1635 993 πόλει
1660 950 1719 993 τὰ

273 1016 436 1073 πάτρια,
517 1017 555 1060 οἳ
580 1018 625 1059 δὲ
654 1017 770 1059 αὐτοὶ
801 1022 982 1071 βασιλεῖς
1006 1016 1092 1070 μετ’
1120 1016 1252 1072 ὀλίγον
1290 1016 1429 1075 καιρὸν
1460 1016 1718 1074 ἐδωρήσαντο

273 1089 325 1142 τῇ
348 1085 452 1141 αὐτῇ
473 1083 584 1127 πόλει
605 1087 670 1126 καὶ
690 1085 793 1127 ἄλλα
812 1083 1048 1141 κεντηνάρια
1066 1085 1174 1128 δέκα.

128 1144 159 1178 0
189 1143 256 1224 ¹5ss
373 1153 440 1195 Ἐν
459 1154 502 1195 δὲ
520 1157 576 1210 τῷ
596 1153 746 1206 μεταξὺ
770 1153 919 1208 συνέβη
952 1153 1177 1207 ἀσθενῆσαι
1213 1152 1284 1194 τὸν
1313 1150 1528 1196 θειότατον
1550 1152 1721 1196 'lovari'-

277 1238 347 1264 νον
368 1222 410 1263 ἔκ
427 1225 500 1263 τοῦ
521 1221 659 1270 ἕλκους
683 1214 729 1263 οὗ
751 1219 848 1274 εἶχεν
866 1222 907 1263 ἓν
926 1226 984 1278 τῷ
1003 1222 1120 1262 ποδί·
1157 1216 1207 1275 ἦν
1237 1220 1314 1276 γὰρ
1335 1221 1473 1275 λαβὼν
1497 1221 1538 1263 ἔν
1565 1225 1623 1279 τῷ
1649 1219 1719 1264 τό·
1732 1225 1774 1262 15

273 1306 336 1347 my
358 1290 551 1343 σαγίτταν
567 1288 608 1330 ἓν
626 1289 788 1345 πολέμῳ
798 1321 812 1340 ,
849 1290 915 1330 καὶ
946 1289 988 1338 ἐξ
1017 1287 1142 1330 αὐτοῦ
1174 1286 1194 1330 ὅ
1225 1289 1408 1338 κίνδυνος
1427 1293 1500 1343 τῆς
1520 1290 1622 1344 ζωῆς
1645 1289 1722 1331 αὖ·

273 1360 349 1399 τοῦ
371 1356 542 1411 ἐγένετο·
577 1357 673 1411 μηνὶ
705 1353 916 1413 αὖγούστῳ
953 1353 1001 1407 ά,
1040 1357 1284 1405 ἷνὸικτιῶνος
1313 1356 1520 1411 πέμπτης·
1555 1359 1720 1417 τελευτᾷ

276 1425 321 1466 δὲ
349 1424 542 1469 ἐνιαυτῶν
567 1421 633 1467 οε’.
705 1421 761 1473 ὥς
788 1422 887 1466 εἶναι
917 1423 987 1465 τὸν
1015 1421 1149 1465 πάντα
1172 1421 1319 1479 χρόνον
1346 1429 1418 1478 τῆς
1446 1424 1571 1465 αὐτοῦ
1597 1429 1721 1477 βασι-

270 1493 384 1541 ’λείας
402 1491 470 1546 ἔτη
489 1489 534 1533 θ’
571 1492 636 1533 καὶ
656 1489 808 1546 ἡμέρας
829 1488 1025 1534 εἰκοσιδύο
1070 1490 1173 1544 μετὰ
1201 1492 1268 1533 καὶ
1298 1495 1379 1534 τῶν
1407 1489 1615 1548 τεσσάρων
1637 1509 1720 1547 μη-

275 1563 356 1603 νῶν
374 1564 447 1602 τοῦ
466 1558 594 1601 αὐτοῦ
616 1558 799 1614 ἀνεψιοῦ.
1730 1564 1776 1599 20

368 1669 400 1703 1.
424 1666 661 1713 Εὕφραίμιος
683 1668 750 1703 Ox.
840 1669 874 1704 7.
895 1665 1100 1713 Ἆμηδείας]
1122 1667 1223 1702 Conf.
1244 1678 1278 1713 p.
1304 1669 1359 1703 60.
1382 1667 1425 1701 D.

275 1757 318 1792 tis
342 1758 507 1793 Comitem
530 1771 551 1794 a
574 1759 674 1794 Clero
699 1758 870 1794 Canonice
892 1758 1127 1793 Patriarcham
1151 1757 1338 1792 institutum
1361 1756 1480 1799 fuisse,
1520 1757 1722 1793 Zacharium

299 1804 452 1846 uendam‚
477 1805 632 1850 Tyrium,
655 1805 690 1838 in
712 1806 781 1850 ejus
804 1805 911 1839 locum
935 1804 1083 1838 Orientis
1107 1804 1270 1838 Comitem
1292 1804 1508 1838 suffecerunt.
1555 1803 1625 1845 Qui
1647 1804 1723 1849 qui-

274 1816 349 1882 gem
372 1850 571 1892 Zachafius,
598 1850 654 1885 ubi
677 1856 803 1884 tantam
827 1851 913 1884 hanc
936 1849 1136 1883 Antiochiae
1158 1849 1396 1883 desolationem
1418 1849 1569 1890 vidisset,
1593 1860 1657 1894 per
1678 1849 1722 1882 li-

274 1899 364 1928 teras
388 1896 430 1928 ab
454 1896 715 1940 Imperatoribus
738 1895 989 1940 religiosissimis
1013 1894 1153 1940 petivit,
1192 1895 1242 1928 uti
1264 1894 1337 1939 ipse
1361 1894 1559 1938 Byzantium
1582 1900 1721 1928 vocatus

275 1940 549 1986 Antiochensium
579 1953 710 1975 causam
742 1943 893 1985 Legatus
924 1941 971 1974 ibi
1003 1944 1133 1984 ageret.
1195 1940 1317 1984 Itaque
1348 1939 1463 1974 ascitis
1495 1939 1558 1972 sibi
1588 1939 1624 1972 in
1655 1940 1721 1973 hoc

276 1984 449 2030 Episcopo
488 1986 671 2028 Amidam-i,
704 1986 781 2020 viro
806 1987 882 2031 pio,
915 1985 1056 2029 aliisque
1088 1997 1130 2018 ex
1154 1985 1276 2027 Clero;
1314 1983 1637 2029 Constantinopolim
1660 1996 1721 2017 ve-

272 2030 379 2064 niunt.
424 2031 493 2064 Ubi
516 2043 589 2064 cum
611 2031 704 2065 felici
721 2042 872 2066 successu
895 2031 1068 2075 negotium
1091 2030 1246 2075 egissent,
1270 2029 1480 2064 Antiochiam
1495 2040 1646 2073 magnam
1664 2041 1722 2063 re-

277 2074 366 2107 versi
389 2080 484 2116 sunt,
519 2076 615 2109 donis
637 2077 793 2110 instructi
814 2077 939 2121 regiis,
964 2081 1000 2110 et
1022 2077 1168 2110 ferentes
1191 2087 1299 2110 secum
1322 2076 1398 2109 auri
1422 2074 1615 2108 centenaria
1639 2086 1720 2116 xxx,

275 2131 350 2153 cum
372 2120 508 2154 sancitis
531 2121 631 2154 etiam
654 2122 883 2166 Imperatoriis
906 2123 948 2156 de
971 2122 1072 2156 variis
1095 2121 1282 2166 Capitulis,
1318 2132 1357 2154 eo
1381 2119 1599 2160 facientibus,
1624 2123 1663 2153 ut
1685 2120 1720 2153 in

276 2165 547 2199 Antiochensium
588 2167 671 2200 urbe
713 2167 870 2210 pristinae
903 2167 1158 2202 consuetudines
1188 2167 1458 2201 observarentur.
1527 2164 1719 2205 Quinetiam

277 2210 376 2255 paulo
401 2214 477 2254 post
498 2211 657 2256 temporis
677 2211 777 2245 iidem
799 2213 906 2258 impp.
931 2212 1007 2245 urbi
1030 2213 1130 2246 etiam
1153 2211 1219 2245 alia
1241 2210 1446 2245 centenaria
1469 2221 1491 2243 x
1514 2209 1688 2245 dederunt.

368 2255 524 2300 Contigit
544 2262 652 2290 autem
675 2256 764 2290 inter
786 2257 887 2298 haee,
911 2257 1143 2292 divinissimum
1163 2257 1326 2290 Justinum
1350 2267 1393 2289 ex
1414 2255 1525 2289 ulcere
1546 2254 1662 2300 pedis,
1685 2255 1719 2290 in

278 2312 346 2345 quo
371 2312 392 2334 a
411 2304 538 2345 sagitta
558 2301 594 2335 in
616 2301 744 2347 praelio
768 2302 885 2336 vulnus
907 2303 983 2336 olim
1007 2307 1200 2348 acceperat,
1221 2301 1485 2341 decumbentem,
1511 2312 1530 2333 e
1553 2300 1640 2334 vivis
1662 2313 1720 2334 ex-

277 2347 419 2387 cedere,
452 2346 594 2390 Augusti
617 2357 649 2387 1,
679 2347 801 2381 Indict.
826 2359 868 2387 v,
899 2347 1020 2381 aetatis
1052 2359 1137 2381 anno
1163 2358 1263 2380 Lxxv.
1321 2347 1361 2379 In
1384 2346 1573 2379 universum
1605 2345 1721 2391 itaque

276 2391 457 2436 imperavit
478 2403 579 2426 annos
602 2403 638 2425 1x
660 2396 695 2426 et
717 2391 788 2426 dies
811 2403 903 2435 xxn,
933 2393 1154 2428 annumeratis
1177 2392 1276 2427 etiam
1299 2391 1462 2426 mensibus
1485 2390 1549 2425 illis
1573 2402 1620 2434 lv,
1644 2391 1720 2437 qui-

277 2437 338 2470 bus
362 2437 532 2483 Nepotem
555 2437 674 2473 habuit
692 2437 830 2483 Imperii
851 2436 986 2472 socium.
