1838 3230
488 136 1283 198 CHRONOLOGICA.
1561 145 1625 192 21

141 260 248 309 ,θεοῦ
266 261 351 303 τῶν
365 255 602 314 μελλόντων
623 256 699 314 τὴν
721 253 939 315 ἀπόκρισιν
961 259 1028 301 καὶ
1051 257 1284 316 παρέχοντα
1304 256 1447 310 αὐτοῖς
1459 255 1627 318 χρήμα-

140 345 210 371 τα.
282 325 422 372 ὅντινα
444 329 511 372 καὶ
535 325 820 384 πλουτοδότην
837 325 1033 381 ἐκάλουν,
1072 325 1128 378 ὥς
1147 326 1220 372 τὸν
1231 327 1390 386 χρυσὸν
1408 328 1511 372 θεὸν
1529 329 1624 374 ὀνο-

138 391 349 452 μάζοντες.

233 486 331 533 “Ore
357 484 434 534 οὖν
452 487 578 538 αὐτὸς
600 485 754 544 Ἑρμῆς
774 490 830 539 εἷς
855 488 931 545 τὴν
954 487 1172 546 Αἴγυπτον
1195 482 1350 544 ἦλθεν,
1386 487 1621 544 ἐβασίλευσε
1646 503 1679 537 Ο
1703 504 1750 538 93

104 562 223 606 sterno
246 559 488 616 Αἲγυπτίων
516 555 610 602 τότε
644 558 689 600 ἐκ
706 562 782 602 τοῦ
804 557 946 615 γένους
970 562 1046 601 τοῦ
1066 557 1172 614 Χοὶμ
1191 555 1213 602 ὅ
1233 560 1474 615 Μεστραῖζιι.
1545 553 1618 603 οὗ-

133 644 244 678 τινος
274 625 592 684 τελευτήσαντος
623 627 820 683 ἐποίησαν
852 627 893 671 οἱ
923 624 1241 684 Αἲγύπτιοιτὸν
1256 625 1411 685 Ἑρμῆν
1428 628 1616 684 βασιλέα.

133 698 202 740 καὶ
217 697 454 752 ἐβασίλευσε
472 700 555 741 τῶν
576 697 818 753 Αἰγυπτίων
840 696 910 753 ἔτη
929 694 1002 740 λθ’
1021 697 1063 740 ἓν
1083 695 1360 758 ὑπερηφανίᾳ.

231 790 320 833 Καὶ
337 788 425 844 μετ’
446 788 573 832 αὐτὸν
598 788 836 843 ἐβασίλευσε
855 793 939 834 τῶν
958 789 1203 845 Αἷγυπτίων
1224 787 1492 847 ὅἭφαιστος
1511 787 1614 846 ἦμέ-

131 875 210 915 ρας
233 856 357 918 ,αχπᾌ
386 856 444 908 ὡς
460 858 653 915 γενέσθαι
675 857 745 915 ἔτη
766 857 818 913 δ’,
845 863 981 915 μῆνας
1003 857 1049 911 ζ’,
1075 855 1233 914 ἡμέρας
1248 856 1308 914 y'·
1345 858 1421 902 οὐκ
1441 858 1609 916 ᾔδεισαν
1632 869 1667 905 Ε

74 926 210 984 Ιογάρ
229 925 322 971 τότε
342 927 556 977 ἐνιαυτοὺς
571 934 733 984 μετρεῖν
757 928 796 971 οἳ
815 926 1034 984 Αἰγύπτιοι
1043 960 1058 980 ,
1088 926 1194 970 ἀλλὰ
1218 926 1293 982 τὴν
1320 929 1511 984 περίοδον
1537 934 1612 984 τῆς

125 993 287 1054 ἡμέρας
305 996 517 1046 ἐνιαυτοὺς
537 995 685 1053 ἔλεγον.
743 997 816 1040 τόν
839 999 885 1040 δὲ
905 995 1274 1054 αὖτὸνἹτῙφαιστον
1292 996 1393 1039 θεὸν
1413 996 1584 1040 ἐκάλουν
1598 1012 1608 1021 ·

123 1060 177 1121 ἦν
196 1065 275 1124 γὰρ
295 1065 544 1121 πολεμιστὴς
565 1067 632 1108 καὶ
649 1065 859 1119 μυστικός.
932 1065 1045 1116 ὅστις
1062 1065 1198 1108 ἐλθὼν
1216 1067 1273 1114 εἷς
1292 1063 1470 1121 πόλεμον
1489 1066 1607 1110 συνέ-

124 1151 244 1178 πεσεν
264 1134 341 1178 σὺν
362 1139 421 1195 τῷ
440 1136 555 1194 ἵππῳ
575 1134 704 1178 αὐτοῦ
717 1168 730 1189 ,
767 1138 834 1179 καὶ
853 1137 1016 1192 πληγεὶς
1035 1134 1161 1189 ἔζιιεινε
1176 1131 1384 1190 χωλεύων.

220 1223 271 1270 Ὅ
293 1227 340 1270 δὲ
361 1225 488 1278 αὗτὸς
497 1225 733 1285 Ἥφαιστος
752 1225 880 1282 νόμον
901 1226 1026 1283 ἔθηκε
1047 1226 1126 1277 τὰς
1147 1226 1384 1283 Αἰγυπτίας
1410 1234 1606 1284 γυναῖκας

65 1298 111 1336 15
118 1296 366 1353 μονανδρεΐν
395 1298 463 1340 καὶ
494 1294 722 1354 σωφρόνως
750 1295 922 1353 διάγειν,
961 1296 1037 1346 τὰς
1063 1296 1109 1338 δὲ
1128 1296 1191 1338 ἐπὶ
1208 1297 1395 1351 μοιχείαν
1417 1294 1603 1354 εὕρισκο-

118 1364 248 1420 μένας
267 1370 553 1423 τιμωρεῖσθαι.
608 1367 676 1408 καὶ
695 1365 1005 1423 ηὐχαρίστησαν
1026 1365 1140 1425 αὐτῷ
1158 1366 1199 1409 οἱ
1217 1364 1438 1422 Αἰγύπτιοι
1448 1399 1462 1419 ,
1495 1364 1598 1410 διότι
1623 1378 1656 1413 V
1678 1381 1701 1417 9

119 1438 287 1492 πρῶτον
304 1431 432 1490 νόμον
456 1433 731 1494 σωφροσύνης
756 1440 904 1478 τοῦτον
928 1435 1135 1485 ἐδέξαντο.

215 1525 266 1571 Ὁ
287 1527 332 1570 δὲ
356 1526 482 1578 αὐτὸς
504 1525 741 1585 Ἥφαιστος
762 1527 843 1570 ἀπὸ
862 1531 1063 1583 μυστικῆς
1083 1543 1194 1577 τινος
1212 1525 1332 1582 εὐχῆς
1351 1526 1427 1583 τὴν
1449 1525 1599 1579 ὄξυλά-
1622 1536 1657 1572 Ο
1679 1537 1727 1575 24

114 1599 197 1652 βην
218 1595 385 1648 ἐδέξατο
410 1598 454 1641 ἐκ
473 1601 547 1640 τοῦ
574 1597 695 1654 ἀέρος
718 1598 774 1647 εἷς
793 1596 841 1640 τὸ
865 1594 1176 1648 κατασκευάζειν
1200 1597 1244 1639 ἐκ
1265 1594 1437 1652 σιδήρου
1465 1596 1595 1640 ὅπλα·

57 1663 218 1709 Ξοὸθεν
241 1666 311 1709 καὶ
331 1666 550 1724 ἐπικρατὴς
567 1664 740 1724 σιδήρου
762 1664 923 1723 ηὑρέθη
945 1667 1001 1715 εἷς
1022 1665 1121 1715 τοὺς
1141 1665 1368 1719 πολέμους*
1405 1665 1595 1710 ἀπεθέω-

202 1774 239 1813 4.
272 1774 336 1812 καὶ
367 1778 449 1811 ante
477 1771 685 1822 ἐβασίλευσε
715 1775 896 1810 delendum
927 1774 1016 1810 vidit
1039 1774 1103 1810 Ch.
1195 1774 1231 1811 5.
1263 1773 1436 1821 ,Μεστρέμ
1460 1775 1592 1813 Chron.

200 1824 236 1859 9.
274 1822 447 1868 γίνεσθαι
469 1823 537 1858 Ox.
629 1823 714 1858 ibid.
749 1819 904 1869 ᾔδεισαν
927 1822 1013 1864 Ch„
1054 1821 1208 1868 εἴδησαν
1231 1821 1362 1857 Chron.

107 1916 190 1949 tura
222 1913 501 1960 praenuntiaret,
534 1913 672 1960 illisque
695 1926 716 1948 a
738 1914 814 1949 Deo
837 1925 1001 1960 responsa
1023 1914 1067 1948 de
1090 1913 1216 1948 futuris
1239 1914 1335 1949 velut
1357 1900 1588 1950 internuntius

106 1961 278 2003 referret,
313 1972 465 2007 opesque
488 1960 537 1997 eis
559 1960 851 1997 subministraret:
885 1961 978 1996 unde
1000 1964 1037 1996 et
1060 1961 1176 2007 Opum
1200 1960 1364 2006 Largitur
1386 1963 1587 2009 Aureusque

106 2005 200 2042 Deus
222 2012 366 2043 vocatus
388 2012 452 2042 est.

199 2075 375 2112 Mercurio
399 2087 482 2111 vero
506 2075 540 2110 in
565 2076 761 2122 Aegyptum
784 2074 964 2119 veniente,
997 2075 1178 2122 Aegyptiis
1201 2076 1361 2121 regnavit
1384 2075 1584 2120 Mesremus‚

105 2132 149 2156 ex
175 2122 299 2157 chami
330 2129 435 2169 gente
466 2122 650 2157 oriundus:
686 2122 742 2157 cui
765 2122 848 2157 fatis
870 2122 990 2156 functo
1013 2122 1178 2167 Aegyptii
1206 2122 1411 2158 Mercurium
1433 2123 1584 2159 suffece-

102 2172 188 2203 runt
209 2179 344 2215 regemz
373 2168 432 2216 qui
454 2168 550 2204 annis
573 2179 682 2203 xxxtx
706 2169 854 2215 superbe
875 2169 1055 2204 admodum
1079 2168 1302 2215 imperitavit.

196 2237 282 2273 Post
311 2238 403 2274 hunc
434 2237 616 2284 Aegyptiis
647 2237 835 2284 imperavit
867 2237 1037 2273 Vulcanus
1069 2250 1133 2285 per
1155 2238 1230 2273 dies
1254 2248 1476 2280 cmucnxxx,
1508 2237 1581 2272 sive

102 2294 210 2319 annos
232 2294 294 2327 lv,
326 2296 455 2320 menses
477 2295 550 2327 vu,
577 2290 614 2320 et
637 2285 710 2319 dies
734 2295 786 2318 111.
835 2284 1049 2320 Nesciebant
1071 2285 1158 2320 enim
1180 2291 1252 2319 tum
1276 2284 1438 2330 temporis
1461 2285 1580 2329 Aegy-

101 2330 169 2377 ptii
201 2341 307 2366 annos
342 2331 510 2373 definire;
547 2331 608 2369 sed
631 2330 700 2365 diei
724 2330 886 2366 circuitus
909 2342 970 2376 pro
994 2331 1088 2367 annis
1110 2332 1344 2367 numerabant.
1391 2330 1578 2367 Vulcanum

128 2388 208 2412 orro
231 2377 321 2413 hunc
343 2377 453 2413 Deum
478 2377 716 2424 appellarunt3
751 2377 930 2413 bellicosus
964 2378 1053 2413 enim
1084 2383 1161 2413 erat
1193 2382 1230 2412 et
1261 2375 1476 2422 ingeniosus:
1515 2376 1576 2421 qui

96 2433 134 2458 m
165 2422 291 2459 bellum
320 2424 515 2470 profectus,
547 2435 622 2460 cum
653 2435 722 2458 una
752 2435 827 2459 cum
858 2435 949 2470 equo
973 2436 1032 2460 suo
1058 2423 1264 2467 corruisset,
1297 2422 1421 2458 exinde
1443 2422 1576 2457 claudi-

97 2469 204 2505 cavit.

187 2537 258 2573 Hic
287 2539 459 2574 Vulcanus
493 2539 571 2586 lege
602 2538 739 2574 condita
767 2537 901 2581 sanxit,
947 2538 999 2574 uti
1038 2539 1207 2575 foeminae
1239 2535 1435 2582 Aegyptiac
1452 2535 1571 2591 ‘unico

95 2586 280 2620 contentae
302 2585 378 2621 viro
402 2586 508 2621 vitam
532 2590 627 2621 caste
649 2590 814 2632 agerent;
853 2585 1036 2621 adulterae
1059 2591 1174 2621 autem
1198 2584 1388 2629 deprensae
1411 2589 1464 2617 ut1
1486 2594 1572 2628 poe·

94 2640 156 2664 nas
185 2629 320 2666 darent.
367 2633 560 2667 Gratanter
590 2633 655 2667 hoc
690 2645 711 2667 a
744 2632 895 2668 Vulcano
918 2632 1073 2667 tulerunt
1095 2631 1277 2680 Aegyptii,
1311 2629 1405 2675 quod
1427 2629 1570 2675 primam

93 2675 184 2710 hanc
207 2677 441 2714 continentiae
461 2679 573 2725 legem
594 2678 818 2726 accepissent.

185 2745 280 2780 Idem
301 2745 473 2781 Vulcanus
495 2747 640 2792 mystica
662 2747 811 2802 quadam
836 2746 979 2794 precula
1003 2745 1169 2792 forcipem
1193 2756 1234 2780 ex
1259 2747 1360 2787 aete,
1394 2743 1439 2779 ad
1472 2755 1566 2778 arma

93 2803 114 2827 e
137 2792 232 2827 ferro
254 2791 479 2836 fabricanda,
501 2794 722 2841 impetravit:
752 2793 846 2829 unde
867 2799 904 2829 et
927 2793 1027 2827 Ferri
1051 2792 1206 2826 Domitor
1229 2791 1264 2826 in
1289 2790 1368 2826 belli
1390 2802 1484 2825 usum
1508 2791 1565 2825 fa-

92 2845 167 2874 ctus
191 2843 252 2875 est.
300 2838 340 2872 In
362 2837 512 2875 Deorum
534 2840 653 2886 itaque
676 2851 872 2883 numerum,
908 2840 952 2875 ob
976 2839 1085 2884 legem
1109 2837 1340 2874 continentiae
1363 2837 1489 2879 latam,
1526 2842 1563 2872 et
