1838 3230
612 146 1080 196 ANNOTATIONES.
1465 149 1566 199 543

110 279 220 314 etore
238 272 288 312 de
305 283 378 312 suo
396 271 545 310 inserta
565 274 676 319 sunt,
718 266 871 318 inepte3
921 271 961 304 et
981 271 1118 305 contra
1146 270 1230 304 tum
1259 263 1375 304 verbi
1399 278 1569 317 sensum,

108 337 195 371 tum
215 329 401 369 Auctoris
419 328 561 378 nostri,
590 340 640 366 ex
657 338 737 377 quo
755 323 829 362 ista
853 322 1093 375 desumpsit,
1122 328 1304 362 mentem.

222 398 545 450 Pag.180·22·
584 392 813 446 ἐμοίχευσεν
833 389 857 431 ὅ
870 387 961 438 υἱὸς
978 393 1052 431 τοῦ
1078 391 1301 444 Ταρκυνίου
1320 407 1342 432 ο
1328 387 1570 440 Ἀρόουνς1

107 453 306 503 Lucretia,
333 465 415 492 non
437 451 486 490 ab
509 452 673 500 Arunte,
702 448 772 488 sed
789 462 808 485 a
827 447 1045 499 Tarquinio
1063 448 1197 498 Sexto,
1228 446 1455 500 SuperbiF.
1472 453 1572 486 natu

107 509 262 550 minore
280 514 462 561 stuprata
483 508 572 547 fuit.

146 592 154 599 ·
225 579 323 630 Peg.
356 579 449 619 181.
480 578 544 618 13.
574 588 658 614 των
678 568 899 627 λεγομένων
917 570 1185 626 Κελεριανῶν]
1215 568 1480 625 Κελεριανους
1498 585 1570 610 vo-

108 639 192 683 cat,
223 646 325 686 quos
338 632 510 683 Plinius,
543 628 713 678 Celeres,
743 627 1018 679 Fleoeumines,
1049 628 1093 666 id
1111 635 1181 679 est,
1210 628 1325 668 Levis
1350 634 1571 667 armaturae

106 690 282 743 Equites.

220 759 316 809 Pag.
347 758 438 800 181.
469 753 536 798 14.
592 750 636 795 τὸ
665 749 906 806 τρακτευθὲν
934 747 1022 792 κατ’
1051 748 1202 805 αυτοῦ]
1240 748 1502 817 τρακτεύομαι
1532 758 1573 791 et

105 813 345 866 τρακταΐζω,
374 827 397 851 a
419 813 559 851 Latino
594 812 758 859 Traczo,
790 809 1004 848 Consilium
1029 808 1078 847 de
1097 823 1140 848 re
1161 810 1346 861 quapiam
1363 809 1472 848 ineo:
1499 823 1569 847 oc-

105 869 235 910 currit
262 869 512 939 saepiuscule
533 869 639 907 infra
670 867 778 919 apud
805 868 1015 905 Auctorem
1036 872 1235 915 nostrum,
1265 871 1311 904 ut
1339 866 1409 904 lib.
1432 870 1493 908 12.
1529 881 1569 917 p.

103 929 204 971 289·
232 922 350 982 κᾷκεῖ
375 921 503 967 αὐτοῦ
532 922 761 978 διάγοντος,
787 922 856 963 καὶ
884 939 933 963 τα
959 924 1034 962 τοῦ
1062 921 1237 975 πολέμου
1259 923 1568 976 τρακτοῖζοντος,

105 967 273 1035 συνέβη
278 988 352 1023 etc.
416 981 494 1021 Ubi
517 997 587 1035 per
599 980 777 1048 ‘hyemem
809 980 1086 1024 commoranti,
1133 994 1304 1033 quaeque
1331 977 1387 1017 acl
1425 977 1568 1018 bellum

105 1037 333 1093 spectabaeznt
347 1038 619 1092 pertractanti,
647 1037 743 1087 sive,
771 1036 820 1074 de
838 1036 892 1074 eis
912 1035 1162 1083 consultanti,
1191 1033 1338 1074 accidit
1358 1041 1432 1074 etc.

220 1108 318 1159 Pag·
349 1108 442 1148 181·
471 1109 540 1148 20.
571 1104 592 1147 ὅ
612 1106 755 1152 δοῦλος
775 1120 846 1145 του
864 1099 1044 1157 Βρουτου
1070 1102 1296 1153 Βινδίκιος]
1328 1103 1416 1141 Non
1438 1103 1567 1154 Bruti,

107 1160 180 1200 sed
202 1160 455 1214 Aquiliorum
489 1161 786 1217 conjuratorum
816 1174 953 1200 servus
979 1165 1064 1199 erat
1082 1159 1301 1200 Vindicius„
1359 1159 1459 1199 Vide
1478 1161 1569 1200 Plu.

106 1217 234 1260 tarch.
258 1219 301 1257 in
320 1218 539 1260 Poblicola.

217 1285 323 1339 Pag.
354 1289 448 1330 182.
477 1289 519 1329 7.
553 1280 835 1338 ψηφισαμενοι
852 1282 895 1326 ἒν
922 1279 1108 1336 πρωτοις]
1141 1283 1184 1326 ἐν
1203 1280 1397 1338 πρώτοις,
1429 1290 1468 1324 et
1486 1297 1568 1324 sae-

103 1355 156 1396 pe
193 1343 314 1382 etiam
346 1339 542 1410 πρώτοις,
585 1342 690 1380 infra
731 1340 841 1393 apud
883 1347 1083 1380 auctorem
1117 1348 1323 1388 nostrum,
1363 1341 1570 1395 inprimis,-

104 1398 249 1438 deinde
269 1394 645 1452 δισιγνιτεύσαντες,
686 1397 957 1450 designantes5
997 1394 1346 1453 δεσιγνατεύεσθαι
1366 1399 1568 1448 scribitur,

102 1455 147 1494 in
165 1456 295 1495 Gloss.
310 1455 519 1496 Basilicor.

215 1513 322 1565 Pag·
353 1514 447 1554 182.
476 1512 543 1556 24.
572 1508 757 1560 δεδωκώς
779 1506 890 1567 αὐτῷ
905 1510 974 1552 καὶ
995 1506 1110 1560 οῗξίαν
1133 1508 1307 1564 κόμητος
1324 1511 1420 1563 ete]
1450 1510 1570 1550 Vides

102 1568 272 1619 Lector,
303 1581 421 1621 quam
440 1568 658 1608 honorifice
674 1581 766 1607 cum
786 1568 973 1608 Vindicio
1000 1569 1082 1619 agit
1102 1575 1243 1607 auctor
1259 1575 1415 1607 noster:
1446 1568 1571 1606 miror

102 1630 236 1664 tamen
256 1639 335 1677 quo
355 1632 539 1675 auctore,
568 1625 643 1664 ista
674 1625 902 1677 protulerit.
961 1625 1161 1663 Libertate
1183 1624 1341 1676 quidem
1362 1624 1566 1673 donatum,

102 1682 351 1734 pecuniaque
378 1695 431 1720 ex
453 1682 605 1720 aerario
638 1688 934 1721 remuneratum
961 1681 1148 1731 legimus,
1180 1681 1286 1733 apud
1312 1681 1471 1719 Latinos
1497 1694 1567 1719 au-

104 1743 256 1785 ctores3
285 1751 359 1776 nec
381 1737 534 1804 aliquid
566 1738 749 1790 amplius.
818 1738 954 1776 Livius
1001 1738 1030 1776 1.
1059 1742 1098 1781 2.
1158 1735 1378 1776 Secundum
1397 1751 1566 1789 poenam

103 1794 343 1840 nocentium,
372 1804 416 1832 ut
433 1794 476 1833 in
500 1803 871 1848 utramquepartem
898 1792 1079 1833 arcendis
1111 1792 1316 1833 sceleribus
1344 1791 1566 1846 exemplum

102 1847 235 1889 nobile
260 1859 375 1901 esset,
401 1851 619 1903 praemium
645 1849 795 1899 indici,
825 1851 993 1903 pecunia
1029 1864 1083 1889 ex
1110 1851 1286 1899 aerario,
1318 1847 1499 1899 liberios,
1529 1859 1565 1888 et

103 1906 244 1945 civitas
264 1903 440 1947 donata.-
469 1913 509 1945 et
528 1906 691 1957 deinde3
719 1916 809 1959 post
833 1905 948 1945 illum
969 1905 1235 1957 observatum,
1263 1915 1307 1945 ui
1333 1907 1404 1961 qui
1428 1907 1486 1945 iia
1505 1904 1566 1945 li-

103 1959 230 2001 berati
246 1972 366 2000 essent
378 1990 389 2010 ‚
418 1964 460 2001 in
481 1963 677 2002 civitatem
696 1963 847 2031 accepti
864 1961 1091 2001 viderentur.

217 2020 760 2071 Peg-183.1.K0vmma,
792 2016 892 2072 ἅπερ
915 2016 1179 2071 ἑρμηνεύεται,
1208 2021 1385 2072 παροχῆς
1403 2017 1561 2083 equiem]

100 2073 215 2113 Nova
234 2072 335 2114 haec
352 2074 537 2114 vocabuli
572 2075 695 2129 hujus
726 2076 1024 2128 inteipretatio,
1062 2076 1323 2128 Romanisque
1347 2076 1562 2127 incognita.

102 2129 211 2178 Quid
235 2131 269 2170 si
290 2129 467 2186 παροχή,
496 2146 580 2171 non
604 2148 627 2171 a
647 2131 825 2186 παρέχω,
856 2132 926 2171 sed
949 2147 971 2170 a
1000 2129 1172 2186 πάροχος
1199 2133 1413 2174 deductum
1442 2133 1565 2171 vellet

101 2193 246 2226 auctor
271 2189 440 2227 noster?
478 2189 579 2229 adeo
606 2196 652 2229 ut
680 2203 780 2240 non,
818 2187 1115 2242 ngifionem,
1157 2190 1229 2229 sed
1263 2189 1564 2237 consessionem,

100 2243 313 2294 significet:
359 2244 505 2284 throno
541 2246 646 2285 enim
680 2246 819 2285 eodem
849 2246 1003 2285 excelso
1045 2247 1283 2286 collocatum
1324 2245 1564 2294 Vindicium,

100 2299 225 2339 Bruto
247 2301 418 2341 assidere
451 2302 560 2344 sacit.
618 2302 748 2354 Atque
774 2304 818 2341 111
842 2301 921 2341 1100
947 2316 1084 2353 sensu,
1119 2303 1331 2345 Consilium
1361 2302 1564 2353 aliquanto

100 2356 240 2395 melius
271 2357 482 2408 quadrabit
514 2373 608 2399 cum
635 2360 726 2399 data
757 2360 1098 2431 interpretatione.
1165 2360 1309 2401 Verum
1330 2358 1380 2398 de
1402 2357 1482 2397 11οο
1501 2357 1566 2397 vi-

101 2410 222 2452 deant
237 2414 394 2456 eruditi.

217 2472 312 2524 Peg
343 2470 887 2527 183.12.τυραννήσαντες
911 2472 955 2515 οἱ
981 2469 1148 2539 Pali-oi]
1181 2473 1429 2524 τυραννῆσαι
1456 2469 1566 2522 apud

101 2530 301 2576 nostrum,
330 2541 406 2580 pro
436 2543 551 2567 arma
579 2530 621 2568 in
639 2528 808 2583 aliquem
827 2545 974 2570 sumere
997 2531 1079 2569 sive
1102 2530 1143 2568 in
1165 2526 1369 2582 aliquem
1353 2541 1564 2577 insurgere,

101 2581 248 2631 passim
267 2584 469 2636 usurpari,
501 2584 570 2624 hic
591 2587 709 2625 semel
725 2587 923 2626 monuisse
943 2587 1036 2626 satis
1057 2586 1127 2630 sit,
1156 2584 1382 2636 exemplum
1402 2584 1563 2622 unicum

99 2635 168 2675 hic
186 2639 405 2690 proferam,
436 2655 485 2680 ex
503 2641 573 2681 lib.
604 2646 670 2685 16
696 2658 738 2695 p.
771 2646 868 2687 392.
899 2644 967 2682 ubi
997 2643 1045 2681 de
1076 2640 1371 2691 Alexandrinis,
1406 2641 1474 2692 qui
1497 2646 1562 2679 tu-

99 2694 342 2735 multunntes
366 2697 612 2738 Praefectum
634 2713 749 2739 suum
768 2700 1048 2739 interfecerant
1068 2698 1190 2738 verba
1220 2698 1388 2748 faciens,
1418 2696 1561 2736 deinde

99 2750 238 2802 addit;
269 2747 548 2806 ἀγανακτήσας
572 2754 597 2797 o‘
625 2753 745 2805 αὐτὸς
772 2755 978 2809 βασιλεῦς,
1019 2752 1192 2802 πολλους
1222 2749 1493 2823 ἐτιμωρήσατο
1518 2753 1559 2802 ἐξ

100 2803 236 2849 αυτῶν
261 2811 344 2850 ταῖν
364 2810 660 2866 Αλεξανδρέων,
691 2829 746 2862 ως
776 2810 1101 2868 τυραννήσαντας
1126 2808 1197 2854 τόν
1217 2807 1389 2865 α’ρχοντα
1411 2806 1555 2851 αὐτῶν.
