1838 3230
269 192 340 238 46
671 189 963 234 IOANNIS
993 190 1329 236 MALALAE

276 308 332 356 εἷς
353 304 485 363 ἔρωτα
506 307 646 363 αὐτῆς.
717 309 782 350 καὶ
809 310 1060 364 παραμείνας
1088 311 1129 354 ἐν
1151 315 1208 370 τῷ
1230 311 1322 371 ἱερῷ
1340 310 1543 371 προφάσει
1561 317 1636 358 τοῦ
1655 312 1730 358 τᾶ-

273 392 428 431 γματος
451 380 524 431 τῆς
544 376 675 432 εὐχῆς,
703 374 757 426 ὥς
775 378 964 433 συγγενὴς
985 379 1125 435 αὐτῆς,
1145 378 1431 432 ὖπονοθεύσας
1449 382 1637 440 ἔφθειρεν
1655 383 1731 426 αὖ-

220 452 254 487 Ε
278 444 351 500 τὴν
374 446 440 487 καὶ
463 444 601 500 ε’γκυον
623 445 804 499 ἐποίησε·
841 447 908 488 καὶ
929 450 1132 503 φοβηθεὶς
1150 449 1221 491 τὸν
1242 450 1405 493 Νυκτέα
1416 483 1430 504 ,
1467 451 1638 506 βασιλέα
1656 456 1731 507 τῆς

276 514 493 565 Βοιωτίας,
531 510 783 568 ἀνεχώρησεν
803 515 857 563 εἷς
877 514 951 570 τὴν
969 517 1075 558 ἰδίαν
1100 517 1227 559 αὐτοῦ
1245 516 1398 575 χώραν.
1469 519 1622 574 μαθών
1644 521 1688 562 δὲ
1707 517 1728 562 ὅ

276 581 460 631 Νυκτεὺς
491 579 706 634 βασιλεύς,
745 580 765 624 ὃ
797 580 949 638 ταύτης
979 583 1138 640 πατήρ,
1178 585 1238 629 ὅτι
1258 585 1448 644 ἐφθάρη,
1487 587 1630 642 ἔλαβεν
1654 587 1723 631 αὖ·
1741 601 1765 637 5

276 650 352 704 τὴν
379 650 422 691 ἐκ
451 653 524 692 τοῦ
556 649 686 706 ἱεροῦ·
722 652 789 693 καὶ
825 650 1014 702 ἐξετάσας
1050 653 1177 709 αὐτὴν
1214 654 1345 709 ἐζιιαθε
1379 655 1474 709 παρ’
1506 655 1634 713 αὐτῆς
1661 656 1733 700 τὸν

277 717 441 775 φθορέα
466 715 648 772 Θεόβοον
668 717 729 761 ὅτι
753 720 795 761 ἐκ
812 723 893 762 τῶν
914 725 1185 776 συγκλητικῶν
1204 724 1287 766 ἐστι
1306 728 1380 766 τοῦ
1404 724 1583 781 ἀδελφοῦ
1605 723 1733 768 αὗτοῦ

276 784 426 830 Λύκου
450 788 515 829 καὶ
533 791 607 842 τῆς
628 786 757 829 αὐτοῦ’
779 788 966 843 γυναικὸς
987 790 1111 845 γένος.
1183 791 1338 847 ἀγνοῶν
1355 793 1399 835 δέ
1423 791 1444 835 ὃ
1465 791 1672 846 Νυκτεύς,
1711 790 1733 835 ὅ

275 854 411 911 πατὴρ
435 855 562 910 αὐτῆς
569 888 581 907 ,
619 854 680 897 ὅτι
702 854 839 911 ἴγκυός
860 857 988 909 ἐστιν,
1027 857 1203 913 ἔπεμψεν
1222 859 1350 916 αὐτὴν
1368 863 1423 910 εἷς
1442 861 1512 904 τὸν
1533 861 1637 904 ἴδιον
1657 861 1734 904 αὖ-

150 935 184 970 V
209 937 251 971 19
276 927 349 966 τοῦ
375 921 566 980 ἀδελφόν,
601 923 673 966 τὸν
694 923 855 977 Λύκον,
891 926 1062 980 βασιλέα
1082 932 1154 969 τοῦ
1169 927 1353 984 Ἄργους,
1385 931 1454 971 ἰ’να
1474 927 1646 987 ,ἐξετάσῃ
1666 931 1733 972 καὶ
1747 941 1790 976 10

278 991 403 1041 αὐτὸς
431 992 478 1034 τὸ
507 996 673 1048 πρᾶγμα
701 997 774 1048 τῆς
795 998 964 1051 φθορᾶς
983 994 1110 1050 αὐτῆς
1118 1028 1131 1048 ,
1170 998 1235 1038 καὶ
1255 999 1289 1039 εἶ
1308 996 1461 1052 ἀληθές
1482 999 1588 1041 ἐστιν
1608 997 1670 1041 ὅτι
1693 1000 1737 1040 ἐκ

279 1065 354 1104 τοῦ
371 1060 543 1117 Ἄργους
563 1062 672 1103 ἐστὶν
696 1059 716 1104 ὃ
740 1062 867 1117 αὐτῆς
888 1061 1085 1120 φθορεύς,
1121 1066 1188 1106 καὶ
1214 1064 1341 1120 αὐτὴν
1364 1064 1658 1123 τιμωρήσηται,
1682 1064 1739 1115 ὥς

281 1134 515 1187 φθαρεῖσαν
553 1129 697 1186 ἱέρειαν
727 1125 876 1182 οὖσαν,
913 1133 979 1173 καὶ
1011 1133 1156 1174 ἐκεῖνον
1186 1134 1230 1175 δὲ
1262 1131 1462 1189 ἀμύνηται
1473 1168 1487 1187 ,
1524 1132 1580 1184 ὥς
1601 1138 1737 1177 τοιοῦ-

280 1196 353 1241 τόν
374 1215 412 1241 τι
435 1196 699 1253 τολμήσαντα
721 1199 825 1241 κατὰ
849 1199 1049 1255 ἱερατικοῦ
1072 1199 1276 1255 σώματος.
1321 1199 1342 1244 ὁ
1365 1203 1409 1245 δὲ
1425 1203 1619 1257 βασιλεὺς
1638 1200 1737 1245 Λύ-

282 1284 352 1316 κος
387 1266 609 1322 εἰσαγαγὼν
638 1266 712 1321 τὴν
746 1267 874 1321 αὐτὴν
899 1266 1112 1322 Ἀντιόπην
1144 1272 1199 1319 εἷς
1223 1271 1423 1324 ἐξέτασιν,
1460 1273 1527 1314 καὶ
1549 1269 1737 1328 ἑωρακώς
1751 1280 1793 1316 15

154 1339 187 1373 O
212 1339 259 1375 55
283 1335 411 1390 αὐτῆς
430 1334 504 1390 τὴν
524 1334 760 1390 εὐπρέπειαν
770 1368 784 1387 ,
816 1337 882 1377 καὶ
898 1336 1051 1390 μαθὼν
1070 1335 1132 1379 ὅτι
1152 1337 1289 1393 ἔγκυός
1307 1339 1438 1392 ἐστιν,
1472 1339 1641 1394 ἠλέησεν
1663 1339 1739 1381 αὐ-

281 1402 371 1459 τήν,
405 1404 530 1458 λέγων
553 1401 614 1445 ὅτι
637 1406 702 1445 δεῖ
717 1410 959 1457 περιμεῖναι,
999 1404 1114 1461 ἄχρις
1135 1400 1181 1448 οὗ
1206 1407 1322 1464 τέκῃ,
1360 1409 1427 1450 καὶ
1448 1405 1540 1450 τότε
1561 1405 1742 1462 τιμωρή-

284 1476 444 1516 σασθαι
465 1469 617 1525 αὐτήν,
650 1470 705 1522 ὥς
727 1471 924 1528 ἱερατικὸν
941 1470 1172 1529 ὗβρίσασαν
1193 1479 1344 1530 σχῆμα.
1393 1474 1414 1518 ὁ
1438 1477 1482 1518 δὲ
1501 1475 1626 1525 αὐτὸς
1643 1473 1742 1518 Λύ-

284 1557 354 1590 κος
385 1539 577 1595 βασιλεὺς
603 1538 680 1595 εἶχε
708 1547 876 1596 γυναῖκα
903 1540 977 1595 τὴν
1000 1543 1179 1597 Δίρκην·
1215 1546 1280 1586 καὶ
1311 1544 1524 1601 παραδοὺς
1544 1543 1647 1600 αὐτῇ
1669 1543 1743 1598 τὴν

278 1607 491 1664 Ἀντιόπην
519 1606 623 1650 εἶπεν
654 1608 782 1664 αὐτὴν
813 1607 1097 1665 φυλάττεσθαι
1130 1611 1223 1668 παρ’
1256 1611 1360 1669 αὐτῇ
1370 1645 1384 1664 ,
1420 1611 1535 1668 ἄχρις
1555 1606 1602 1654 οἶ)
1624 1612 1796 1668 τέκῃ·20

232 1685 263 1720 Β
286 1676 307 1721 ὁ
331 1678 374 1720 δὲ
392 1675 539 1727 Λύκος
559 1677 750 1731 βασιλεὺς
769 1674 817 1732 ἦν
839 1681 955 1727 θεῖος
972 1682 1047 1732 τῆς
1059 1678 1282 1735 Ἀντιόπης.
1327 1678 1353 1735 ἦ
1374 1681 1418 1723 δὲ
1436 1680 1539 1735 αὐτὴ
1553 1678 1741 1734 Ἀντιόπη

285 1737 466 1803 ἐγέννησε
492 1747 668 1800 δίδυμα,
706 1745 895 1796 οὕστινας
921 1744 1104 1789 ἐκάλεσεν
1130 1747 1331 1806 Ἀμφίονα
1361 1750 1427 1791 καὶ
1446 1752 1606 1804 Ζῆθον.
1677 1749 1745 1790 καὶ

377 1854 413 1936 g.
451 1855 649 1935 Βιὸωτείας
672 1855 740 1891 Ox.
832 1856 889 1891 22.
922 1852 1106 1901 Ἀμφίωνα
1129 1858 1197 1893 Ox·
1289 1857 1371 1893 ibid.
1410 1858 1538 1902 Ζῆθον
1557 1856 1642 1900 ch„
1671 1857 1742 1902 Ζῆ-

410 1913 456 1936 αν
522 1912 554 1935 x.

288 2003 335 2037 go
359 1995 446 2026 esset
468 1991 578 2026 forma
609 1997 807 2039 statutaque
842 1993 1076 2039 pulcherrima.
1126 1994 1356 2029 Commoratus
1379 2004 1461 2028 vero
1484 1992 1632 2039 templo,
1666 1997 1746 2029 tan-

291 2049 391 2083 quam
422 2038 483 2071 sub
506 2038 620 2081 specie
642 2039 835 2083 religionis,
866 2044 905 2074 ut
928 2040 987 2085 qui
1017 2039 1144 2084 virgini
1167 2040 1270 2074 etiam
1301 2039 1465 2084 sanguine
1494 2044 1582 2074 esset
1604 2040 1745 2084 conjun-

289 2089 384 2124 ctus3
414 2083 448 2116 in
471 2094 617 2117 amorem
640 2096 733 2119 suum
755 2084 901 2119 illectam
925 2098 999 2120 eam
1022 2086 1160 2120 vitiavit
1182 2085 1428 2130 gravidamque
1449 2085 1544 2119 fecit.
1590 2085 1746 2120 Metuens

291 2128 415 2163 deinde
446 2128 510 2163 sibi
534 2141 554 2163 a
578 2130 736 2174 Nycteo,
779 2131 984 2165 Boeotorum
1013 2143 1117 2176 rege,
1153 2131 1188 2164 in
1212 2130 1357 2176 patriam
1387 2142 1480 2165 suam
1503 2141 1658 2166 reversus
1682 2135 1744 2166 est.

290 2176 447 2219 Nycteus
482 2180 615 2216 autem,
652 2175 793 2219 virginis
817 2181 916 2221 pater
947 2176 990 2210 de
1013 2177 1064 2211 his
1089 2177 1213 2212 certior
1242 2178 1375 2218 factus,
1413 2177 1518 2211 filiam
1552 2188 1644 2211 suam
1666 2177 1746 2210 fano

292 2223 480 2255 extractam
503 2220 647 2254 examini
669 2221 833 2265 subjecit3
862 2225 897 2255 et
919 2228 1127 2267 compertum
1150 2223 1298 2264 habens,
1325 2221 1481 2256 vitiatam
1504 2221 1605 2257 fuisse
1629 2233 1702 2256 eam
1726 2232 1747 2255 a

292 2266 483 2307 TIxeoboo,
517 2266 575 2311 qui
606 2266 693 2312 Lyci
722 2266 838 2301 fratris
862 2278 904 2300 ex
928 2267 1139 2302 Primoribus
1163 2272 1258 2309 erat,
1291 2268 1460 2313 uxorique
1482 2279 1563 2302 suae
1585 2268 1747 2311 sanguine

293 2313 510 2356 conjunctus:
548 2311 652 2346 filiam
673 2324 786 2354 suam,
822 2312 952 2346 nescius
975 2318 1087 2347 tamen
1110 2325 1183 2348 eam
1206 2314 1277 2358 jam
1301 2318 1374 2347 tum
1396 2317 1639 2358 praegnantem
1662 2324 1746 2353 esse,

293 2357 336 2392 ad
361 2357 488 2402 Lycum
510 2358 671 2399 fratrem,
696 2358 897 2402 Argivorum
920 2369 1053 2402 regem,
1078 2359 1185 2399 misit;
1215 2364 1255 2393 ut
1277 2359 1350 2404 ipse
1373 2359 1495 2400 etiam,
1519 2358 1671 2392 examine
1693 2358 1748 2391 fa-

293 2409 349 2438 cto
383 2404 426 2436 de
456 2408 596 2448 stupro,
640 2403 830 2448 inquireret
860 2414 978 2448 nempe
1012 2416 1055 2437 an
1079 2405 1211 2438 Author
1246 2405 1315 2448 ejus
1339 2408 1426 2438 esset
1458 2414 1500 2437 ex
1523 2402 1660 2447 Argivis
1682 2403 1747 2436 suis

293 2449 436 2493 aliquis:
477 2449 568 2494 quod
590 2448 641 2483 ita
664 2462 734 2484 esse
757 2450 784 2484 si
809 2449 1046 2494 comperisset;
1083 2455 1122 2483 ut
1145 2450 1292 2494 Antiopa
1325 2460 1450 2494 poenas
1476 2448 1576 2482 daret
1598 2447 1748 2482 violatae

294 2494 500 2540 pudicitiae,
537 2495 628 2540 quod
650 2496 715 2530 hoc
737 2495 896 2529 sacerdos
919 2494 1152 2528 commisisset:
1189 2495 1224 2528 in
1247 2496 1339 2528 illum
1361 2506 1444 2528 vero
1469 2493 1605 2538 gravius
1628 2497 1666 2527 ut
1689 2494 1751 2527 de-

295 2544 510 2582 cerneretur,
550 2540 609 2585 qui
632 2541 700 2576 tale
735 2541 862 2585 aliquid
885 2540 920 2573 in
943 2551 1119 2584 personam
1152 2551 1280 2574 sacram
1305 2550 1403 2574 ausus
1427 2539 1543 2574 fuerit.
1590 2539 1667 2572 Rex
1689 2550 1750 2572 au-

295 2591 365 2619 tem
387 2587 500 2630 Lycus
521 2598 596 2620 cum
621 2587 664 2621 de
686 2587 834 2632 Antiopa
858 2585 1098 2626 Quaestionem
1121 2586 1247 2619 habere
1268 2585 1448 2626 statuisset,
1474 2586 1655 2619 observata
1677 2584 1750 2628 ejus

295 2632 426 2671 forma3
458 2636 494 2665 et
517 2632 655 2667 edoctus
679 2633 778 2667 etiam
801 2631 976 2677 gravidam
1000 2642 1073 2665 eam
1097 2643 1188 2672 esse,
1212 2630 1440 2665 misericordia
1462 2636 1591 2672 motus,
1615 2640 1751 2663 manere

297 2688 371 2710 eam
391 2677 492 2720 jussit
514 2689 619 2723 usque
642 2679 719 2713 dum
749 2684 882 2724 partum
905 2676 1086 2718 edidisset,
1127 2687 1254 2722 poenas
1277 2676 1399 2722 deinde
1428 2675 1571 2710 laturam
1593 2673 1750 2709 temerati

296 2722 490 2756 sacerdotii.
537 2723 677 2759 Interim
701 2736 761 2759 rex
780 2724 890 2768 Lycus
907 2722 1100 2766 Antiopam,
1125 2723 1217 2766 cujus
1236 2721 1337 2755 etiam
1361 2725 1435 2756 erat
1452 2721 1645 2762 avunculus,
1668 2719 1751 2753 Dir-

299 2778 362 2800 cae
384 2768 482 2801 uxori
504 2770 757 2804 custodiendam
779 2768 944 2810 tradidit,
974 2779 1078 2813 usque
1101 2767 1180 2801 dum
1213 2772 1345 2812 partum
1378 2767 1506 2801 ederet.
1552 2766 1752 2800 Parturiens

300 2815 414 2846 autem
437 2814 587 2859 Antiopa
610 2816 769 2860 gemellos
792 2815 891 2850 enixa
915 2817 985 2855 est3
1028 2813 1147 2857 quibus
1170 2812 1303 2847 nomina
1327 2813 1440 2854 dedit,
1473 2811 1692 2858 Amphionem
1714 2815 1752 2844 et

298 2857 455 2893 Zethum.
502 2859 653 2896 Infantes
676 2866 787 2896 autem
808 2861 844 2895 in
866 2861 973 2895 lucem
996 2858 1103 2894 editos
1127 2858 1251 2905 exponi
1273 2870 1334 2893 rex
1354 2858 1472 2904 jussit,
1506 2857 1542 2891 in
1564 2857 1640 2892 vico
1666 2855 1753 2890 Ras-
