1838 3230
435 139 1053 188 CHRONOGRAPHIA.
1078 162 1079 165 ¹
1109 140 1160 185 L.
1191 139 1308 186 XIV.
1509 147 1611 195 367

131 264 274 323 χερίαν
290 261 399 309 εἶπεν
419 262 526 321 αὐτῇ
553 262 622 307 διὰ
641 262 890 319 momentote
913 262 985 306 τὸν
1002 260 1146 318 ἔχοντα
1163 261 1250 317 μετ’
1271 260 1397 306 αὐτὸν
1415 266 1610 317 βασιλεῦ’-

133 350 218 378 σαι.
287 329 734 389 καὶμεταστειλάμενος
754 331 1000 389 Μαρκιανὸν
1029 330 1103 376 τὸν
1131 331 1212 375 ἀπὸ
1239 329 1467 387 τριβούνων
1502 330 1609 376 εἶπεν

132 402 247 462 αὐτῷ
273 403 338 446 ἐπὶ
356 402 567 459 ’.Άσπαρος
587 402 655 444 καὶ
675 405 757 444 τῶν
776 405 1054 457 συγκλητικῶν
1074 398 1240 444 πάντων
1263 399 1326 444 ὅτι
1341 399 1496 458 Ἐφάνη
1519 419 1606 457 μοι,

131 469 195 515 ὅτι
224 472 271 515 σὲ
300 473 367 515 δεῖ
385 470 576 528 γενέσθαι
599 469 772 524 βασιλέα
796 469 883 524 μετ’
909 470 991 525 ἐμέ.
1063 471 1130 513 καὶ
1148 469 1244 525 μεθ’
1265 467 1421 528 ἡμέρας
1442 468 1516 515 δύο
1538 488 1606 515 τε-

96 544 253 601 sams?
275 538 297 584 ὃ
316 539 442 590 αὐτὸς
466 536 711 592 Θεοδόσιος,
748 537 806 582 ὢν
829 539 1025 583 ἐνιαυτῶν
1044 536 1123 583 να’.

229 609 356 654 Μετὰ
374 609 419 652 δὲ
436 607 511 664 τὴν
527 608 739 662 βασιλείαν
756 612 832 651 τοῦ
848 607 977 651 αὐτοῦ
997 609 1222 652 Θεοδοσίου
1243 607 1500 664 ἐβασίλευσεν
1516 607 1598 653 ἀπὸ
1623 591 1657 674 g
1679 593 1726 629 73

126 681 204 734 τῆς
225 675 453 735 συγκλήτου
473 679 667 735 στεφθεὶς
685 675 706 722 ὃ
728 674 946 728 θειότατος
964 675 1232 733 Μαρκιανός·
1269 673 1321 733 ἦν
1353 678 1398 720 δὲ
1425 675 1598 734 μακρός,

125 744 356 804 ἇπλόθριξ,
387 743 552 799 πολιός,
590 743 847 803 στυφόμενος
873 746 971 797 τοὺς
1000 745 1155 799 πόδας,
1194 745 1310 797 ἔτους
1330 746 1435 789 κατὰ
1447 745 1605 791 Ἀντιό-

119 832 237 871 χειαν
251 812 371 869 vbff,
411 809 663 865 ῗνδικτιῶνος
680 813 730 859 δ’.
781 814 807 870 ἢ
825 813 954 870 μόνον
974 816 1019 858 δὲ
1038 817 1310 869 ἐβασίλευσεν,
1332 814 1508 872 ε’γάμησε
1527 816 1603 872 τὴν

66 889 114 925 10
126 884 308 942 ἀδελφὴν
332 885 558 929 Θεοδοσίου
576 888 651 927 τοῦ
670 884 872 938 βασιλέως
889 884 964 940 τὴν
985 884 1202 928 δέσποιναν
1217 886 1493 940 Πουλχεριάν,
1530 881 1603 928 οἶ)-

119 970 200 997 σαν
221 954 432 1011 παρθένον
451 955 648 997 ἐνιαυτῶν
665 951 741 996 νδ’.
812 954 1048 1005 ἐβασίλευσε
1068 955 1114 997 δὲ
1132 953 1201 1010 ἔτη
1224 951 1259 1004 ς’
1282 955 1348 997 καὶ
1364 958 1499 1010 μῆνας
1519 952 1562 998 ε’.

211 1021 300 1065 Ἐπὶ
325 1023 370 1066 δὲ
389 1027 466 1079 τῆς
488 1022 616 1066 αὐτοῦ
635 1023 845 1076 βασιλείας
866 1021 1020 1066 ἔπαθεν
1040 1020 1120 1066 ὖπό
1140 1023 1366 1078 θεομηνίας
1384 1020 1409 1078 ἦ
1433 1023 1599 1079 λεγομέ-

119 1108 170 1147 νη
212 1091 410 1148 Τρίπολις
451 1095 526 1147 τῆς
572 1092 766 1147 Φοινίκης
808 1090 998 1148 παράλου
1033 1093 1131 1147 μηνὶ
1163 1093 1361 1150 γορπιαίῳ
1390 1092 1432 1134 ἓν
1467 1093 1595 1136 νυκτί.

119 1161 186 1203 καὶ
209 1157 392 1218 ἀνήγειρε
411 1160 457 1204 τὸ
481 1158 679 1216 δημόσιον
701 1159 748 1203 τὸ
769 1160 936 1215 θερινὸν
951 1158 1130 1204 πεσόντα
1149 1161 1198 1204 τὸ
1215 1159 1428 1217 λεγόμενον
1452 1158 1597 1205 ὄἼκα-

62 1235 107 1272 15
119 1245 204 1287 ρος.
274 1224 326 1284 ἦν
351 1229 431 1287 γὰρ
450 1230 492 1272 ἐν
516 1229 630 1288 αὐτῷ
649 1221 997 1287 χαλκουργήματα
1016 1227 1114 1283 δύο,
1153 1228 1272 1273 ἅτινα
1296 1231 1363 1272 καὶ
1387 1228 1495 1273 αὐτοί
1515 1233 1591 1274 εἰσι
1613 1242 1647 1277 Ε

115 1301 200 1342 τῶν
220 1296 471 1354 θεαμάτων,
509 1296 530 1342 ὃ
550 1298 712 1355 Ἴκαρος
740 1300 809 1340 καὶ
831 1296 852 1341 ὅ
872 1300 1087 1349 Δαίδαλος
1108 1300 1175 1342 καὶ
1196 1297 1217 1342 ὅ
1243 1300 1508 1357 Βελλεροφών
1527 1302 1597 1343 καὶ

114 1364 137 1410 ὅ
154 1364 356 1423 Πήγασος
368 1368 508 1418 ἰ’ππος.
571 1369 639 1410 καὶ
657 1366 703 1410 τὸ
728 1368 927 1411 Φακίδιον
946 1369 991 1411 δὲ
1011 1368 1205 1412 ἀνενέωσε
1222 1364 1289 1412 καὶ
1310 1367 1418 1411 ἄλλα
1434 1369 1594 1428 φανερὰ

112 1439 188 1492 τῆς
208 1433 364 1487 πόλεως
382 1436 510 1492 αὐτῆς
527 1435 603 1480 σὺν
621 1440 681 1495 τῷ
701 1435 858 1495 ἀγωγῷ.

210 1504 299 1548 Ἐπὶ
336 1506 382 1548 δὲ
418 1509 493 1562 τῆς
534 1505 663 1548 αὐτοῦ
706 1506 919 1560 βασιλείας
951 1505 1281 1565 προσεκαλέσατο
1313 1505 1387 1562 τὴν
1417 1503 1592 1551 σύνοδον

55 1571 384 1631 ΞΟΧαλκηδόνος
402 1579 485 1618 τῶν
499 1572 565 1631 χλ’
586 1572 827 1619 ἐπισκόπων.
949 1567 952 1570 ’

109 1729 147 1764 in
177 1729 319 1776 imperio
351 1741 563 1765 successurus
588 1732 682 1773 erat,
719 1741 796 1765 cum
819 1741 860 1765 ea
894 1741 1062 1766 semones
1094 1730 1224 1766 habuit.
1272 1730 1448 1766 Accersito
1483 1730 1586 1767 etiam

107 1776 307 1819 Marciano,
338 1776 396 1822 qui
420 1788 463 1811 ex
487 1776 653 1811 Tribunis
674 1777 808 1819 fuerat,
833 1776 922 1811 dixit
945 1776 999 1819 ei,
1023 1777 1261 1823 praesentibus
1283 1778 1414 1822 Aspare
1436 1778 1586 1813 Senatu-

107 1834 177 1868 que
200 1822 308 1858 omni:
337 1822 543 1865 „Divinitus
567 1823 649 1857 mihi
673 1827 839 1858 ostensum
864 1826 927 1865 est,
952 1823 1007 1857 Te
1031 1827 1108 1869 post
1131 1824 1191 1858 Me
1209 1823 1495 1870 Imperaturum.“
1518 1824 1585 1860 Se-

106 1868 219 1904 cundo
242 1874 356 1905 autem
378 1874 458 1916 post
480 1868 538 1905 die
561 1869 774 1905 Theodosius
798 1881 819 1904 e
842 1868 931 1905 vivis
953 1869 1119 1913 excessit,
1144 1881 1267 1905 annum
1290 1881 1395 1916 agens
1417 1881 1467 1906 ιι.

366 1995 1303 2047 MARCIANUS

597 2086 1082 2124 IMPERATOR

192 2187 386 2225 Theodosio
411 2188 602 2232 demortuo,
625 2189 804 2236 imperium
827 2190 947 2226 habuit
970 2190 1215 2227 sacratissimus
1237 2190 1444 2234 Marcianus,
1470 2202 1491 2226 a
1509 2191 1575 2227 Se-

99 2235 181 2269 natu
202 2235 410 2272 Diademate
432 2235 621 2281 insignitus.
668 2239 786 2271 Annus
810 2242 887 2272 erat
908 2239 1019 2273 Aerae
1042 2238 1276 2274 Antiochenae
1301 2249 1492 2279 ccccxc1x‚
1516 2238 1574 2271 In-

99 2279 257 2316 dictionis
280 2292 330 2317 ιν.
376 2282 468 2317 Erat
493 2286 606 2317 autem
630 2282 685 2317 hic
710 2295 892 2328 procerus,
917 2283 1010 2319 crine
1036 2285 1141 2326 lento,
1167 2297 1290 2327 canus,
1315 2285 1456 2330 pedibus
1479 2284 1575 2318 infir-

98 2325 171 2362 mis.
218 2327 346 2364 Statim
368 2340 453 2364 vero
477 2339 499 2362 a
521 2335 678 2375 suscepto
702 2329 866 2375 Imperio,
889 2329 925 2364 in
948 2342 1087 2365 uxorem
1109 2330 1174 2365 sibi
1197 2331 1335 2377 sumpsit
1358 2330 1572 2364 Pulcheriam

98 2371 294 2418 Augustam,
319 2374 508 2410 Theodosii
531 2375 754 2421 Imperatoris
777 2388 947 2419 sororem3
972 2389 1062 2423 quae
1085 2377 1185 2423 virgo
1211 2383 1286 2412 erat
1309 2387 1474 2411 annorum
1495 2386 1572 2412 mv.

97 2417 283 2464 Imperavit
304 2433 386 2456 vero
410 2421 604 2456 Marcianus
627 2433 732 2457 annos
755 2433 792 2456 vx
817 2426 853 2457 et
874 2435 1002 2458 menses
1025 2434 1058 2457 v.

191 2464 263 2500 Sub
285 2466 383 2512 hujus
406 2471 518 2502 autem
542 2468 687 2513 Imperio
711 2467 884 2514 Tripolis,
920 2469 1127 2504 Phoeniciae
1150 2468 1337 2504 maritimae
1360 2467 1456 2509 urbs,
1481 2466 1571 2502 divi-
1636 2497 1638 2499 .

95 2520 173 2544 nam
195 2509 282 2546 iram
303 2523 403 2558 passa
427 2519 497 2555 est,
522 2525 633 2549 mense
656 2514 874 2561 Septembri,
898 2519 1051 2561 tempore
1076 2519 1260 2550 nocturno:
1285 2515 1380 2558 cujus
1403 2513 1570 2549 Balneum

95 2555 282 2600 aestivum,
305 2563 420 2594 terrae
442 2559 587 2594 motibus
610 2560 810 2606 collapsum,
839 2561 1033 2607 Imperator
1053 2561 1270 2596 instauravit.
1316 2561 1451 2595 Nomen
1474 2560 1568 2603 huie,

94 2602 264 2644 Icarium,
288 2609 382 2639 erat:
412 2617 433 2640 a
455 2605 576 2640 statuis
599 2617 719 2652 nempe
741 2607 870 2649 aereis,
895 2619 985 2653 quae
1007 2607 1055 2642 ibi
1080 2607 1209 2653 positae
1233 2610 1353 2649 erant,
1377 2606 1487 2649 Icari,
1512 2611 1569 2641 at-

94 2659 162 2695 que
183 2647 352 2692 Daedali3
392 2651 505 2697 (quas
528 2652 618 2686 inter
641 2653 756 2688 mundi
778 2653 948 2688 Miracula
972 2653 1214 2697 connumeres)
1249 2657 1285 2686 et
1306 2657 1486 2698 praeterea
1510 2658 1566 2688 et-

93 2694 161 2749 iam
194 2693 465 2750 Bellerophontis
499 2702 536 2732 et
567 2698 690 2743 Pegasi
721 2699 813 2744 equi.
874 2699 1074 2734 Phacidium
1108 2699 1210 2734 etiam
1241 2703 1277 2734 et
1306 2699 1564 2745 Aquaeductum

93 2741 232 2786 ahaqne
255 2740 398 2785 plunma
418 2743 565 2787 ejusdem
589 2745 682 2779 urbis
706 2745 884 2788 aedificia,
907 2745 1122 2780 instauravit.

183 2786 377 2832 Imperator
406 2788 508 2824 etiam
538 2789 604 2825 iste
636 2791 810 2837 Synodum
833 2791 1141 2827 Chalcedonensem
1163 2802 1281 2826 »cxxx
1314 2790 1561 2839 Episcoporum

91 2828 304 2869 convocavit.
