1838 3230
275 166 371 212 162
662 155 959 202 IOANNlS
989 157 1331 203 MALALAE

373 276 489 322 Εῗσῗν
509 273 581 322 οὖν
601 274 682 320 ἀπὸ
698 274 829 330 Ἀδὰμ
850 274 924 326 ἕως
942 279 1024 319 τῶν
1041 272 1199 334 χρόνων
1216 273 1373 322 τούτων
1395 276 1465 335 ἔτη
1485 273 1619 340 ,ετξβῆ

222 355 253 390 c
374 350 460 391 Καὶ
477 346 579 402 μετὰ
591 344 856 401 Ἀρταξέρξην
876 344 1141 398 ἐβασίλευσαν
1160 349 1241 389 τῶν
1256 345 1479 405 Ἀσσυρίων
1495 345 1611 391 ἄλλοι
1629 350 1738 394 ηαλμ,

276 418 339 460 λοὶ
363 415 437 465 ἕως
456 415 636 471 Δαρείου
656 416 729 455 τοῦ
746 411 953 468 νεωτέρου.
1603 424 1605 426 ·

381 488 468 538 Τῆς
486 484 530 525 δὲ
545 481 719 529 Ἰταλίας
738 480 994 534 ἐβασίλευσεν
1011 475 1032 522 ὅ
1055 479 1142 530 υἱὸς
1163 484 1236 523 τοῦ
1257 477 1494 538 *Ηρακλέος
1511 476 1534 526 ὅ
1561 480 1640 525 ἀπὸ
1657 484 1731 538 τῆς

276 550 445 608 Αὔγης,
483 549 504 593 ὁ
535 547 735 604 Τήλεφος.
806 549 872 590 καὶ
892 546 976 601 μετ’
1000 545 1124 590 αὐτὸν
1146 547 1399 602 ἐβασίλευσεν
1426 547 1575 605 ὁμοίως
1600 547 1622 593 ὅ
1642 549 1763 600 υἷὸςε

279 620 420 671 αὐτοῦ,
459 615 594 660 ὅντινα
613 618 801 659 Λατῖνον
819 613 998 658 ἐκάλεσεν
1011 629 1020 639 ·
1058 616 1288 670 ἐβασίλευσε
1310 618 1354 660 δέ
1374 618 1416 660 ἐν
1434 621 1484 675 τῇ
1499 615 1618 677 χώρᾳ
1633 617 1733 660 ἐκεί-

279 705 329 745 νῃ
359 685 482 735 αὐτὸς
507 687 694 733 Λατῖνος
721 681 789 738 ἴτη
811 680 879 739 ιη’,
916 685 983 725 καὶ
1009 684 1052 726 ἐκ
1076 686 1149 726 τοῦ
1171 685 1274 727 ἰδίου
1301 683 1502 739 ὀνόματος
1534 684 1632 736 τοὺς
1652 687 1734 728 Κι-

278 756 433 803 τιαίους
451 751 723 807 καλουμένους
737 748 971 805 ἐπωνόμασε
991 752 1216 802 Λατίνους.

133 831 167 866 Ο
190 831 260 867 206
296 823 298 825 ’
386 818 491 864 Τότε
528 821 572 863 δὲ
599 820 767 868 Αἰνείας
798 814 820 861 ὃ
851 818 1036 875 Ἀγχίσου
1072 815 1093 862 ὃ
1128 819 1244 875 Φρὺξ
1277 815 1433 876 φεύγων
1462 818 1506 862 ἐκ
1531 822 1606 875 τῆς
1631 835 1735 876 πορ-

281 887 445 946 θήσεως
466 892 539 931 τοῦ
555 887 674 930 Ἰλίου
686 919 699 940 ,
735 886 826 941 ἤτοι
845 891 917 929 τοῦ
938 890 1122 943 Τρωικοῦ
1141 887 1341 941 πολέμου,
1379 886 1562 942 ἀπῆλθεν
1579 887 1642 929 ἐπὶ
1659 886 1733 942 τὴν
1746 901 1791 936 10
1831 938 1837 944 .

282 955 453 1012 Λιβύην
486 955 587 1012 πρὸς
614 955 689 1010 τὴν
723 955 945 997 Φοίνισσαν
975 953 1092 998 Aah)
1117 954 1190 1010 τὴν
1220 956 1287 997 καὶ
1314 953 1513 998 Ἐλισσὰν.
1566 955 1650 998 ’καὶ
1671 955 1737 996 ἐν·-

286 1026 507 1081 διατρίψας
537 1025 636 1074 ἐκεῖ,
675 1020 816 1082 λάθρᾳ
842 1019 966 1072 ἐάσας
997 1022 1123 1076 αὐτὴν
1153 1022 1320 1079 ἔφυγεν,
1358 1020 1413 1072 ὥς
1442 1023 1644 1083 φοβηθεὶς
1664 1021 1737 1065 τὸν

234 1097 267 1132 D
284 1090 447 1147 Ἰάρβα,
488 1091 659 1146 βασιλέα
686 1094 760 1145 τῆς
784 1090 995 1147 Ἀφρικῆς·
1039 1089 1153 1133 καθὰ
1180 1091 1411 1146 Βεργίλλιος
1442 1088 1463 1133 ὅ
1492 1089 1621 1147 σοφὸς
1635 1087 1736 1132 Ῥω-

285 1162 419 1218 μαίων
446 1158 615 1214 ποιητὴς
643 1155 940 1215 συνεγράψατο.
1014 1155 1035 1200 ὃ
1062 1159 1106 1200 δὲ
1135 1156 1374 1215 σοφώτατος
1406 1158 1576 1215 Σέρβιος
1596 1155 1618 1201 ὃ
1636 1155 1737 1200 Ῥω·-

286 1235 407 1285 μαΐος
437 1228 477 1269 ἐν
506 1233 590 1276 τοῖς
618 1225 744 1268 αὐτοῦ
771 1223 1080 1282 συγγράμμασιν
1110 1226 1292 1279 ἐξέθετο,
1331 1225 1452 1269 εῖπών
1481 1223 1544 1269 ὅτι
1564 1224 1668 1280 μετὰ
1686 1224 1733 1268 τὸ
1746 1235 1792 1275 15

285 1299 521 1350 τελευτῆσαι
548 1293 620 1336 τὸν
639 1294 808 1336 Αἷνείαν
828 1293 896 1348 ἴτη
915 1293 1046 1336 πολλὰ
1062 1287 1113 1348 ἦν
1139 1291 1163 1348 ἦ
1183 1293 1300 1336 Aaou)
1320 1293 1402 1336 ἀπὸ
1422 1291 1575 1344 πόλεως
1589 1297 1738 1350 μικρᾶς

286 1363 501 1419 λεγομένης
518 1362 736 1417 Χαρτίμας
746 1394 759 1414 ,
796 1359 919 1416 οὔσης
937 1365 1010 1416 τῆς
1027 1359 1211 1417 παράλου
1236 1362 1448 1416 Φοινίκης,
1484 1361 1636 1415 μεταξὺ
1654 1365 1737 1403 τῶν

287 1430 409 1487 ὁρίων
432 1427 571 1486 Τύρου
591 1430 657 1471 καὶ
678 1431 868 1478 Σιδῶνος.
936 1427 1024 1484 ἥτις
1042 1426 1159 1471 Aedui
1175 1424 1226 1484 ἦν
1247 1426 1550 1484 πλουσιωτάτη·
1585 1427 1673 1483 ἴσχε
1693 1428 1738 1471 δὲ

288 1499 422 1554 ἄνδρα
443 1497 533 1540 τινὰ
557 1494 725 1550 ὀνόματι
748 1498 923 1551 Συχαΐον
935 1528 948 1549 ,
987 1495 1085 1539 ὄντα
1108 1498 1174 1538 καὶ
1197 1495 1320 1539 αὐτὸν
1343 1493 1536 1540 πλούσιον
1557 1493 1734 1552 σφόδρα.

289 1566 362 1610 τὸν
386 1566 430 1609 δὲ
451 1561 576 1607 αὐτὸν
594 1567 770 1619 Συχαῖον
795 1562 1021 1621 ἐφόνευσεν,
1057 1560 1111 1614 ὥς
1129 1568 1390 1620 κυνηγοῦντα,
1429 1561 1451 1608 ὃ
1469 1563 1644 1621 ἀδελφὸς
1663 1567 1793 1619 τῆςρο

381 1698 418 1734 5.
445 1693 631 1742 Τήλεφος]
660 1692 833 1742 Τελέβοος
855 1694 1037 1730 Cedrenus.
1083 1693 1161 1730 Vid.
1185 1692 1331 1729 Bentlei.
1353 1705 1388 1740 p.
1410 1693 1467 1731 73.
1577 1692 1609 1731 6.
1633 1692 1675 1730 δὲ
1697 1690 1740 1731 δὲ

381 1743 452 1777 Ox.
551 1742 586 1776 7.
610 1742 820 1786 Κιτιοιίους]
848 1742 1043 1782 Σκιτίνους
1064 1741 1152 1783 Ox.‚
1177 1741 1383 1785 Κτηταίους
1405 1740 1597 1781 cedrenus,
1621 1739 1738 1775 eodem

379 1787 477 1822 modo
501 1786 733 1831 corrigendus.
846 1790 876 1824 9.
909 1788 1052 1828 Αἰνείας
1075 1787 1158 1829 Ch.‚
1182 1788 1308 1827 Αἰνίας
1331 1787 1397 1821 Ox.
1516 1787 1571 1821 13.
1593 1783 1735 1831 Ἰὰρβα]

379 1833 456 1874 Scr.
487 1829 642 1877 Ἰιίρβαν.
687 1828 828 1876 Ἰορδοῖν
862 1833 1045 1867 cedrenus.
1091 1832 1223 1868 Eodem
1252 1833 1327 1867 fere
1349 1830 1445 1866 modo
1467 1830 1503 1866 in
1525 1830 1657 1865 homine
1678 1843 1738 1865 co-

379 1877 537 1957 {flexiae
560 1877 697 1913 variant
716 1878 795 1913 libri
816 1878 976 1925 Eutropii
997 1879 1039 1913 V.
1063 1879 1097 1914 9.
1232 1879 1288 1914 17.
1319 1877 1530 1924 Χαρτίμας]
1555 1878 1738 1924 Χαρτικῆς

473 1933 564 1958 enus.

382 2033 435 2069 Ab
478 2032 605 2070 Adamo
646 2038 778 2080 autem,
836 2046 941 2082 usque
979 2032 1024 2071 ad
1059 2032 1143 2071 haec
1180 2036 1353 2081 tempora,
1415 2032 1494 2069 anni
1534 2031 1738 2071 effluxerunt

292 2089 577 2116 mmmmmcccnxn.

383 2127 464 2160 Post
495 2127 715 2161 Artaxerxem
742 2137 824 2161 vero
855 2126 999 2171 Assyriis
1029 2126 1280 2172 imperaverunt
1310 2123 1367 2160 alii
1401 2123 1533 2171 plurimi
1563 2137 1669 2171 usque
1692 2125 1737 2162 ad

292 2171 431 2206 Darium
453 2171 639 2205 secundum.

381 2215 502 2250 Italiae
523 2220 634 2251 autem
661 2216 819 2261 regnavit
840 2217 1032 2262 Telephus,
1066 2212 1221 2250 Herculis
1244 2226 1286 2249 ex
1308 2215 1407 2260 Auge
1435 2212 1534 2250 filius.
1580 2216 1735 2262 Telepho

294 2262 395 2297 etiam
417 2261 574 2296 successit
595 2261 683 2296 filius
709 2263 801 2306 ejus,
833 2263 964 2296 nomine
987 2262 1137 2296 Latinus.
1183 2261 1337 2305 Regnum
1359 2261 1416 2296 hic
1438 2261 1567 2302 tenuit,
1589 2272 1653 2314 per
1675 2273 1735 2295 an-

294 2319 354 2342 nos
376 2317 483 2386 Jilvnu
525 2306 651 2352 quique
673 2312 774 2341 antea
796 2306 918 2341 Scitini
942 2308 1168 2348 vocabantur,
1202 2306 1341 2341 Latinos
1364 2318 1442 2350 eos,
1481 2317 1502 2340 a
1523 2315 1656 2341 nomme
1675 2318 1734 2341 suo

295 2364 316 2387 a
369 2364 387 2386 e
413 2353 495 2386 avit.

318 2363 366 2398 Pp
386 2398 517 2431 Eodem
547 2400 697 2442 tempore
730 2395 859 2431 Aeneas
893 2397 1028 2442 Phryx,
1069 2396 1232 2431 Anchisae
1255 2395 1361 2437 filius,
1397 2393 1547 2440 pnsum
1570 2394 1735 2431 excidium

294 2441 485 2487 bellumque
514 2441 720 2486 Trojanum,
753 2443 837 2487 fuga
859 2442 922 2476 sibi
954 2442 1178 2488 prospiciens,
1214 2441 1355 2485 Libyam
1386 2440 1559 2493 profectus
1582 2445 1654 2482 est,
1690 2441 1736 2476 ad

294 2487 483 2528 Didonem,
520 2499 607 2533 quae
630 2492 666 2523 et
687 2487 796 2522 Elissa
818 2487 910 2521 dicta
942 2493 1013 2529 est,
1051 2500 1071 2521 a
1095 2487 1316 2521 Phoenicibus
1346 2485 1528 2520 oriundam.
1574 2486 1655 2520 Non
1677 2486 1736 2521 diu

295 2536 408 2566 autem
431 2533 480 2566 ibi
504 2537 741 2574 commoratus,
763 2532 895 2566 Didone
917 2533 1058 2573 relicta,
1083 2533 1166 2566 clam
1189 2531 1341 2574 aufugit3
1363 2542 1482 2575 nempe
1501 2535 1648 2566 metuens
1670 2530 1735 2566 sibi

294 2578 338 2611 ab
361 2578 486 2619 Jarba,
510 2590 594 2623 rege
616 2578 770 2613 Africae:
804 2577 891 2611 sicut
915 2577 1096 2621 Virgilius,
1119 2576 1249 2621 sapiens
1271 2576 1495 2610 Romanorum
1519 2577 1628 2611 Poeta
1649 2576 1734 2611 scri-

293 2627 388 2667 ptum
410 2623 559 2667 reliquit.
604 2624 708 2658 Juxta
729 2626 840 2657 autem
865 2634 905 2656 ac
928 2622 1065 2656 Servius
1089 2621 1344 2666 sapientissimus
1367 2622 1551 2663 Romanus,
1592 2621 1628 2655 in
1650 2621 1734 2656 scri-

293 2667 362 2710 ptis
385 2668 450 2702 suis
473 2669 637 2710 tradidit,
668 2666 718 2703 ita
739 2669 804 2702 hoc
826 2667 923 2702 modo
946 2680 982 2702 se
1003 2679 1055 2701 res
1077 2667 1191 2701 habet.
1236 2667 1353 2711 Longo
1376 2670 1453 2712 post
1474 2669 1620 2701 Aeneam
1642 2678 1733 2701 mor-

293 2715 384 2746 tuum
407 2716 577 2757 tempore,
608 2711 698 2748 Dido
722 2715 815 2756 erat3
851 2712 991 2747 oriunda
1015 2711 1146 2756 quidem
1170 2722 1211 2745 ex
1235 2711 1427 2752 Chartima,
1460 2711 1584 2757 exigua
1607 2715 1643 2745 et
1662 2721 1732 2745 ma·
1760 2727 1764 2732 >

292 2755 406 2790 ritima
429 2758 631 2793 Phoeniciae
652 2758 755 2801 urbe,
789 2767 877 2804 quae
898 2758 981 2793 fines
1003 2757 1091 2803 Tyri
1113 2761 1148 2791 et
1170 2756 1303 2791 Sidonis
1325 2756 1516 2801 interjacet.
1560 2756 1649 2791 Erat
1671 2767 1732 2790 au-

291 2803 360 2835 tem
389 2802 474 2837 haec
495 2804 762 2850 opulentissima3
800 2803 900 2839 sicuti
922 2807 958 2838 et
986 2803 1098 2838 fuerat
1121 2801 1221 2837 etiam
1249 2802 1433 2844 Sichaeu55
1467 2801 1607 2837 maritus
1638 2801 1730 2845 ejus=
