1838 3230
671 149 969 194 EPISTOLA.
1451 153 1550 201 713

88 278 314 320 quenquam
334 265 502 321 posthac
521 280 572 306 ne
588 267 722 320 jurato
741 265 902 318 quidem
923 264 1095 306 credere.
1147 265 1325 305 Tandem
1338 264 1459 317 igitur
1477 265 1552 304 ali-

18 318 25 367 s
88 325 248 376 quando
276 325 345 363 lite
371 323 447 362 hac
477 324 710 376 composita,
742 323 978 374 quantulum
1017 328 1074 361 est
1090 328 1222 361 tamen
1245 322 1357 374 quod
1373 323 1555 374 profeci-

18 391 22 432 ζ
86 393 198 430 mus,
227 383 260 420 si
275 381 443 419 Joannes
459 380 545 432 ipse
564 380 778 431 pugnantia
799 378 1019 431 loquatur?
1074 379 1162 418 Non
1181 379 1284 418 enim
1307 379 1388 432 jam
1410 379 1458 418 ab
1479 379 1554 418 Ilio

89 443 208 489 capto
244 437 398 501 primus
425 437 650 475 mortalium
678 435 837 474 Themis
869 435 1047 474 dramata
1081 436 1198 474 secit=
1238 435 1436 500 siquidem
1465 443 1554 474 ante
1578 442 1613 477 Ο
1635 440 1683 478 45

5 494 25 535 ,’
85 493 205 532 istam
230 496 461 533 memoriam
484 493 595 543 Aegy
601 493 659 545 pti
677 506 750 532 rex
766 492 941 540 Pharao,
971 492 1040 530 ubi
1059 506 1081 530 a
1101 492 1268 543 negotiis
1287 498 1326 531 et
1344 493 1470 531 turbis
1490 507 1565 532 re-<¹
1581 500 1615 535 V
1637 501 1684 535 24

0 543 13 600 ’ξ
88 549 288 601 quiescere
306 550 486 599 volebat,
514 550 656 588 solitus
688 556 748 588 est
768 548 992 587 comoedias
1014 549 1252 602 scriptitare.
1310 548 1442 588 Verba
1463 555 1559 588 sunt

8 603 10 606 ’
87 605 247 646 Joannis
269 620 310 658 p.
328 610 394 650 76.
426 609 522 654 Tam
546 603 591 646 δὲ
619 606 847 659 Αἰγυπτίων
874 605 1100 658 ἐβασίλευσε
1131 601 1400 654 Πετισσοᾶνιος
1429 622 1450 647 ο
1478 621 1557 646 κω-

0 608 18 725 ἒ
86 659 222 718 μῳδός
246 664 334 716 <Dua
338 678 409 703 oto).
467 661 575 710 Quid
595 662 730 700 rides?
761 662 883 710 Quasi
902 675 997 701 vero
1015 675 1165 701 novum
1187 675 1296 701 nunc
1315 663 1554 714 proseratur,

5 722 17 733 ·’
85 719 232 770 Regem
261 678 334 758 αᾶρ
341 718 497 757 fabulas
524 719 752 757 scribendas
783 719 957 757 animum
988 718 1201 770 appulisse.
1259 719 1386 758 Etiam
1406 719 1558 771 Diony-

87 775 170 814 sius
194 775 403 827 Tyrannus
430 782 546 828 poeta
571 776 648 814 suit
676 775 867 826 tragicus,
897 781 936 814 et
966 773 1133 826 Augusti
1154 775 1262 828 Ajax
1290 775 1333 814 in
1352 777 1557 828 spongiam

85 831 280 872 incubuit.
337 832 595 883 Quanquam,
625 833 657 870 si
681 832 883 871 emendate
911 831 1024 883 loqui
1047 831 1239 882 velimus,
1266 830 1454 887 κωμῳδὸς
1474 846 1556 871 non

9 916 19 926 .
87 889 260 928 comicus
286 895 364 938 est,
402 888 472 928 sed
489 889 716 927 comoediae
743 895 868 929 actor.
925 888 1183 927 Histrioniam
1203 889 1324 939 igitur
1340 889 1436 928 fecit
1453 888 1555 927 Pha-

85 958 184 995 rao3
229 943 462 994 Thrasonis,
502 946 665 997 opinor,
695 945 760 984 vel
786 945 1102 998 Pyrgopolinicis
1138 952 1273 998 partes
1315 959 1457 997 agens;
1509 952 1556 984 ut

10 1028 14 1034 ·
83 1000 190 1040 Nero
209 1007 345 1053 postea
374 1001 592 1054 Oedipodis
613 1003 679 1041 vel
700 1002 892 1040 Creontis.
951 1002 1099 1040 Verum
1130 1003 1227 1041 haec
1246 1002 1373 1054 ipsius
1389 1002 1556 1042 Malelae

85 1057 294 1097 stultitiam
320 1065 530 1110 superant3
560 1065 606 1097 ut
631 1072 674 1097 ea
699 1061 766 1110 qui
789 1058 954 1108 dixerit,
983 1072 1065 1096 non
1084 1072 1158 1111 pro
1190 1058 1350 1098 homine
1371 1073 1465 1097 sano
1487 1059 1551 1096 lo·-

85 1113 274 1165 qui‚,sed
303 1114 354 1153 ad.
382 1121 544 1166 agnatos
577 1122 616 1154 et
634 1115 799 1166 gentiles
817 1114 1072 1154 deducendus
1101 1128 1185 1153 esse
1205 1115 1402 1154 videatur.
1459 1116 1553 1154 Sine

85 1169 209 1209 dubio
229 1171 372 1210 vitium
393 1177 453 1211 est
467 1172 723 1236 exemplaris,
756 1186 835 1223 quo
854 1179 985 1210 tamen
1002 1170 1119 1210 modo
1137 1171 1356 1210 tollendum
1379 1171 1452 1219 sit,
1481 1171 1554 1209 mi-

83 1240 160 1266 nus
179 1226 223 1265 id
250 1241 412 1280 possum
445 1228 673 1280 conjectura
699 1229 866 1279 assequi.
927 1228 1034 1276 Quid
1055 1227 1088 1266 si
1120 1228 1319 1278 legamus,
1351 1223 1554 1268 Πετισσῶ-

84 1298 183 1331 νιος,
214 1281 236 1325 ὅ
255 1287 312 1340 τῷ
331 1287 480 1325 Μωσεῖ
497 1281 951 1338 Φαραω·Ρε1ἰεεοηίιι.ς,
981 1285 1050 1337 qui
1068 1298 1093 1321 α
1115 1283 1233 1323 ῙΙῚοεε
1251 1283 1412 1323 Pharao
1430 1299 1552 1323 voca-

84 1349 170 1380 την.
162 1338 184 1368 5'
225 1340 268 1378 Si
289 1347 409 1392 caput
425 1341 627 1380 scabelem
645 1341 814 1380 fmtasse
837 1340 946 1378 aliud
963 1340 1102 1378 melius
1121 1354 1276 1392 possem
1297 1341 1550 1392 exsculpere.

83 1395 155 1435 sed
180 1395 373 1462 ἱηᾶίξῃῌυε
397 1404 457 1436 est
479 1399 665 1446 Joannes,
711 1396 823 1450 cujus
853 1411 972 1435 causa
1004 1398 1260 1435 commentari
1287 1398 1407 1435 velim
1435 1397 1551 1448 quid-

85 1465 218 1504 quam,
247 1453 325 1492 nisi
342 1453 374 1492 si
401 1454 494 1506 quid
515 1467 566 1494 ex
586 1453 691 1492 sacili
716 1459 911 1493 nascatur.
959 1454 1097 1505 Itaque
1113 1460 1158 1492 ut
1179 1454 1226 1492 ad
1247 1452 1412 1492 Themin
1429 1453 1553 1492 istum

82 1508 250 1561 propius
271 1509 513 1550 accedamus.
562 1511 708 1550 Eadem
731 1525 819 1548 cum
842 1509 1098 1548 Antiochensi
1119 1517 1268 1560 narrat,
1297 1516 1334 1548 et
1351 1509 1392 1547 in
1410 1509 1551 1548 eodem

84 1564 227 1604 doctus
256 1573 315 1606 est
340 1566 439 1606 ludo
473 1565 712 1607 scholiastes
738 1577 843 1605 vetus
864 1566 996 1604 nescio
1026 1566 1116 1617 quis
1142 1567 1248 1618 apud
1269 1566 1518 1604 Stanleium'
1505 1580 1555 1605 m

82 1621 167 1660 vita
185 1621 390 1675 Aeschyli:
434 1626 497 1664 Εν
525 1628 607 1671 τοῖς
627 1619 780 1676 χρόνοις
814 1621 987 1692 Ορέστου
1009 1621 1253 1675 ἐθαυμάζετο
1273 1618 1372 1675 παρ’
1397 1625 1550 1674 Ελλησι

85 1675 294 1746 Θεόμις,
281 1695 326 1727 ος
342 1694 500 1732 πρωτος
522 1679 653 1730 ἐξεῦρε
673 1676 917 1748 τραγῳδικοῖς
942 1679 1156 1750 μελῳδίας,
1186 1678 1253 1719 καὶ
1271 1679 1425 1728 ἐξέθετο
1442 1682 1549 1730 πρῶ-

55 1736 63 1743 ”
82 1749 151 1783 τος
182 1730 374 1804 ὅραμα-τα.
432 1734 514 1776 Καὶ
543 1732 631 1788 μετ’
663 1731 783 1776 αὐτὸν
815 1737 981 1785 Μίνως,
1011 1734 1078 1775 καὶ
1105 1733 1200 1788 μετοέ
1219 1737 1372 1775 Μίνωα
1389 1732 1549 1783 Αυλέας

82 1806 229 1844 χορους
254 1788 466 1846 τραγικούς
494 1787 770 1842 συνεστήσατο.
842 1791 950 1830 Haec
984 1791 1105 1831 habet
1133 1792 1380 1830 doctissimus
1411 1798 1547 1831 noster

83 1847 279 1886 Stanleius
306 1862 356 1887 ex
377 1848 602 1898 Bullengeri
630 1847 812 1886 Theatro.
870 1849 918 1886 Et
944 1854 1076 1887 tamen
1106 1856 1243 1887 neuter
1267 1848 1316 1887 de
1340 1848 1545 1897 Themide,

83 1903 133 1942 de
155 1903 286 1944 Minoe
313 1905 377 1944 vel
405 1905 548 1955 Aulea,
579 1905 687 1956 quod
717 1918 834 1956 quam
856 1904 1150 1955 diligentissime
1171 1906 1319 1944 factum
1351 1907 1544 1958 oportuit,

83 1960 270 2000 certiores
288 1975 361 2000 nos
386 1960 897 2012 facit.eoncur1antjam
917 1975 1073 2012 omnes,
1104 1969 1296 2014 quantum
1317 1969 1375 2010 est
1393 1963 1544 2015 βιβλιο-

80 2013 243 2068 τᾶφων,
273 2024 313 2057 et
332 2019 460 2070 capita
482 2019 586 2058 inter
614 2033 654 2057 se
674 2019 898 2056 conferzant
926 2032 1127 2070 nunquam
1149 2033 1189 2058 se
1210 2008 1444 2071 expedient,
1475 2033 1544 2057 ne-

83 2087 161 2124 que
191 2074 407 2126 quidquam
435 2075 484 2113 de
515 2075 740 2126 tergeminis
771 2074 881 2113 hisce
912 2076 1068 2125 tragicis
1101 2075 1328 2115 resciscent.
1399 2076 1546 2114 Narrat

83 2131 261 2169 Clemens
287 2130 557 2183 Στρωματέων
588 2132 718 2183 primo
747 2128 792 2171 τό
821 2147 959 2184 ηρωον
985 2129 1030 2173 τὸ
1055 2128 1266 2202 ἑξάμετρον
1294 2130 1417 2184 Θέμιν
1446 2133 1543 2184 μίαν

81 2202 165 2228 των
189 2188 406 2228 Τιτανίδων
428 2187 655 2240 ευρηκέναι,
683 2188 853 2226 Minoem
872 2194 1003 2227 autem
1022 2204 1117 2237 τους
1135 2185 1308 2241 νόμους·
1345 2188 1416 2227 sed
1433 2186 1544 2239 quod

82 2243 136 2282 ad
153 2257 341 2296 praesens
358 2246 560 2296 negotium
583 2245 742 2293 attinet,
785 2258 955 2283 vacuum
985 2259 1005 2283 a
1037 2259 1078 2283 se
1105 2246 1292 2284 lectorem
1313 2251 1352 2283 et
1368 2240 1544 2283 hiantem

82 2299 256 2339 dimittit.
315 2301 422 2349 Quid
451 2302 552 2340 enim
580 2299 697 2353 νόμοι
723 2277 864 2340 llIinois
885 2302 934 2340 ad
955 2316 1093 2340 nomos
1114 2299 1314 2340 musicos?
1359 2301 1412 2341 Τί
1440 2298 1544 2353 πριῖς

80 2353 154 2397 τόν
181 2353 400 2407 Διονυσον,·
429 2371 554 2409 neque
576 2358 756 2396 Ileroes
746 2372 786 2396 1n
804 2358 1032 2410 Tragoediis
1049 2358 1192 2397 heroos
1213 2357 1460 2396 hexametros
1483 2357 1545 2395 di-
1568 2365 1601 2399 0
1624 2363 1670 2402 46

82 2413 237 2454 cebant.
294 2414 432 2465 Itaque
455 2421 645 2466 quantum
666 2414 804 2464 video,
834 2422 1026 2467 perpetua
1041 2415 1121 2467 jam
1141 2414 1295 2452 Criticis
1314 2413 1541 2452 sollicitudo

82 2475 122 2507 et:
148 2469 257 2520 quasi
290 2483 392 2508 crux
421 2472 634 2509 constituta
663 2477 742 2510 est:
782 2472 858 2510 nisi
879 2471 1105 2510 Callimachi
1128 2472 1310 2518 ΙΙίνακας
1330 2477 1368 2508 et
1389 2470 1544 2509 Aristo-

80 2525 222 2576 phanis
254 2526 507 2565 Grammatici
540 2529 870 2566 commentarium
899 2529 1013 2579 longa
1041 2533 1156 2566 nocte
1183 2528 1361 2579 sepultos
1381 2534 1543 2579 protra-

80 2580 175 2620 here
197 2590 364 2634 possunt
382 2584 421 2621 in
444 2585 584 2623 lucem.
642 2585 786 2623 Verum
812 2584 910 2624 heus
929 2586 1022 2623 vos!
1067 2583 1219 2635 Ecquid
1243 2584 1318 2622 erit
1335 2583 1475 2636 pretii,
1509 2583 1543 2622 si

79 2639 232 2676 nodum
252 2637 360 2677 hunc
376 2641 562 2679 solvero‘?
595 2641 703 2693 quod
723 2641 881 2692 quidem
904 2655 947 2679 ea
973 2641 1058 2691 lege
1076 2646 1115 2678 et
1137 2639 1361 2678 conditione
1380 2640 1541 2690 saciam3

81 2700 128 2732 ut
156 2694 298 2733 dehinc
329 2695 427 2733 mihi
448 2711 536 2736 cum
559 2705 691 2736 vestra
713 2698 870 2736 natione
898 2698 1051 2735 nullum
1081 2696 1237 2734 omnino
1261 2698 1541 2735 commercium

79 2751 310 2792 intercedat.
368 2752 580 2792 Enimvero
608 2755 656 2792 ab
684 2753 940 2793 Antiochensi
972 2760 1009 2791 et
1029 2752 1171 2791 ficulno
1189 2753 1283 2803 illo,
1315 2753 1540 2804 quicunque

81 2807 161 2858 est,
191 2807 410 2849 Scholiaste
437 2811 665 2861 gravissime
693 2817 902 2864 peccatum
922 2815 1001 2859 cst,
1031 2822 1119 2848 tum
1145 2809 1186 2848 in
1207 2810 1430 2849 nominibus
1453 2816 1537 2848 tum
