1838 3230
236 182 282 211 m
289 185 314 210 v
735 161 883 205 PROL
889 160 960 204 EG
968 162 1059 204 OM
1066 161 1133 205 EN
1140 161 1190 205 A.

237 279 439 328 nisestius,
470 291 589 330 quam
616 278 723 330 quod
748 274 935 318 Mulelaes
961 277 1037 317 sint
1062 277 1259 330 ipsissima
1293 277 1416 316 verba
1449 277 1492 316 in
1523 289 1707 330 compen-

240 347 348 387 dium
376 345 552 385 redacta.
612 346 651 384 Si
682 347 838 398 placeat
861 343 1002 394 alicui,
1031 358 1080 385 ex
1109 346 1248 385 eodem
1274 343 1588 397 Chronographo
1607 345 1706 384 scri-

238 416 364 470 psisse
394 428 484 452 cum
511 411 574 454 Jo.
599 411 819 463 Mulelam,
857 418 944 451 tum
976 411 1211 465 Hesychium
1246 413 1382 464 illum,
1421 413 1644 466 quicunque
1672 413 1708 452 is

241 484 311 534 sit,
343 496 432 522 eum
453 472 577 521 v'erba
602 480 765 522 Autoris
793 479 1010 532 ipsissima,
1039 479 1147 519 hunc
1165 482 1270 534 stylo
1291 480 1567 529 contractiori3
1596 481 1710 519 frua—

241 558 310 590 tur
338 551 395 601 is,
434 549 577 598 velim,
612 547 766 600 judicio
795 561 887 587 suo:
917 549 1030 587 nobis
1049 550 1182 601 potius
1203 549 1352 588 arridet
1373 548 1564 588 sententia
1585 548 1709 601 prior²

231 619 394 672 ,quippe
424 617 533 656 hunc
560 614 801 667 Hesychium
829 630 908 655 non
937 616 1057 655 fuisse
1082 616 1324 669 Scriptorem
1357 623 1577 667 recentem,
1616 617 1643 659 i.
1673 631 1708 657 e.

243 701 324 726 non
345 685 494 725 vixisse
511 689 600 736 post
619 683 797 722 seculum
820 698 983 735 nonum,
1013 683 1112 725 nihil
1136 685 1289 736 uspiam
1318 684 1512 724 librorum
1535 685 1713 725 occurrit

247 753 357 807 quod
383 753 535 791 clarum
562 751 691 790 faciat.
753 750 874 798 Quod
903 751 943 789 in
972 750 1184 790 Anastasia·
1214 751 1514 804 Quaestionibus
1542 752 1712 794 Theolo-

243 823 347 877 gicis
364 821 640 872 Fragmentum
673 831 793 869 supra
821 817 1061 870 descriptum
1084 819 1325 871 reperiatur,
1355 835 1404 861 ne
1420 821 1591 874 aliquem
1610 821 1654 860 id
1669 821 1714 861 in

249 903 426 929 errorem
457 888 633 926 inducat.
700 886 786 924 Non
818 885 921 924 enim
954 886 1001 924 ab
1026 887 1115 938 ipso
1144 885 1364 928 Anastasio
1387 889 1430 927 in
1459 890 1571 942 Opus
1598 903 1714 929 suum

255 956 532 1009 Quaestionum
567 951 892 1006 Theologicarum
923 954 1154 993 translatum
1184 955 1259 994 fuit
1297 956 1398 995 illud
1422 957 1713 1010 Fragmentum,

249 1024 320 1063 sed
343 1024 389 1062 in·
421 1021 710 1062 Additamenlis
743 1034 813 1059 seu
844 1021 1072 1074 Appendice
1092 1021 1281 1071 habetur3
1310 1031 1355 1063 ut
1381 1026 1503 1064 multa
1530 1032 1622 1065 sunt
1642 1026 1715 1065 alin

250 1105 301 1131 ex
334 1091 604 1143 Scriptoribus
640 1089 931 1127 recentioribus
974 1088 1276 1140 Quaestionibus
1304 1091 1589 1132 Anastasianis
1627 1106 1718 1132 cum

251 1159 428 1212 adjecta,
458 1166 543 1197 tum
575 1158 734 1196 inserta.
795 1158 964 1196 Consule
988 1163 1161 1196 nostram
1180 1158 1406 1198 Dian-ibam
1435 1158 1482 1198 de
1507 1158 1719 1214 Scriptori-

253 1226 322 1266 bus
348 1225 509 1266 Graecis
529 1227 670 1264 variis.-
699 1225 769 1263 ubi
803 1224 851 1264 de
876 1224 1089 1276 Praedictis
1110 1224 1321 1266 Anastasia·
1345 1226 1642 1278 Quaestionibus
1659 1228 1720 1266 su-

253 1295 404 1335 sissime
432 1300 643 1334 tractatum
670 1299 748 1344 est,
780 1299 816 1332 et
842 1291 1091 1344 Quaestiones
1113 1292 1308 1333 duntaxat
1323 1295 1391 1338 24.
1421 1296 1575 1347 priores
1609 1309 1721 1336 reve-

252 1377 297 1401 ra
329 1363 449 1402 fuisse
475 1361 707 1412 Αηαεὶαείἰ,
751 1367 925 1400 caeteras
951 1373 1084 1398 omnes
1112 1374 1194 1400 esse
1225 1362 1466 1415 adjectitias3
1497 1369 1536 1402 et
1561 1364 1605 1401 in
1622 1363 1721 1416 ipsis

253 1430 455 1483 prioribus
477 1429 543 1472 24.
567 1430 762 1482 permulta
791 1442 874 1468 esse
905 1428 1164 1480 interpolata,
1196 1442 1246 1469 ex
1270 1430 1400 1472 codd.
1420 1431 1527 1471 MSS.
1545 1430 1722 1470 luculen-

254 1504 316 1537 ter
336 1502 392 1536 est
411 1496 733 1539 demonstratum.
782 1497 884 1536 Vide
906 1496 1020 1536 etiam
1039 1496 1188 1535 ibidem
1213 1497 1262 1536 de
1282 1496 1480 1549 Hesychio
1499 1499 1722 1551 praedicto,

254 1564 298 1603 in
320 1564 457 1617 Capite
479 1564 532 1603 de
547 1562 758 1616 Hesychiis
780 1563 828 1602 V
821 1566 943 1617 ariis3
972 1578 1127 1603 necnon
1158 1563 1207 1603 de
1232 1562 1420 1604 Clemente
1446 1573 1485 1604 et
1509 1565 1722 1620 Theophila

256 1631 520 1684 supradictis,
565 1632 609 1670 in-
636 1632 838 1684 Capitibus
869 1632 918 1671 de
947 1632 1066 1672 variis
1100 1630 1359 1673 clementibus
1397 1638 1436 1672 et
1475 1632 1725 1688 Theophilis,

256 1700 326 1739 ubi
343 1700 470 1738 fusius
488 1706 525 1738 et
545 1699 702 1752 plenius
719 1699 771 1738 de
786 1700 866 1738 iilis
886 1699 1153 1739 disseruimus.

370 1767 499 1807 XXV.
558 1766 807 1818 Argumentis
833 1766 940 1807 hisce
971 1768 1020 1807 de
1048 1773 1173 1807 aetate
1194 1767 1410 1820 Scriptoris
1425 1768 1576 1820 nostri,
1610 1782 1659 1808 ex
1678 1750 1724 1808 eo

258 1836 419 1875 videtur
443 1834 630 1874 accedere
653 1836 921 1883 confirmatio,
953 1836 1063 1888 quod
1089 1836 1403 1889 quotiescunque
1427 1833 1727 1890 Chr-omologiam

258 1902 437 1952 Eusebii}
465 1901 722 1942 Caesariensis
758 1904 944 1953 adducit,
990 1917 1070 1943 non
1100 1917 1239 1943 verum
1270 1905 1366 1946 citat
1395 1904 1479 1943 sive
1513 1905 1726 1954 genuinum

259 1969 418 2009 Eusebia·
446 1969 697 2020 Chronicon,
735 1971 803 2009 sed
833 1971 1059 2010 Chronicon
1090 1972 1288 2024 quoddam
1316 1973 1620 2025 supposititium,
1645 1971 1731 2010 sub-

261 2036 417 2076 Eusebii
448 2038 606 2077 nomine
634 2038 879 2077 circumferri
910 2039 1082 2079 solitum.
1142 2039 1261 2088 Quod
1279 2039 1355 2077 tale
1382 2038 1455 2077 fuit
1479 2038 1588 2091 apud
1609 2039 1730 2079 Grae-

232 2111 333 2147 Ocos
355 2105 594 2144 recentiores
630 2103 849 2146 Chronicon
879 2107 986 2158 quod
1014 2107 1112 2145 falso
1139 2106 1296 2146 Eusebia*
1313 2107 1462 2145 Nomen
1491 2119 1588 2158 prae
1605 2121 1647 2146 se
1671 2109 1729 2148 se-

262 2172 402 2224 rebat,
434 2173 615 2225 quamvis
640 2173 681 2211 id
709 2188 731 2211 a
755 2174 867 2216 nullo
894 2174 1075 2213 virorum
1105 2174 1350 2214 eruditorum
1374 2174 1425 2212 sit
1451 2172 1643 2215 hactenus
1662 2176 1730 2215 ob-

265 2247 486 2291 servatum,
528 2248 567 2280 et
595 2241 703 2293 quod
726 2241 850 2290 illud,
891 2255 970 2292 quo
997 2255 1092 2279 usus
1134 2248 1192 2279 est
1220 2247 1352 2280 noster
1389 2239 1729 2295 Chronograplzus‚

265 2323 346 2347 non
376 2309 452 2347 fuit
478 2308 691 2360 genuinum
708 2306 865 2347 Eusebii
887 2309 1020 2361 Opus,
1049 2309 1130 2347 Nos
1151 2309 1193 2346 in
1221 2309 1338 2348 Libro
1362 2308 1504 2359 citato,
1532 2309 1574 2347 in
1596 2310 1730 2362 Capite

266 2375 316 2416 de
333 2375 510 2416 Eusebiis
536 2376 675 2426 variis,
706 2375 959 2417 ostendimus.

377 2444 523 2484 XXVI.
580 2444 716 2495 Neque
757 2457 922 2495 prorsus
953 2444 1113 2483 videtur
1148 2442 1494 2492 contemnendum,
1542 2443 1651 2495 quod
1690 2445 1732 2482 in

267 2511 376 2550 Actis
412 2510 581 2551 Concilii
608 2511 775 2550 Nicaeni
804 2509 964 2551 secundi
996 2526 1097 2550 anno
1128 2510 1272 2548 Christ-i
1297 2513 1390 2552 778.
1421 2510 1626 2561 celebrati,
1665 2510 1734 2549 ubi

269 2592 290 2617 e
310 2579 422 2617 libris
446 2579 622 2632 cujusvis
645 2579 794 2630 generis
815 2593 966 2617 summo
990 2593 1109 2631 opere
1143 2578 1435 2629 conquiruntur
1456 2578 1504 2616 ab
1524 2579 1734 2631 Episcopis

268 2643 507 2685 Iconolairis
547 2661 803 2698 quaecunque
843 2661 918 2699 pro
942 2647 1073 2685 cultu
1112 2661 1184 2684 suo
1233 2653 1483 2684 censerentur
1510 2646 1659 2695 facere,
1698 2653 1736 2686 et

270 2714 521 2766 Scriptorum
547 2715 811 2767 plurimorum
837 2714 1051 2753 sententiae
1082 2721 1119 2752 et
1146 2714 1379 2753 traditiones
1413 2713 1462 2751 de
1494 2711 1735 2766 Imaginibus

272 2788 568 2833 congeruntur3
607 2783 736 2833 quod,
778 2784 957 2834 inquam,
997 2783 1038 2820 in
1075 2782 1183 2821 illius
1216 2780 1383 2822 Concilii
1413 2781 1540 2832 Actis,
1582 2781 1651 2820 ubi
1677 2787 1736 2819 tot
