1838 3230
248 215 347 263 340
641 209 935 257 IOANNIS
964 211 1302 255 MALALAE

246 331 320 374 τὀῢ
345 327 511 385 ὀνόματι
524 325 718 372 Ῥοδανόν
726 360 740 380 ‚
776 327 908 386 ἄνδρα
926 328 1212 374 δυνατώτατον
1234 331 1300 373 καὶ
1321 329 1492 387 εὔπορον
1515 332 1580 373 καὶ
1601 332 1703 375 διοι-

120 439 154 473 Ο
176 393 226 476 3¹)
247 402 397 442 κοῦντα
415 398 462 441 τὸ
481 394 677 440 παλάτιον
687 428 701 448 ,
738 394 793 446 ὥς
812 402 973 455 πρῶτον
1001 398 1099 442 ὄντα
1121 399 1405 455 ἀρχιευνοῦχον
1430 400 1497 441 καὶ
1515 399 1556 442 ἓν
1577 397 1702 455 μεγά-

199 442 223 477 2
246 471 298 524 λῃ
312 471 407 523 τιμῇ
423 465 534 518 ’σ’ντα,
560 466 689 516 ζῶντα
710 461 876 508 ἔκαυσεν
898 468 953 516 εἷς
972 467 1044 522 τὴν
1063 465 1288 523 σφενδόνην
1307 471 1381 509 τοῦ
1395 465 1574 510 Ἱππικοῦ
1594 483 1703 525 φρυ-

242 534 401 591 γάνοις,
439 531 494 582 ὦς
520 537 673 588 θεωρεῖ
696 532 743 575 τὸ
772 532 932 577 ἱππικὸν
963 533 984 576 ὃ
1010 535 1133 585 αὐτὸς
1157 534 1348 589 βασιλεὺς
1377 533 1699 586 Βαλεντινιανός.

246 601 269 644 ὃ
288 603 365 659 γὰρ
384 597 647 656 πραιπόσιτος
666 599 792 643 αὐτοῦ
816 600 1006 652 Ῥοδανὸς
1025 601 1203 660 ἥρπασεν
1229 603 1370 646 οὗσιάν
1396 601 1477 645 ἀπό
1499 618 1608 653 τινος
1621 601 1734 659 >Ul-5

247 687 324 725 ρας
341 668 528 725 γυναικὸς
548 668 799 723 καλουμένης
817 672 1050 726 Βερονίκης,
1086 672 1233 721 πλέξας
1252 670 1371 728 αὐτῇ,
1395 669 1449 720 ὥς
1472 672 1513 713 ἓν
1535 669 1703 726 δυνάμει

245 738 324 781 ὤν·
362 738 429 779 καὶ
454 740 688 792 προσῆλθεν
717 737 842 792 ἐκείνη
874 742 933 796 τῷ
965 738 1076 796 αὐτῷ
1110 741 1405 796 Βαλεντινιανῷ
1432 742 1604 792 βασιλεῖ.
1674 737 1700 794 ἢ

244 803 371 859 μόνον
392 805 437 847 δὲ
457 805 704 858 ἐβασίλευσε,
738 805 823 847 κατ’
846 805 973 848 αὐτοῦ
996 805 1140 849 ἔδωκεν
1162 806 1300 856 αὐτοῖς
1320 806 1511 861 δικαστὴν
1529 806 1601 850 τὸν
1619 824 1702 850 πα-

243 874 395 929 τρίκιον
427 870 701 916 Σαλούστιον·
738 871 849 922 ὅστις
877 873 1078 929 κατέκρινε
1098 875 1167 917 τὸν
1188 874 1312 916 αὐτὸν
1333 872 1598 930 πραιπόσιτον
1611 872 1702 918 Ῥο-

245 939 381 984 δανόν.
454 942 521 982 καὶ
547 939 699 994 μαθὼν
718 938 739 982 ὃ
763 941 886 991 αὐτὸς
903 942 1094 996 βασιλεὺς
1117 942 1189 984 τὸν
1209 941 1304 997 ὅρον
1323 942 1435 999 παρὰ
1455 946 1529 985 τοῦ
1552 959 1698 1000 πατρι-
1711 955 1757 989 10

243 1009 332 1051 κίου
365 1009 643 1060 Σαλουστίου,
679 1008 856 1051 ἐκέλευσε
889 1014 948 1069 τῷ
975 1009 1087 1068 αὐτῷ
1113 1011 1365 1068 πραιποσίτῳ
1398 1010 1620 1053 ἀναδοῦναι
1649 1015 1700 1068 τῇ

241 1074 350 1136 χήρᾳ
369 1075 470 1132 ἅπερ
492 1074 649 1130 ἥρπασε
672 1076 767 1133 παρ’
794 1076 932 1132 αὐτῆς.
1002 1079 1068 1120 καὶ
1089 1077 1162 1120 οὐκ
1181 1079 1350 1133 ἐπείσθη
1371 1075 1391 1120 ὅ
1416 1077 1540 1128 αὐτὸς
1555 1076 1701 1121 Ῥοδα-

191 1156 225 1190 Ε
247 1144 317 1193 νὸς
343 1145 409 1186 καὶ
437 1143 633 1186 ἀνέδωκεν
663 1144 768 1201 αὐτῇ
778 1177 792 1197 ‚
830 1145 915 1188 ἀλλ’
939 1146 1197 1196 ἐξεκαλέσατο
1219 1145 1290 1188 τὸν
1310 1147 1518 1203 πατρίκιον
1539 1143 1701 1190 Σαλού-

242 1227 368 1255 στιον.
430 1213 497 1254 καὶ
528 1210 812 1266 ἀγανακτήσας
831 1211 851 1255 ὃ
878 1213 1002 1263 αὐτὸς
1022 1214 1213 1268 βασιλεὺς
1232 1214 1408 1257 ἐκέλευσε
1428 1218 1478 1271 τῇ
1502 1213 1606 1271 αὐτῇ
1627 1231 1701 1270 yv-

241 1281 349 1322 ναικὶ
381 1283 623 1336 προσελθεῖν
659 1280 793 1338 αὐτῷ,
824 1278 879 1330 ὥς
904 1286 1056 1338 θεωρεῖ
1080 1282 1127 1325 τὸ
1158 1280 1340 1324 ἱππικόν·
1377 1284 1442 1324 καὶ
1464 1287 1699 1337 προσῆλθεν
1712 1296 1755 1330 15

241 1346 353 1405 αὐτῷ
376 1346 402 1403 ἦ
425 1347 524 1402 γυνὴ
549 1351 607 1405 τῷ
628 1347 796 1406 πέμπτῳ
817 1352 925 1406 βαΐῳ
949 1350 1116 1405 πρωίας.
1180 1351 1246 1391 καὶ
1275 1348 1329 1399 ὥς
1355 1351 1519 1398 ἵσταται
1541 1349 1699 1406 ἔγγιστα

242 1415 370 1458 αὐτοῦ
403 1417 458 1465 εἲς
486 1414 538 1457 τὰ
565 1415 675 1465 δεξιοὶ
701 1413 722 1457 ὅ
754 1415 877 1465 αὐτὸς
899 1415 1090 1466 Ῥοδανὸς
1118 1415 1406 1471 πραιπόσιτος,
1447 1419 1646 1460 ἐκέλευσεν
1675 1415 1697 1460 ὅ

119 1494 152 1528 O
175 1494 221 1531 33
244 1482 368 1532 αὐτὸς
387 1480 602 1534 βασιλεύς,
632 1484 698 1525 καὶ
721 1484 946 1540 κατεσχέθη
973 1484 1053 1527 ἀπὸ
1082 1488 1155 1527 τοῦ
1185 1486 1443 1539 καθίσματος
1478 1485 1541 1527 ἐπὶ
1563 1483 1698 1540 πάσης

119 1562 151 1596 V
176 1561 221 1598 14
243 1555 317 1605 τῆς
345 1549 522 1603 πόλεως,
553 1551 620 1592 καὶ
648 1550 861 1607 ἀπηνέχθη
889 1554 944 1602 εἷς
974 1552 1047 1607 τὴν
1076 1550 1300 1608 σφενδόνην
1335 1557 1409 1595 τοῦ
1425 1551 1604 1595 Ἱππικοῦ
1631 1554 1699 1595 καὶ

241 1615 414 1674 ἐκαύθη.
487 1619 554 1660 καὶ
579 1619 794 1672 ἐχαρίσατο
824 1623 876 1676 τῇ
900 1619 1003 1677 αὐτῇ
1019 1618 1130 1678 χήρᾳ
1147 1622 1301 1673 γυναικὶ
1324 1618 1345 1663 ὃ
1366 1620 1489 1669 αὐτὸς
1506 1620 1696 1674 βασιλεὺς
1707 1632 1754 1666 20

241 1685 551 1734 Βαλεντινιανὸς
577 1690 714 1728 πᾶσαν
733 1686 808 1740 τὴν
834 1689 1066 1742 περιουσίαν
1084 1691 1156 1730 τοῦ
1183 1687 1308 1730 αὐτοῦ
1327 1690 1594 1743 πραιποσίτου
1611 1686 1700 1730 Ῥο-

243 1755 369 1796 δανοῦ
386 1768 397 1777 ·
418 1755 483 1796 καὶ
502 1753 738 1809 εὖφημίσθη
758 1751 836 1796 ὕπὸ
857 1759 930 1797 τοῦ
952 1753 1083 1809 δήμου
1106 1755 1257 1805 παντὸς
1278 1757 1344 1797 καὶ
1363 1759 1435 1810 τῆς
1455 1753 1695 1811 συγκλήτου,

243 1819 300 1871 ὥς
316 1822 472 1871 δίκαιος
502 1822 568 1863 καὶ
590 1818 795 1875 ἀπότομος
809 1835 819 1844 ·
861 1824 927 1864 καὶ
956 1823 1103 1878 ἐγένετο
1132 1821 1263 1878 φόβος
1290 1823 1416 1873 πολὺς
1436 1826 1491 1872 εἷς
1509 1823 1605 1873 τοὺς
1623 1841 1698 1866 κα-
1718 1855 1721 1858 -

243 1887 529 1945 κοπράγμονας
549 1890 616 1931 καὶ
639 1890 694 1939 εἷς
711 1888 806 1939 τοὺς
826 1887 1082 1947 ἁρπάζοντας
1101 1890 1154 1933 τὰ
1176 1889 1382 1948 ἀλλότρια,
1410 1892 1477 1934 καὶ
1496 1889 1522 1947 ἢ
1543 1893 1696 1935 δικαιο-

240 1954 342 2011 σύνη
363 1954 530 2013 ἐκράτει.
1473 1993 1475 1995 -
1703 1967 1750 2003 25

243 2055 313 2087 tem
336 2054 372 2086 et
394 2052 565 2097 copiosum
589 2055 625 2088 et
646 2053 809 2099 palatium
843 2057 1036 2097 curantem,
1067 2055 1132 2099 (ut
1154 2054 1213 2100 qui
1235 2054 1474 2089 Eunuchorum
1496 2053 1695 2088 Praefectus

244 2100 350 2139 esset,
387 2108 577 2143 magnaque
609 2099 777 2143 dignitate
800 2100 953 2144 cultus,)
994 2100 1029 2133 in
1052 2100 1157 2134 funda
1180 2100 1422 2146 Hippodromi‚
1458 2098 1594 2133 interim
1616 2098 1695 2132 dum

243 2142 317 2187 ipse
341 2142 513 2177 circensia
542 2146 735 2189 spectabat,
772 2146 886 2179 vivum
916 2145 1047 2179 cremiis
1070 2145 1219 2179 comburi
1245 2145 1357 2190 jussit.
1402 2144 1583 2178 Rhodanus
1606 2144 1694 2178 enim

244 2188 312 2221 iste
334 2188 568 2233 Praepositus‚
593 2188 716 2223 viduae
739 2191 891 2231 cuidam,
922 2191 1111 2225 Veronicae
1133 2191 1286 2232 nomine,
1310 2190 1386 2224 dolo
1410 2189 1506 2224 velut
1526 2199 1548 2223 a
1571 2194 1694 2233 poten-

244 2232 335 2267 tiore
358 2233 625 2274 circumventae,
649 2234 738 2268 bona
760 2247 819 2269 sua
840 2237 888 2269 eri
916 2241 1023 2270 uerat.
1070 2235 1194 2270 Mulier
1216 2234 1484 2269 Valentinianum
1505 2233 1694 2279 Imperato—

246 2289 318 2312 rem
340 2278 384 2313 de
408 2278 458 2312 his
481 2278 647 2324 appellat:
683 2279 740 2323 qui
762 2281 873 2314 statim
909 2281 964 2315 ‘tis
987 2281 1151 2315 arbitrum
1173 2280 1237 2314 illis
1259 2279 1356 2314 dedit
1378 2278 1557 2314 Salustium
1578 2278 1694 2314 Patri-

242 2323 350 2357 cium=
387 2323 446 2369 qui
477 2324 580 2358 etiam
604 2323 799 2361 Rhodanum
831 2326 1066 2371 Praepositum
1096 2337 1189 2360 reum
1219 2325 1363 2371 peregit.
1408 2325 1615 2368 Imperator,
1653 2329 1692 2359 ut

243 2368 386 2403 Salustii
408 2369 607 2403 sententiam
628 2368 814 2411 intellexit,
854 2371 1051 2416 Praeposito
1076 2371 1200 2411 edixit,
1238 2370 1287 2404 uti
1311 2369 1423 2404 ablata
1446 2369 1569 2403 viduae
1591 2369 1693 2404 resti-

243 2418 377 2448 tueretz
413 2414 501 2458 quod
524 2417 635 2447 tamen
662 2414 785 2449 adduci
807 2426 875 2449 non
896 2416 1009 2461 potuit
1031 2421 1069 2450 ut
1091 2417 1221 2450 faceret
1243 2415 1442 2456 Rhodanus3
1475 2415 1534 2448 sed
1558 2415 1601 2448 ab
1624 2415 1692 2450 Sa-

243 2459 345 2494 lustio
369 2459 519 2493 Patricio
543 2459 753 2504 provocavit.
799 2460 989 2505 Imperator
1011 2473 1111 2506 super
1133 2461 1183 2495 his
1206 2460 1415 2504 indignatus,
1439 2459 1569 2493 mulieri
1591 2471 1693 2504 prae-

247 2504 359 2549 cepit,
382 2504 433 2539 uti
456 2505 500 2538 ad
523 2507 558 2539 s'e
582 2504 780 2547 accederet,
814 2506 893 2538 dum
917 2505 1090 2540 Circensia
1112 2511 1292 2551 spectaret.
1338 2504 1465 2539 Mulier
1486 2505 1602 2550 itaque
1623 2505 1690 2539 Im-

244 2554 438 2594 peratorem
456 2549 607 2590 accessit,
630 2551 674 2584 ad
692 2550 871 2584 Certamen
887 2550 1038 2594 quintum
1057 2551 1260 2584 Matutinum
1285 2549 1479 2594 [finitum3]
1504 2562 1577 2585 cum
1593 2550 1690 2585 Rho-

245 2594 349 2628 danus
372 2594 590 2640 Praepositus
612 2595 661 2629 illi
684 2607 705 2629 a
727 2596 848 2630 dextra
871 2600 1016 2629 astaret:
1042 2607 1141 2640 quem
1163 2600 1274 2629 tamen
1296 2596 1582 2639 comprehensum,
1606 2600 1642 2629 et
1667 2606 1690 2630 a.

243 2639 324 2673 sella
346 2639 382 2673 in
404 2639 495 2673 Circi
518 2640 654 2675 fundam
676 2641 909 2681 deturbatum,
941 2645 1116 2685 spectante
1137 2641 1261 2685 populo
1284 2641 1462 2683 universo,
1497 2651 1690 2675 concrema-

244 2684 306 2717 vit.
351 2685 540 2730 Imperator
559 2697 663 2731 porro
686 2685 939 2720 Valentinianus
962 2686 1119 2719 Rhodani
1140 2685 1333 2730 Praepositi
1357 2686 1444 2720 bona
1467 2686 1602 2720 Viduae
1624 2685 1689 2720 ad-

244 2728 332 2762 dixit
354 2730 482 2764 omnia:
522 2731 652 2765 Senatu
685 2731 839 2772 interim,
876 2731 1067 2776 populoque
1098 2731 1257 2764 universo
1289 2742 1362 2764 eum
1396 2730 1687 2765 acclamationibus

245 2774 513 2817 celebrantibus,
555 2788 618 2810 ceu
641 2776 792 2811 Judicem
820 2777 943 2820 justum
967 2781 1002 2809 et
1023 2787 1186 2810 severum.
1235 2776 1366 2810 Terror
1394 2777 1512 2820 itaque
1533 2776 1611 2810 inde
1632 2774 1687 2808 in·-

242 2829 332 2900 -genasl
348 2819 488 2900 injurtios
510 2821 656 2856 homines
679 2826 715 2857 et
737 2822 845 2858 aliena
867 2821 1064 2867 diripientes
1086 2820 1209 2856 invasit
1231 2833 1365 2862 omues,
1393 2821 1531 2857 Iustitia
1551 2819 1686 2855 interim

241 2874 300 2899 mv
334 2876 431 2900 escen
448 2877 478 2900 e.
