1838 3230
297 183 395 230 500
812 176 1277 222 ANNOTATIONES.

405 291 502 347 Pag.
523 296 561 335 9.
585 292 649 336 14.
680 287 927 343 οἶναπόδησιν
949 291 1021 340 ἕως
1040 290 1148 344 Σήθ]
1166 292 1284 330 Forte
1302 290 1567 341 scribendum,
1587 287 1736 334 εἰνακό-

298 351 414 397 δισιν,
444 356 488 388 ut
509 350 611 388 enim
631 348 676 386 ab
696 345 942 397 ἄνακαινίζω,
959 345 1219 397 οἷνακαίνισις,
1239 349 1293 386 ita
1315 349 1362 386 ab
1385 345 1623 398 ἄναποδίζω,
1646 344 1738 388 ἄνα-

297 401 453 453 πόδισις
485 405 644 444 formari
667 409 820 456 potest:
852 405 991 443 Graeci
1017 411 1147 444 tamen
1187 404 1434 456 frequentius
1468 400 1738 457 ἆναποδισμόν

299 461 447 499 dicunt.

410 518 510 566 Pag.
543 517 608 556 10.
640 516 706 556 11.
762 511 973 567 γενόμενος
990 512 1049 569 ρβ’
1068 516 1183 569 ἐτῶν]
1212 518 1294 554 Scr.
1317 512 1366 569 ρ’.
1423 517 1559 555 Semus
1579 515 1680 555 enim
1697 515 1738 553 C.

297 578 448 610 tantum
480 583 669 608 annorum
693 577 794 619 erat,
834 572 991 622 quando
1020 573 1153 623 genuit
1180 572 1484 624 Arphaxadum:
1514 578 1604 624 post
1632 571 1740 624 quod

298 634 453 678 tempus
479 626 672 677 superfuit
690 627 799 664 annis
821 627 867 666 D.
925 629 1125 666 Caeterum
1160 642 1333 667 errorem
1357 628 1464 666 hunc
1486 628 1740 680 prosequitur

298 683 448 721 Auctor
473 682 514 720 in
542 683 724 734 proxime
762 684 1058 734 sequentibus‚=
1084 684 1155 722 ubi
1185 698 1275 723 eum
1304 685 1418 724 DClI.
1456 685 1566 723 annis
1584 684 1740 723 >vixisse

299 740 398 777 vult.

407 796 509 845 Pag.
539 795 603 835 11.
631 793 671 836 4.
728 790 935 848 γράμματα
970 794 1036 836 ἐπί
1070 810 1189 835 τινων
1226 795 1329 848 etc.]
1378 798 1461 835 Sor.
1500 791 1740 850 γράμμασιν.

300 847 521 904 ἐντυγχάνω
543 848 646 888 enim
667 849 801 889 dativo
824 866 979 904 semper
993 851 1183 903 jungitur.

409 905 508 957 Pag.
542 908 606 947 11.
640 905 678 947 5.
736 910 814 946 τῶν
836 905 1080 961 Εγρηγόρων
1098 904 1327 960 παράδοσις]
1367 908 1423 946 De
1443 907 1600 958 Angelis
1617 906 1739 954 hisce,

300 959 503 1013 Egregoris
519 962 692 1011 vocatis,
730 963 821 1001 vide
853 977 953 1014 quae
987 977 1037 1002 ex
1072 963 1222 1001 Enochi
1247 961 1483 1014 Apocryphi
1514 964 1582 1004 lib.
1610 963 1740 1015 primo

301 1017 466 1068 aliisque
488 1017 642 1068 profert
658 1019 738 1058 Jos.
756 1019 928 1069 Scaliger
953 1019 994 1056 in
1020 1020 1124 1056 notis
1153 1020 1232 1057 suis
1261 1033 1323 1071 ap.
1350 1019 1509 1057 Ensebii
1539 1019 1682 1059 Chron.
1701 1033 1741 1070 p.

299 1072 393 1113 243.
450 1072 600 1110 Horum
628 1080 758 1112 autem
777 1075 1012 1126 scripturam
1033 1075 1257 1125 Cedrenus,
1285 1089 1365 1113 non
1386 1075 1534 1125 Salam,
1565 1075 1636 1115 sed
1652 1075 1742 1113 Cai-

299 1140 446 1165 nanum
462 1128 705 1167 inventorem
723 1131 830 1169 facit.

415 1186 510 1235 Pag.
545 1188 609 1225 11.
652 1189 715 1227 16.
781 1186 948 1239 ἐπείγειν
987 1185 1239 1240 ἐγκεχείριστο
1273 1185 1348 1239 τήν
1377 1183 1620 1239 οἰκοδομὴν]
1659 1188 1742 1225 Ser.

301 1238 589 1292 ἐνεκεχείριστο.

415 1297 508 1346 Pag.
540 1298 605 1337 12.
642 1298 677 1337 1.
733 1298 789 1351 τῷ
806 1296 910 1349 Εβερ
935 1294 1032 1344 θεὸς
1061 1293 1135 1338 οὐκ
1164 1296 1354 1351 ’ὑστέρησε
1378 1296 1452 1351 τήν
1474 1294 1641 1351 α’ρχαίαν
1662 1313 1744 1348 φω-

301 1349 392 1403 νήν]
421 1350 593 1389 Verbum
615 1350 806 1406 ὖστερέω,
835 1352 912 1390 hoc
945 1367 1061 1391 sensu
1089 1360 1310 1405 sumptum,
1338 1354 1448 1393 haud
1475 1361 1622 1393 temere
1651 1354 1745 1392 alibi

301 1419 488 1445 mvemes.

414 1460 512 1514 Pag.
545 1464 609 1503 12.
637 1466 676 1505 8.
734 1461 871 1513 ἔφαθοῖ
890 1463 956 1503 καὶ
988 1460 1294 1517 ταληθακούμη,
1327 1464 1393 1505 καὶ
1423 1461 1569 1517 λιμάσα
1591 1465 1744 1517 βαχθα-

303 1515 371 1570 νὴ]
401 1517 482 1555 Scr.
512 1515 682 1568 ἐφφαθά
700 1517 844 1559 ταλιθοέ
862 1522 1002 1571 κοῦμι,
1031 1519 1135 1572 λοιμοὶ
1157 1522 1392 1573 σαβαχθανί.

341 1627 352 1642 ,
413 1574 513 1625 Pag-
549 1576 613 1615 12.
639 1577 707 1616 20.
766 1574 835 1614 καὶ
859 1574 938 1615 ἔστι
963 1576 1249 1629 κεχαλκαμένος
1275 1576 1389 1629 ἴχνη]
1417 1576 1521 1627 Lego
1540 1579 1746 1629 κεχαλκευ-

304 1643 414 1680 μενοι.

417 1686 511 1736 Pag.
543 1686 606 1725 13.
633 1686 672 1725 3.
728 1684 796 1725 καὶ
814 1683 998 1738 ἐγέννησε
1017 1684 1087 1726 τᾶν
1106 1687 1235 1738 Ρααῦ]
1266 1689 1347 1728 Ser.
1381 1689 1535 1740 Payafi‘:
1565 1687 1620 1725 ita
1643 1686 1746 1725 enim

304 1745 471 1779 vocatur
489 1740 579 1776 Luc.
600 1742 637 1780 3.

421 1797 513 1845 Pag.
545 1797 611 1836 13.
651 1798 690 1836 7.
744 1794 812 1835 καὶ
838 1797 908 1846 τῆς
931 1798 1112 1847 τελευτῆς
1149 1794 1304 1848 Φάλεκ]
1347 1797 1558 1835 Mendosus
1589 1803 1648 1835 est
1673 1797 1747 1834 iste

306 1851 534 1902 Computus.
593 1850 632 1887 Si
660 1851 760 1888 enim
791 1851 1028 1901 Linguarum
1059 1853 1245 1890 Confusio
1274 1853 1417 1891 accidit
1445 1866 1546 1891 anno
1575 1865 1744 1891 nxxxw.

305 1912 398 1957 post
417 1905 630 1955 diluvium,
661 1906 694 1943 is
716 1913 797 1944 erat
813 1906 975 1945 Phaleci
993 1921 1115 1945 annus
1137 1922 1175 1957 v,
1198 1908 1313 1960 juxta
1340 1922 1426 1946 Lxx
1455 1909 1653 1947 seniorum
1678 1921 1746 1945 ra-

307 1962 454 2010 tiones,
494 1967 585 2012 post
621 1962 728 2011 quod
756 1969 910 2013 tempus
931 1962 1124 2001 Phalecus
1144 1964 1253 2002 annis
1286 1977 1484 2003 cccxxxw
1511 1963 1743 2015 supervixit.

308 2016 496 2054 Confusio
516 2017 650 2067 itaque
673 2019 908 2068 Linguarum
922 2048 933 2067 ‚
963 2026 1002 2058 et
1026 2019 1187 2058 Phaleci
1216 2020 1345 2058 obitus
1366 2020 1466 2058 male
1498 2019 1545 2057 ab
1572 2019 1745 2057 Auctore

307 2074 348 2109 in
368 2084 491 2109 unum
508 2077 662 2122 tempus
682 2074 953 2125 conjiciuntur.

421 2129 514 2178 Pag.
547 2130 609 2167 13.
644 2127 708 2168 14.
765 2129 831 2169 καὶ
861 2128 930 2170 τόν
960 2127 1112 2181 Ιεκτᾶν]
1153 2131 1225 2169 iste
1257 2144 1334 2168 non
1362 2129 1530 2168 habetur
1556 2129 1595 2167 in
1615 2129 1745 2167 Textu

310 2195 446 2220 sacro:
475 2195 548 2221 nec
564 2182 695 2220 Jectan
714 2185 854 2235 aliquis
880 2186 982 2224 inter
1006 2186 1161 2238 Japheti
1187 2187 1288 2224 filios
1313 2192 1561 2236 numeratur,
1599 2185 1665 2223 vel
1696 2184 1743 2222 ab

310 2238 505 2287 Eusebio,
536 2238 712 2277 Cedreno
737 2247 803 2277 aut
826 2240 914 2279 Chr.
934 2242 1046 2279 Alex.

422 2293 520 2344 Peg.
552 2296 615 2334 13.
644 2298 711 2335 20.
768 2293 841 2346 τήν
858 2297 1132 2349 κατανὲμησιν]
1161 2298 1276 2336 Forte
1294 2295 1392 2338 κατὰ
1413 2295 1687 2349 supplendum.

422 2347 517 2400 Pag·
557 2351 616 2390 14.
646 2349 683 2392 5.
740 2350 806 2390 καὶ
843 2351 1185 2406 Ρινοκουρούτων]
1218 2355 1404 2392 Eusebius
1436 2353 1554 2393 habet
1587 2355 1744 2391 Ρινοκο-

313 2400 492 2457 ροῦρων,
523 2404 718 2447 Cedrenus
737 2412 774 2444 et
794 2405 1017 2446 Chronieon
1046 2409 1156 2448 Alex.
1188 2406 1522 2462 Ρινοκουρούρων.
1577 2406 1744 2459 Stepha-

312 2473 387 2498 nus
405 2459 477 2496 hos
496 2467 614 2498 vocat
628 2464 1027 2515 Ρινοκουρουραίους,
1072 2472 1111 2502 et
1137 2465 1492 2518 Ρινοκουρουρίτας.
1556 2466 1744 2503 Ρινοκον-

313 2512 440 2568 ρούρα
465 2515 565 2552 Urbs
599 2524 682 2555 erat
709 2518 898 2569 Aegypti,
928 2519 984 2556 sic
1011 2519 1115 2557 dicta
1148 2520 1195 2557 ab
1228 2522 1310 2572 ejus
1338 2520 1501 2571 incolis,
1529 2518 1597 2572 qui
1627 2531 1744 2557 nasos

314 2584 404 2609 suos
428 2571 724 2622 praecidebant,
751 2575 809 2612 uti
825 2573 927 2612 idem
948 2574 1168 2626 Stephanus
1187 2582 1366 2616 testatur.

426 2628 522 2678 Pag.
556 2627 620 2669 14.
661 2632 726 2671 10.
792 2627 1002 2682 Κόρδηνα]
1042 2631 1230 2669 Eusebius
1268 2638 1306 2671 et
1345 2632 1544 2671 cedrenus
1585 2628 1741 2677 habent,

316 2682 554 2735 Κοδρυαλία,
585 2683 675 2724 Chr.
695 2683 757 2725 Al.
786 2686 998 2739 Κορδυλία.

425 2738 523 2788 Pag.
555 2739 619 2780 14.
651 2739 714 2781 15.
772 2737 943 2792 Θήναις]
974 2741 1074 2792 Lego
1095 2743 1267 2794 Θηβαΐς,
1295 2741 1356 2779 uti
1380 2740 1525 2780 habent
1546 2739 1742 2779 Cedrenus

314 2800 353 2831 et
374 2792 466 2830 Chr.
489 2793 600 2833 Alex.
629 2795 721 2834 licet
739 2795 780 2834 in
796 2795 874 2835 hoc
892 2797 1003 2837 locus
1026 2798 1101 2838 iste
1121 2797 1241 2837 hodie
1264 2804 1450 2850 corrupte
1468 2796 1619 2849 legitur.
