1838 3230
438 167 1077 214 CHRONOGRAPHIA.
1135 166 1182 212 L.
1214 167 1311 212 XII.
1513 173 1615 222 307

95 279 99 282 ⁴
130 288 204 340 τός
221 288 520 346 Διοκλητιανός
537 290 604 333 καὶ
625 286 824 345 δημόσιον
845 288 1020 347 λουτρὸν
1035 289 1092 339 εἷς
1106 287 1182 344 τὴν
1201 286 1399 343 πεδιάδα,
1435 290 1610 345 πλησίον
1632 299 1666 335 0
1689 298 1759 338 407

130 362 206 401 τοῖ
235 360 413 402 παλαίου
436 359 626 411 ἱππικοῦ,
662 357 760 415 ὅπερ
781 356 942 402 ἐκάλεσε
963 358 1012 402 τὸ
1033 357 1344 414 Διοκλητιανόν.
1416 357 1544 401 ἔκτισε
1566 362 1611 403 δὲ

131 430 199 470 καὶ
221 425 343 484 ὦρεΐα
369 425 474 486 λόγῳ
502 427 721 471 ἀποθέτων
743 429 858 470 σίτου
872 442 881 452 ·
919 429 986 470 καὶ
1003 427 1135 484 μέτρα
1156 429 1201 470 δὲ
1222 429 1338 470 σίτου
1359 431 1483 470 πᾶσιν
1505 427 1609 471 ἔδω-

130 513 174 538 κε
201 498 268 539 καὶ
297 500 381 540 τῶν
407 496 745 553 πιπρασκομένων
777 496 912 539 ἄλλων
944 494 1110 539 πάντων
1144 496 1212 539 διὰ
1244 496 1291 539 τὸ
1312 496 1369 552 μὴ
1391 494 1607 554 ἐπηρεάζε-

95 570 117 607 5
130 566 240 607 σθαί
264 582 356 608 τινα
383 569 466 608 τῶν
495 564 700 622 ἀγοραίων
731 565 813 608 ἀπὸ
832 570 914 608 τῶν
932 569 1196 622 στρατιωτῶν
1209 579 1219 589 ·
1255 565 1383 608 ἔκτισε
1405 567 1451 608 δὲ
1469 567 1535 607 καὶ
1555 567 1602 609 τὸ
1622 571 1628 577 ”

126 631 296 678 στάδιον
322 633 370 677 τὸ
399 631 613 690 λεγόμενον
638 635 680 676 ἓν
710 632 867 691 Δάφνῃ
898 634 966 677 διὰ
991 635 1090 683 τοὺς
1114 633 1388 688 Ὀλυμπικοὺς
1414 636 1482 677 καὶ
1507 636 1604 685 τοὺς

126 702 293 753 λοιποὺς
315 701 567 759 ἀγωνιστάς,
605 702 709 746 ὥστε
731 704 787 758 μὴ
815 703 974 745 ἀπιέναι
999 704 1041 746 ἐν
1061 704 1266 760 κοτρίγαις
1283 706 1350 746 καὶ
1374 709 1604 761 στεφανοῦ-

125 775 231 814 σθαι
258 772 301 814 ἓν
324 771 505 830 Ἄργυρῷ
526 776 722 830 ποταμῷ,
762 772 868 814 ἀλλὰ
885 772 990 826 μετὰ
1006 771 1053 815 τὸ
1075 772 1362 828 ἀγωνίσασθαι
1380 770 1539 823 πάντας
1559 774 1602 816 ἓν

117 837 339 900 Ἀντιοχείᾳ
368 844 420 898 τῇ
448 839 603 898 μεγάλῃ
624 841 776 884 ἀνιέναι
798 841 949 891 αὐτοὺς
969 841 1012 883 ἒν
1032 846 1084 899 τῇ
1101 840 1293 898 λεγομένῃ
1312 839 1494 899 Δάφνῃ,
1531 845 1598 884 καὶ
1622 851 1654 885 Ε

68 908 182 964 1ομὴ
199 910 270 952 ἵνα
291 913 491 952 τοσοῦτον
514 908 721 965 διάστημα
743 908 842 952 ὁδοῦ
869 909 1126 966 ἀπέρχωνται
1160 911 1202 953 ἓν
1233 914 1292 968 τῷ
1316 910 1501 969 Ἀργυρῷ
1522 929 1598 953 πο-

121 982 242 1036 ταμῷ
264 979 307 1021 ἓν
326 979 532 1034 κοτρίγαις
554 983 630 1033 τῆς
653 980 863 1032 Κιλικίας,
894 980 961 1021 καὶ
982 979 1021 1021 οῗ
1036 979 1275 1033 Ὀλυμπικοὶ
1296 981 1363 1021 καὶ
1387 979 1426 1022 οἳ
1441 979 1598 1022 Ἀντιο-

117 1053 204 1101 χεῖς
233 1044 422 1097 ἀπιόντες
447 1047 554 1090 κατὰ
583 1047 630 1091 τὸ
656 1046 886 1103 Ὀλύμπια,
924 1047 1068 1097 καθὼς
1098 1049 1166 1091 καὶ
1195 1048 1238 1090 ε’ν
1264 1051 1316 1104 τῇ
1341 1050 1439 1107 θείᾳ
1468 1047 1596 1091 αὐτοῦ

122 1112 303 1166 διατάξει
330 1115 531 1159 ἐκέλευσεν
554 1117 595 1159 ἐν
615 1115 769 1175 Δάφνῃ
794 1118 1061 1174 δαφνοῦσθαι
1085 1116 1182 1166 τούς
1211 1115 1530 1172 ἀγωνιζομένους
1555 1118 1598 1160 ἐν

120 1188 181 1242 τῷ
201 1184 324 1241 ἀγῶνι
342 1189 423 1228 τῶν
435 1184 684 1240 Ὀλυμπίων.
757 1185 885 1228 ἔκτισε
905 1186 950 1228 δὲ
971 1186 1014 1228 ἒν
1033 1185 1146 1245 αὐτῷ
1166 1190 1225 1244 τῷ
1243 1187 1399 1244 σταδίῳ
1419 1184 1598 1243 Δάφνης

66 1257 109 1293 15
122 1253 230 1310 ἱερὸν
259 1253 484 1308 Ὀλυμπίου
517 1252 644 1308 Διός,
682 1256 749 1297 καὶ
773 1255 816 1297 ἓν
838 1258 890 1312 τῇ
919 1253 1123 1312 σφενδόνῃ
1153 1252 1228 1297 τοῦ
1259 1253 1388 1297 αὐτοῦ
1424 1258 1596 1297 σταδίου

118 1321 271 1366 ἔκτισεν
289 1322 396 1378 ἱερὸν
414 1326 466 1380 τῇ
485 1323 671 1377 Νεμέσει.
740 1323 935 1366 ἀνενέωσε
954 1324 998 1366 δὲ
1016 1325 1083 1366 καὶ
1103 1322 1148 1366 τὸ
1167 1327 1242 1366 τοῦ
1256 1322 1513 1374 Ἀπόλλωνος
1533 1324 1590 1366 ἶε-
1616 1335 1645 1368 V
1671 1336 1738 1370 132

118 1388 216 1445 ρόν,
251 1389 463 1447 κοσμήσας
491 1390 707 1448 διαφόροις
735 1390 985 1450 μαρμάροις.
1056 1391 1185 1436 ἔκτισε
1207 1393 1252 1435 δὲ
1280 1394 1347 1435 καὶ
1369 1397 1421 1450 τῇ
1440 1390 1590 1449 Ἑκάτῃ
1614 1403 1646 1437 Ο
1669 1403 1739 1439 403

117 1459 226 1516 ἱερὸν
252 1458 529 1516 καταχθόνιον
547 1465 732 1516 βαθμῶν
751 1459 843 1512 τξε’.
916 1461 1044 1504 ἔκτισε
1064 1462 1110 1504 δὲ
1128 1462 1171 1503 ἐν
1191 1459 1347 1519 Δάφνῃ
1367 1463 1434 1503 καὶ
1454 1462 1592 1503 παλά-

114 1545 203 1571 τιον
223 1530 280 1579 εἰς
298 1529 344 1572 τὸ
367 1529 464 1580 τούς
481 1528 672 1581 ἀνιόντας
689 1535 871 1584 βασιλεῖς
890 1531 975 1573 ἐκεῖ·
988 1530 1227 1584 καταμένειν
1239 1562 1253 1584 ,
1290 1530 1426 1585 ἐπειδὴ
1446 1528 1588 1588 πρῴην

58 1600 174 1647 2οεῖς
197 1597 247 1641 τὸ
278 1597 406 1648 ἄλσος
430 1599 594 1642 ἐποίουν
622 1603 892 1649 παπυλεῶνας
911 1601 978 1641 καὶ
999 1598 1230 1654 κατέμενον.
1302 1597 1431 1641 ἔκτισε
1454 1599 1500 1641 δὲ
1519 1601 1588 1641 καὶ

116 1667 324 1723 φαβρικὰς
361 1673 470 1724 τρεῖς
506 1667 610 1723 πρὸς
648 1667 695 1710 τὸ
739 1665 1115 1720 κατασκευάζεσθαι
1158 1666 1264 1710 ὅπλα
1304 1671 1364 1725 τῷ
1404 1671 1583 1725 στρατῷ.

114 1734 243 1778 ἔκτισε
271 1736 317 1778 δὲ
345 1737 412 1778 καὶ
444 1736 486 1778 ἐν
510 1735 654 1796 Ἐδέσῃ
681 1735 866 1793 φαβρικά
892 1736 960 1778 διὰ
991 1735 1039 1778 τὸ
1070 1735 1124 1778 τὰ
1141 1734 1250 1779 ὅπλα
1270 1735 1386 1791 ἔγγὺς
1397 1743 1588 1792 χορηγεῖ-

113 1808 242 1847 σθαι·
280 1801 478 1855 ὡσαύτως
509 1805 553 1847 δὲ
579 1796 647 1847 καὶΔ
675 1805 717 1847 ἒν
745 1806 963 1863 Δαμασκῷ
991 1803 1120 1848 ἔκτισε
1148 1801 1354 1863 φαβρικά,
1391 1803 1587 1860 ἐννοήσας

205 1901 242 1938 3.
273 1898 473 1938 ἀποθετοῖν
498 1901 565 1937 Ox.
681 1903 735 1938 10.
766 1900 818 1949 μὴ
843 1901 925 1947 ἴνα]
951 1901 1015 1937 ἵνα
1036 1899 1116 1948 μὴ7
1230 1901 1286 1937 13.
1310 1901 1580 1946 ἃαφνοῦσθαι]

204 1947 350 1992 „Forte
372 1949 693 1994 στεφανοῦσθαι.“
716 1948 782 1983 Ch.
881 1950 935 1985 16.
959 1948 1116 1994 Νεμέσει
1137 1947 1222 1990 Cb.,
1248 1946 1395 1994 Νεμέσῃ
1420 1947 1490 1982 ΟΧ.

111 2028 249 2064 Horrea
295 2040 427 2074 uoque,
460 2040 525 2076 pro
549 2028 726 2063 frumentis
749 2027 952 2070 condendis,
990 2028 1162 2063 extruxit=
1196 2026 1360 2062 mensuris
1382 2027 1484 2062 etiam
1507 2029 1583 2062 fru-

111 2073 235 2117 menti,
259 2074 470 2120 a‘orumque
491 2074 659 2110 venalium
684 2075 830 2109 omnium
853 2074 987 2120 publice
1013 2073 1227 2109 constitutis=
1249 2085 1304 2117 ne,
1330 2073 1387 2119 qui
1409 2077 1583 2108 mercatu-

110 2132 184 2156 ram
215 2127 438 2163 exercerent,
472 2133 494 2155 a
516 2120 625 2161 milite
654 2120 775 2155 damno
798 2121 914 2166 aliquo
947 2120 1180 2156 afficerentur.
1235 2120 1393 2155 Stadium
1430 2131 1581 2163 quoque,

111 2167 203 2213 quod
227 2173 366 2210 vocant,
400 2167 435 2201 in
458 2167 606 2213 Daphne
629 2167 792 2209 extruxit,
817 2169 962 2212 propter
985 2166 1183 2213 Olympicus
1205 2167 1356 2211 aliosque
1379 2164 1582 2209 Agonistas3

111 2212 242 2249 scilicet
263 2225 308 2248 ne
330 2212 506 2258 quadrigis
528 2212 638 2255 vecti,
672 2213 716 2247 ad
741 2215 911 2258 Arg-yrum
933 2211 1071 2247 fluvium
1095 2212 1266 2259 proficisci
1285 2217 1502 2252 tenerentur,
1534 2209 1580 2244 ad

111 2258 393 2294 coronationem
431 2264 508 2306 post
532 2259 715 2294 certamina
738 2258 942 2293 Antiochiae
964 2270 1106 2304 magnae
1128 2259 1246 2300 finita,
1277 2258 1454 2302 Daphnem
1479 2260 1580 2300 pete-

110 2309 208 2347 ποίης
245 2317 356 2351 neque
378 2305 414 2340 in
439 2311 612 2352 posterum
634 2309 765 2339 tantum
789 2304 921 2339 itineris
944 2304 1159 2339 intervallum
1183 2303 1421 2343 emetirentur,
1446 2303 1490 2335 ad
1513 2302 1580 2334 Ar-

111 2361 232 2404 gyrum
254 2351 394 2386 fluvium
418 2351 594 2397 quadrigis
618 2350 754 2386 devecti
777 2351 949 2392 Cilicibus,
972 2351 1227 2391 Antiochenses,
1250 2350 1378 2394 quique
1401 2348 1436 2381 in
1456 2346 1577 2391 Olym-

111 2396 196 2441 ploia
218 2397 404 2442 Agonistae
426 2397 577 2434 fuissent.
623 2398 708 2432 Post
729 2397 825 2431 ludos
848 2398 967 2442 itaque
991 2397 1126 2439 finitos,
1160 2397 1258 2440 juxta
1283 2395 1441 2428 Edictum
1465 2393 1577 2445 Impe-

111 2442 295 2485 utorium,
334 2443 387 2478 Da
414 2444 510 2478 bnem
533 2443 695 2488 deinceps
728 2443 912 2488 petebant,
949 2442 1000 2477 uti
1024 2443 1073 2476 ibi
1097 2446 1353 2478 coronarentur.
1412 2437 1576 2492 Condidit

112 2487 228 2531 etiam,
249 2490 286 2523 in
307 2489 371 2524 boc
427 2490 554 2535 aphnes
576 2489 699 2531 stadio,
723 2485 836 2524 fanum
858 2488 952 2524 Jovis
977 2489 1149 2534 Olympii=
1184 2493 1218 2521 et
1241 2487 1275 2519 in
1300 2484 1450 2530 ejusdem
1473 2483 1576 2518 stadii

110 2533 238 2576 funda,
261 2536 419 2582 templum
443 2535 584 2571 Nemesi
608 2535 730 2570 erexit.
775 2535 941 2580 Apollinis
961 2546 1096 2580 quoque
1120 2535 1233 2568 fanum
1257 2530 1483 2571 instauravit3
1512 2541 1575 2564 va-

111 2578 237 2624 riisque
260 2579 485 2617 Mar-moribus
519 2581 708 2616 exornavit.
754 2581 931 2628 Templum
955 2580 1058 2615 etiam
1080 2581 1336 2614 subterraneum
1360 2576 1495 2630 I-iecate
1517 2586 1574 2630 sa·

110 2624 241 2666 oravit3
278 2625 315 2660 iu
337 2628 427 2672 quod
451 2639 513 2675 per
535 2627 661 2673 gradus
685 2638 818 2662 ccotxv
853 2626 1134 2662 descendebatur.
1190 2622 1358 2657 Palatium
1381 2632 1517 2667 insuper
1539 2631 1575 2667 ¹.¹¹

110 2670 257 2715 Daphne
280 2674 451 2715 extruxit3
476 2673 534 2707 ubi
556 2674 795 2719 Imperatores,
819 2673 900 2708 illuc
923 2673 1146 2707 adventantes
1170 2672 1473 2721 commorarentur2
1499 2678 1573 2721 cuin

110 2723 212 2751 antea
231 2717 388 2752 tentoriis
408 2719 524 2762 solum,
549 2719 594 2754 ad
609 2720 739 2754 'Lucum
753 2719 885 2761 defixis,
907 2722 1098 2753 uterentur.
1147 2714 1343 2756 Quinetiam
1361 2713 1573 2766 fabricas-ibn

110 2761 243 2803 erexit,
267 2763 304 2796 in
325 2763 446 2808 quibus
469 2775 584 2807 arma,
606 2765 642 2799 in
666 2765 837 2800 exercitus
858 2762 1251 2805 usum‚·fabricarentur.
1300 2759 1450 2794 Edessae
1473 2764 1575 2793 etiam

108 2808 259 2843 fabricas
283 2808 411 2851 erexit,
434 2809 484 2844 uti
509 2815 714 2845 armamenta
737 2811 816 2845 belli
840 2810 883 2845 ad
908 2820 1038 2844 manum
1062 2807 1237 2841 habereut.
1285 2805 1449 2840 Similiter
1472 2804 1575 2838 etiam

109 2854 146 2888 in
174 2854 339 2889 Damasco
369 2853 518 2889 fabrica
551 2856 723 2899 extruxit;
768 2858 813 2892 ob
846 2857 1041 2902 frequentes
1074 2854 1321 2888 Saracenorum
1354 2850 1574 2886 incursiones.
