1838 3230
472 188 1111 238 CHRONOGRAPHIA.
1169 193 1301 240 L.11.
1555 201 1619 251 51

134 312 297 366 πηγῶν,
315 311 383 354 καὶ
401 308 488 367 μετ’
509 309 648 355 αὕτῶν
665 311 845 369 στρατὸς
863 312 991 364 πολὺς
1011 313 1056 357 ἐκ
1072 318 1148 359 τοῦ
1158 316 1302 360 Λαΐου
1318 317 1534 371 βασιλέως,
1554 322 1622 362 καὶ

148 377 306 435 ταύτης
335 379 468 431 οὐδεὶς
491 378 684 437 ἠδυνήθη
714 382 996 439 περιγενέσθαι
1026 383 1102 426 διὰ
1123 384 1172 427 τὸ
1200 385 1370 443 ἰσχυρὸν
1389 390 1472 429 τῶν
1492 386 1620 445 ὀρέων

136 449 218 490 καὶ
238 447 307 491 διὰ
325 448 373 492 τὸ
392 453 557 504 πλῆθος
577 453 658 493 τῶν
681 449 883 508 ἀγροίκων
902 455 1065 508 λῃστῶν
1084 457 1168 496 τῶν
1191 454 1278 509 μετ’
1309 453 1438 510 αὐτῆς
1459 473 1617 511 συμμε-
1641 475 1674 510 v
1695 477 1740 511 21

134 516 367 574 Γριζομένων
385 517 439 561 τὰ
461 522 544 561 τῶν
558 515 789 575 παριόντων
809 519 933 571 ξένων
954 522 1022 563 καὶ
1042 525 1233 566 πολιτῶν.
1305 520 1327 567 ὃ
1350 524 1396 567 δὲ
1420 526 1620 576 Οἰδίπους

113 584 299 636 ὅτέλειος
318 584 531 642 γενόμενος
549 585 704 642 ἔμαθεν
727 587 790 631 ὅτι
812 588 892 632 ἀπὸ
918 594 991 645 τῆς
1010 588 1165 641 πόλεως
1184 589 1402 648 κατάγεται
1419 597 1502 637 τῶν
1526 597 1617 651 Θη-

145 658 259 709 βῶν·
294 656 362 698 καὶ
385 653 567 706 ἀκούσας
593 654 655 700 ὅτι
679 655 781 713 γυνή
808 675 872 708 τις
905 656 1077 713 ὀνόματι
1101 661 1256 717 Σφίγξ,
1293 662 1483 719 λῃστρίς,
1523 664 1617 707 έλυ-

145 723 312 778 μαίνετο
335 721 493 775 πάντας
509 724 607 776 τοὺς
627 726 692 768 ἐπὶ
713 726 789 776 τὰς
810 725 956 782 Θήβας
976 727 1217 785 ἐρχομένους
1228 762 1242 782 ,
1278 732 1346 772 καὶ
1374 730 1518 774 στενὸν
1542 732 1617 788 τὴν

131 789 288 836 πόλιν·
323 793 456 851 σοφὸν
485 789 558 837 οὖν
585 811 625 837 τι
654 794 984 850 βουλευσάμενος
1010 798 1067 847 εἷς
1089 797 1137 840 τὸ
1160 797 1340 856 ἀναιρεῖν
1357 799 1433 855 τὴν
1455 802 1616 858 Σφίγγα
1641 817 1674 852 0
1698 817 1742 854 61

145 858 291 916 ἔλαβεν
309 862 354 905 ἐκ
371 866 446 906 τοῦ
464 860 674 919 κτήματος
691 862 794 907 ὅπου
819 862 1027 923 ἀνετράφη
1049 865 1264 924 ἀγροίκους
1284 869 1507 923 γενναίους,
1546 867 1616 924 ὦς,

75 937 139 974 <10
148 931 274 988 φησί,
301 930 439 975 θέλων
460 930 548 987 ἅμα
569 936 621 990 τῇ
641 935 788 990 Σφιγγὶ
807 931 1025 991 λῃστεύειν.
1096 937 1164 978 καὶ
1182 934 1346 990 ἀπῆλθε
1365 937 1469 993 πρὸς
1490 937 1618 995 αὐτὴν

146 998 275 1043 αἰτῶν
307 999 438 1056 αὐτὴν
473 999 756 1059 συλλῃστεύειν
792 1002 921 1060 αὐτῇ·
955 1001 1046 1059 ἥτις
1066 1004 1305 1060 θεασαμένη
1326 1010 1402 1049 τοῦ
1418 1008 1616 1064 νεωτέρου

144 1067 221 1125 τὴν
238 1068 346 1112 θέαν
362 1070 431 1112 καὶ
451 1073 536 1113 τῶν
553 1070 639 1125 μετ’
663 1070 808 1125 αὐτοῦ,
846 1071 1010 1123 ἐδέξατο
1032 1071 1159 1116 αὐτὸν
1176 1074 1245 1115 καὶ
1264 1073 1361 1124 τοὺς
1379 1074 1454 1117 σὺν
1476 1075 1589 1135 αὐτῷ
1604 1089 1613 1100 ·

145 1138 213 1180 καὶ
234 1135 428 1195 ἐπήρχετο
447 1140 514 1182 καὶ
536 1138 662 1190 αὐτὸς
684 1147 770 1190 τοῖς
792 1145 1021 1197 παριοῦσιν.
1093 1139 1274 1198 εὖρηκώς
1301 1143 1346 1186 δὲ
1370 1143 1512 1201 καιρὸν
1549 1144 1616 1188 ὅτε

146 1205 222 1250 οὔκ
239 1205 352 1262 ἔσχεν
371 1206 495 1263 ὄχλον
513 1211 676 1266 λῃστῶν
693 1208 782 1264 μετ’
802 1208 943 1265 αὐτῆς,
968 1208 1110 1264 λαβὼν
1127 1208 1276 1267 λόγχην
1299 1211 1452 1255 ἀνεῖλεν
1471 1212 1614 1269 αὐτήν,
1638 1234 1668 1268 B

91 1278 137 1315 15
146 1276 214 1318 καὶ
232 1275 419 1333 ἀφείλετο
438 1273 572 1320 πάντα
593 1277 644 1320 τὰ
665 1277 814 1334 αὐτῆς,
843 1275 1048 1336 φονεύσας
1067 1277 1156 1334 ἅμα
1175 1286 1262 1329 τοῖς
1279 1279 1407 1336 αὐτῆς
1424 1281 1615 1333 πολλούς.

145 1345 214 1388 καὶ
230 1342 414 1401 εἰσήγαγε
432 1345 480 1388 τὸ
500 1347 697 1401 λείψανον
719 1347 847 1403 αὐτῆς
867 1348 910 1391 ἕν
931 1351 981 1405 τῇ
999 1352 1083 1391 τῶν
1103 1350 1257 1404 Θηβῶν
1273 1346 1400 1403 πόλει,
1427 1347 1483 1401 ὦς
1503 1351 1618 1408 ὀφεί,

144 1414 228 1457 λων
270 1415 527 1468 κομίσασθαι
563 1413 650 1469 ἅμα
687 1423 775 1466 τοῖς
805 1415 934 1459 αὐτοῦ
964 1414 1161 1474 χρήματα
1196 1417 1277 1460 ἀπὸ
1309 1422 1383 1461 τοῦ
1412 1421 1618 1474 βασιλέως

143 1484 302 1526 Λαΐου.
372 1485 440 1526 καὶ
470 1482 754 1539 θαυμάζοντες
779 1483 928 1546 πάντες
947 1485 986 1528 οἱ
1012 1488 1192 1542 Θηβαῖοι
1219 1489 1381 1529 πολῖται
1408 1487 1616 1544 ἀνύμνουν

145 1551 271 1595 αῧτὸν
301 1553 370 1595 καὶ
401 1551 569 1611 ἔκραζον
598 1553 725 1598 αὐτὸν
757 1555 932 1609 βασιλέα
963 1559 1047 1598 τῶν
1082 1557 1238 1611 Θηβῶν
1271 1555 1474 1611 γενέσθαι.
1547 1560 1617 1600 καὶ

238 1696 270 1731 1.
294 1694 450 1740 στρατὸς
469 1693 602 1741 zolde]
628 1698 787 1740 στρατοῦ
810 1696 952 1735 πολλοῦ
975 1696 1064 1738 Ch.,
1086 1695 1178 1743 μήτε
1202 1697 1364 1741 στρατοῦ
1384 1694 1470 1743 μήτ’
1494 1696 1615 1736 αὐτοῦ

234 1741 305 1778 τοῦ
325 1741 500 1789 βασιλέως
518 1743 641 1779 Λαΐου
665 1742 857 1789 ἰσχύοντος
879 1742 959 1779 κατ’
982 1741 1099 1788 αὐτῆς
1121 1744 1296 1779 Cedrenus
1320 1755 1354 1789 p.
1379 1746 1437 1781 25.
1460 1745 1502 1780 B.
1557 1747 1612 1781 Eo

238 1787 326 1822 duce
356 1787 535 1833 legendum
565 1789 725 1824 videatur
759 1792 920 1834 στρατοῦ
948 1791 1087 1826 πολλοῦ
1112 1790 1174 1826 καὶ
1197 1793 1268 1826 τοῦ
1290 1789 1413 1826 Λαΐου
1437 1790 1614 1838 βασιλέως

235 1833 384 1881 ταύτης.
433 1834 475 1868 V.
491 1839 606 1869 tamen
625 1836 667 1869 ad
688 1848 721 1882 p.
741 1837 796 1872 54.
818 1840 857 1871 A.
935 1838 969 1872 2.
995 1833 1108 1884 ὁρίων
1133 1837 1202 1872 Ox.
1281 1838 1315 1874 7.
1338 1835 1429 1883 τοὶς]
1452 1839 1519 1882 τῆς
1543 1839 1612 1873 Ox.

236 1881 320 1917 ibid.
360 1878 507 1926 στενὸν]
543 1878 594 1921 ὣς
625 1880 927 1919 ἀποστενοῦσθαι
955 1880 1022 1925 τοὶς
1055 1882 1183 1929 Θήβας
1215 1878 1263 1919 δι’
1286 1879 1402 1930 αὐτῆς
1424 1884 1612 1919 cedrenus.

235 1926 334 1962 Fort-
357 1929 488 1963 στενοῖ.
537 1928 627 1963 conf.
652 1928 718 1964 vol.
742 1929 787 1966 II.
813 1941 849 1975 p.
877 1930 930 1965 15.
957 1929 997 1963 C.
1075 1931 1129 1966 15.
1155 1932 1234 1972 τοῖς
1257 1927 1387 1977 αὐτῆς]
1411 1930 1515 1966 Immo
1539 1932 1615 1966 τῶν

237 1970 366 2020 αὐτῆς.
413 1972 573 2016 πολλοὺς
594 1975 670 2010 τῶν
693 1972 769 2020 μετ’
795 1973 912 2021 αὐτῆς
936 1974 1121 2011 Cedrenus.

144 2096 269 2144 Itaque
289 2108 353 2134 rex
373 2098 477 2134 Laius
498 2099 600 2135 duces
622 2111 699 2135 suos
721 2099 922 2147 primarios,
964 2112 1039 2136 cum
1062 2100 1167 2148 copiis
1190 2101 1320 2148 magnis
1343 2105 1467 2138 contra
1485 2102 1612 2149 Sphin-

145 2155 222 2190 gem
244 2145 389 2188 emittit;
411 2146 471 2181 sed
494 2147 624 2181 frustra
647 2147 785 2182 fuerunt
808 2159 937 2190 omnes,
961 2152 1031 2182 tum
1055 2155 1200 2195 propter
1217 2149 1501 2194 inexpugnabiles
1518 2161 1612 2184 mon-

144 2190 232 2226 tium
255 2201 297 2226 an
347 2192 448 2234 stias,
485 2204 560 2227 eum
583 2198 729 2247 propter
751 2194 919 2229 latronum
942 2196 1128 2239 agrestium
1149 2195 1420 2238 multitudinem,
1455 2205 1538 2240 quos
1561 2195 1612 2229 ci-

135 2235 237 2272 ·vium
272 2248 292 2272 a
340 2249 546 2284 enarumque
577 2239 758 2284 spohorum
790 2239 976 2285 participes
1009 2239 1083 2286 ipsa
1121 2240 1184 2275 sibi
1217 2241 1384 2285 adjunxit.
1454 2241 1612 2286 Oedipus

146 2286 260 2318 autem
289 2284 359 2328 jam
383 2284 534 2320 adultior
558 2286 690 2327 factus,
731 2285 790 2320 ubi
811 2286 998 2321 inaudisset
1029 2286 1201 2322 mulierem
1224 2287 1391 2333 quandam
1414 2287 1611 2333 praedatri-

145 2340 240 2372 cem,
278 2328 411 2364 nomine
441 2331 647 2376 Sphingem,
684 2330 929 2368 infestissimam
963 2344 1034 2367 esse
1067 2334 1220 2367 omnibus
1253 2333 1394 2368 Thebas
1427 2332 1610 2372 euntibus-3

134 2375 304 2420 >adeoque
326 2376 443 2411 urbem
465 2377 593 2423 ipsam,
627 2377 717 2412 unde
740 2378 814 2423 ipse
844 2390 881 2413 se
904 2377 1081 2414 oriundum
1104 2379 1341 2420 intellexerat,
1379 2378 1415 2412 in
1438 2379 1611 2423 angustias

145 2420 325 2465 rediger03
347 2423 480 2457 vafrum
505 2423 673 2469 quoddam
697 2423 853 2470 protinus
874 2424 951 2460 iniit
974 2425 1166 2467 consilium,
1189 2425 1278 2459 unde
1295 2424 1481 2470 Sphingem
1502 2435 1522 2458 e
1539 2435 1611 2458 me-

135 2465 203 2502 ·dio
225 2467 374 2503 tolleret.
432 2469 644 2524 Comparatis
665 2470 783 2516 itaque
804 2469 870 2505 sibi
893 2482 937 2505 ex
960 2470 1087 2506 vicinia
1108 2471 1186 2514 illa,
1219 2470 1278 2505 ubi
1302 2471 1462 2505 educatus
1484 2471 1611 2511 fuerat,

136 2512 349 2548 ‘rusticorum
372 2515 662 2560 generosoribus,
697 2515 861 2559 initurus,
883 2521 922 2552 nt
943 2517 1016 2562 ipse
1038 2528 1123 2563 prae
1145 2529 1181 2551 se
1204 2516 1360 2558 ferebat,
1386 2527 1461 2550 cum
1483 2515 1611 2562 Sphin-

137 2569 193 2603 vge
213 2557 441 2595 latrocinandi
473 2561 691 2604 societatem3
729 2561 916 2608 Sphingem
938 2563 1030 2604 adit,
1063 2563 1099 2596 in
1122 2562 1294 2597 latrocinii
1327 2561 1518 2596 sodalitium
1547 2562 1610 2596 ad-

146 2603 238 2639 mitti
274 2610 404 2651 petens.
476 2607 542 2642 Illa
572 2619 655 2642 vero
687 2612 867 2654 conspecto
902 2608 1038 2653 juvenis
1076 2608 1203 2643 decore
1242 2612 1278 2642 et
1316 2608 1483 2642 sociorum
1523 2609 1608 2652 ejus,

147 2649 258 2730 ippum
279 2651 458 2698 sociosque
482 2653 624 2700 excipit,
649 2654 737 2689 unde
761 2658 797 2689 et
818 2653 892 2700 ipse
918 2655 1074 2690 Viatores
1099 2654 1201 2689 etiam
1227 2665 1405 2698 aggressus
1427 2656 1489 2688 est.
1536 2653 1608 2688 Sed

149 2707 169 2731 o
194 2695 267 2730 lata
288 2697 484 2742 occasione,
508 2700 647 2735 absente
669 2701 835 2735 latronum
858 2701 982 2743 turba,
1020 2706 1164 2745 arrepta
1187 2701 1284 2734 hasta
1306 2699 1411 2745 ipsam
1434 2699 1606 2734 confodit:

147 2741 301 2789 pluribus
325 2743 425 2778 etiam
449 2756 491 2779 ex
513 2745 700 2782 latronibus
723 2758 794 2781 una
815 2746 1028 2788 interfectis,
1062 2747 1151 2780 bona
1174 2757 1288 2779 eorum
1311 2745 1422 2780 omnia
1445 2745 1607 2789 abripuit.

148 2787 312 2832 Sphingis
345 2788 469 2824 deinde
499 2791 647 2827 cadaver
680 2793 819 2828 Thebas
853 2792 1017 2833 adduxit,
1054 2791 1237 2836 praemium
1261 2791 1348 2825 facti
1370 2803 1391 2826 a
1415 2802 1499 2836 rege
1521 2792 1606 2826 Laio

147 2833 213 2868 sibi
244 2833 376 2879 suisque
407 2842 602 2880 expectans.
650 2839 701 2873 Et
730 2839 869 2884 quidem
902 2837 1083 2881 Thebani,
1122 2836 1342 2872 admiratione
1365 2837 1479 2878 ducti,
1516 2837 1607 2872 cele-

147 2879 297 2915 brabant
320 2892 419 2923 eum,
453 2892 628 2929 regnoque
650 2884 892 2919 Thebanorum
923 2883 1061 2929 dignum
1091 2883 1348 2929 praedicabant.
1395 2883 1471 2918 Hoc
1495 2889 1606 2918 autem
