1838 3230
0 0 41 174 Ξ

710 146 1008 193 EPISTOLA.
1491 155 1589 204 739

103 259 108 263 ’
125 261 166 301 in
185 260 221 301 A
239 267 398 314 exeunt,
427 276 448 302 a
467 262 630 303 Graecis
649 263 903 302 inflectantur
918 263 960 302 in
976 266 1050 313 Λς,
1080 261 1250 317 Γάλβας,
1280 260 1450 316 Σύλλας,
1483 269 1588 307 Νου-

124 320 219 372 μᾶς,
248 318 435 370 Σενέκας,
463 321 686 374 Αγρίππας.
731 319 851 367 Quod
871 320 904 358 si
927 320 1024 359 adeo
1042 320 1123 374 jam
1141 321 1390 373 exploratum
1415 328 1486 368 est,
1517 337 1590 362 no-

121 375 358 414 minativum
401 377 596 415 Graecum
637 389 719 414 esse
745 376 956 425 Μαλέλας·
1007 378 1130 417 nolim
1159 391 1231 428 ego
1263 378 1403 417 Latine
1428 387 1586 419 vertens

121 437 364 484 postremam
392 433 545 471 literam
566 432 738 484 abjicere
764 439 923 483 praeter
939 447 1088 473 morem
1113 440 1151 473 et
1175 435 1497 474 consuetudinem
1517 451 1584 474 eo-

121 501 211 527 rum
231 494 474 540 temporum,
504 487 650 540 quibus
668 489 836 527 maxime
860 490 988 539 viguit
1005 490 1131 529 honos
1152 497 1189 529 et
1207 491 1330 539 gratia
1350 492 1476 530 Latini
1497 494 1586 531 Ser-

119 545 261 586 monis.
321 545 564 584 vetustiores
581 546 758 596 quidem,
789 552 831 584 ut
851 553 968 584 autor
987 553 1045 585 est
1062 547 1330 595 Quintilianus
1346 548 1416 586 lib.
1436 562 1465 588 1.
1487 563 1522 588 c.
1541 563 1582 589 v.

119 599 213 639 Non
231 601 271 640 in
289 599 347 640 A.
367 610 402 639 et
422 599 466 642 S.
482 599 616 640 literas
644 603 752 640 exire
773 612 908 641 temere
927 598 1324 643 masculina'Graeca
1344 606 1501 644 nomina
1519 622 1584 643 re·-

118 665 184 695 cro
209 671 304 696 casu
329 655 590 709 patiebantur.
650 656 820 712 Ideoque
845 668 880 696 el
914 657 1023 710 apud
1043 657 1224 698 ‘Caelium
1258 658 1439 713 legimus,
1478 662 1581 700 Pelia

119 713 396 763 Cincinnatus;
426 723 462 752 et
491 711 600 767 apud
620 713 881 764 Messallam,
910 715 1111 754 Benefecit
1132 715 1297 763 Euthia3
1336 726 1371 754 et
1391 716 1499 768 apud
1519 717 1580 757 Gi.

118 783 314 816 ceronem,
343 769 613 821 Hermagora:
633 785 678 808 ne
696 771 891 820 miremur,
922 770 1030 824 quod
1048 770 1099 809 ab
1123 773 1370 825 antiquorum
1389 771 1581 828 plerisque

115 825 246 865 Aenea
268 835 304 864 et
324 825 496 865 Anchisa
522 827 572 865 sit
594 824 734 866 dictus.
792 827 1016 866 Priscianus
1035 827 1102 866 lib.
1124 840 1163 867 v.
1194 827 1322 880 Apud
1349 827 1519 868 Graecos
1539 833 1579 869 in

115 886 176 931 Ας
196 880 432 929 desinentia,
464 881 571 935 apud
592 898 662 921 nos
684 883 725 921 in
743 881 778 920 A
797 885 1070 933 terminantur-3
1099 893 1140 922 ut
1163 882 1382 934 Μαρσύας,
1413 888 1583 936 Σωσίας,

113 939 305 991 Βυρῤίας,
335 938 519 991 Χαιρέας,
552 939 732 991 Τουρίας,
761 936 994 992 Βαγράδαςς
1023 940 1203 991 ΖΙΙανεγα,
1233 940 1364 990 Sosia,
1394 941 1577 995 Byrrhia‚

115 993 303 1043 Chaerea,
339 997 480 1043 Turia,
510 993 717 1047 Bagrada.
777 996 888 1034 Libri
922 1003 1051 1034 autem
1073 1010 1126 1034 vl.
1149 1011 1188 1048 p.
1212 1000 1292 1039 681
1315 1004 1354 1035 et
1375 1002 1469 1040 701.
1494 998 1578 1050 ple-

111 1066 271 1104 rumque
289 1051 342 1090 ait
362 1058 400 1090 et
417 1050 648 1107 frequenter
675 1051 752 1090 hoc
773 1051 859 1090 fieri
890 1053 1029 1091 solere.
1088 1053 1139 1091 Et
1168 1052 1230 1090 his
1247 1054 1425 1092 fortassis
1444 1061 1577 1092 aucto-

108 1107 221 1146 ribus
241 1107 343 1146 tueri
361 1121 401 1146 se
422 1121 537 1159 posse
558 1108 811 1157 arbitrentur,
842 1109 908 1159 qui
928 1123 948 1147 e
968 1110 1163 1147 contraria
1183 1116 1294 1160 parte
1311 1110 1464 1150 dicunt.
1502 1111 1575 1150 Mi.

107 1161 151 1202 hi
171 1177 269 1202 vero
290 1164 403 1215 longe
420 1164 581 1203 videtur
597 1178 729 1203 secus:
758 1165 827 1204 sed
854 1171 1014 1217 oportet
1035 1164 1144 1204 haud
1161 1166 1294 1218 jejune
1313 1166 1361 1204 de
1382 1165 1457 1204 hac
1480 1181 1575 1206 can-

109 1235 166 1270 sa,
197 1226 236 1258 et
252 1227 439 1272 tanquam
456 1221 498 1258 in
516 1221 696 1265 transitu,
728 1222 796 1259 sed
818 1222 932 1273 plene
957 1223 1193 1273 copioseque
1215 1222 1432 1274 disputare.
1462 1224 1573 1262 Prin-

109 1276 216 1329 cipio
235 1277 341 1315 nulla
364 1278 636 1316 controversia
657 1283 735 1326 est,
766 1278 862 1328 quin
887 1278 1068 1324 indigena
1089 1279 1317 1316 Latinorum
1337 1293 1464 1318 sermo
1485 1282 1573 1319 nul-

107 1334 190 1372 lum
210 1331 394 1372 habuerit
411 1334 694 1372 nominativum
715 1333 756 1371 in
776 1334 841 1372 As
860 1347 948 1372 cum
963 1334 1148 1373 Genitivo
1170 1333 1431 1389 ἰσοσυλλοὲβῳ.
1464 1338 1572 1384 Qua-

104 1395 277 1443 propter
297 1390 536 1441 antiquitus,
567 1390 649 1429 sive
674 1390 848 1428 Graecus
875 1391 1070 1442 quispiam
1100 1391 1142 1428 in
1161 1392 1297 1430 Latina
1328 1393 1487 1430 civitate
1510 1394 1571 1431 vi-

103 1452 228 1495 veret,
258 1447 340 1485 sive
362 1447 511 1485 Graeca
530 1448 676 1498 scripta
695 1446 732 1484 in
753 1446 933 1485 Latinum
961 1454 1298 1496 converterentur,
1329 1449 1571 1499 ejuscemodi

103 1503 261 1542 nomina
281 1516 355 1555 per
375 1503 406 1541 A
429 1503 663 1555 plerumque
686 1502 859 1542 scribere
881 1510 919 1541 et
936 1504 1200 1554 pronunciare
1220 1505 1380 1556 placuit.
1440 1505 1569 1557 Atque
1594 1507 1626 1541 Ο
1651 1509 1696 1545 79

102 1558 183 1598 hoc
211 1559 370 1611 quidem
394 1573 444 1598 ex
462 1560 617 1610 ingenio
643 1566 682 1597 et
710 1559 991 1598 consuetudine
1018 1560 1174 1610 linguae
1200 1561 1434 1599 vernaculae
1455 1562 1501 1599 ab
1520 1563 1567 1601 iis

101 1621 162 1654 est
189 1615 423 1654 factitatum.
481 1616 628 1654 Comici
655 1616 778 1665 igitur
807 1618 848 1652 in
873 1616 1034 1654 Graecis
1062 1617 1370 1668 interpretandis
1397 1632 1481 1657 eam
1500 1632 1567 1657 ra-

100 1672 246 1710 tionem
274 1678 509 1721 tenuerunt3
557 1671 747 1716 Chaerea,
790 1670 928 1720 Sosia,
968 1671 1158 1723 Byr-rma,
1202 1672 1384 1722 Phania,
1419 1672 1564 1724 Clinia,

99 1727 265 1779 Demea,
299 1727 512 1777 Phaedria,
541 1728 798 1780 proferentes,
855 1728 1048 1767 Nimirum
1078 1730 1238 1767 auribus
1268 1730 1378 1780 vulgi
1396 1730 1470 1768 ista
1490 1730 1563 1769 (la-

98 1784 255 1826 bantur.
314 1785 395 1823 Nec
422 1791 549 1823 tamen
581 1784 742 1822 deerant
773 1783 888 1822 etiam
917 1786 1076 1837 antiqua
1107 1785 1172 1824 illa
1194 1786 1404 1834 memoria,
1435 1785 1561 1840 (pace

100 1840 334 1889 Quintiliani
369 1838 562 1894 dixerim)
594 1841 660 1892 qui
690 1840 741 1878 ad
781 1841 1019 1879 Graecorum
1056 1843 1279 1894 exemplum
1311 1843 1560 1882 instituerent

96 1897 228 1948 loqui:
267 1903 454 1948 quantum
481 1912 528 1936 ex
548 1911 684 1936 eorum
715 1896 891 1947 reliquiis
927 1899 1153 1949 conjectura
1181 1900 1369 1950 consequi
1386 1913 1560 1951 possum.

96 1954 215 2006 Apud
246 1955 416 1992 Gellium
439 1954 503 1992 lib.
526 1957 563 1996 3.
592 1967 623 1992 c.
646 1957 684 1995 7.
711 1953 829 1992 verba
860 1961 952 1993 sunt
974 1954 1129 1994 Catonis
1162 1955 1360 2004 Censoris,
1393 1956 1482 2004 qui,
1514 1970 1559 1994 ea

95 2016 327 2062 tempestate
346 2011 387 2048 in
410 2012 504 2062 Rep.
527 2010 688 2058 floruit,
725 2023 801 2061 qua
825 2011 984 2050 Plautus
1004 2012 1043 2050 in
1068 2025 1203 2050 scena:
1244 2010 1447 2050 Leonidas
1464 2011 1560 2050 La-

97 2065 366 2106 cedaemonius
393 2065 603 2105 laudatur:
643 2067 782 2105 Plauto
809 2072 937 2107 tamen
967 2068 1008 2107 in
1038 2068 1213 2107 Asinaria
1242 2082 1379 2106 servus
1410 2068 1557 2106 dicitur

94 2121 288 2162 Leonida.
338 2123 528 2162 Claudius
549 2123 833 2174 Quadrigarius
854 2126 961 2176 apud
982 2125 1150 2163 Gellium
1172 2125 1197 2163 l.
1218 2128 1255 2167 3.
1275 2139 1312 2167 c.
1332 2128 1371 2167 8.
1390 2123 1466 2164 Ad
1485 2139 1555 2163 nos

93 2179 196 2217 venit
214 2178 353 2219 Nicias
360 2178 590 2236 familiaris
608 2189 707 2221 tuus.
765 2181 938 2220 Lucilius
960 2182 1069 2235 apud
1089 2182 1308 2220 Donatum:

308 2262 419 2303 Ante
432 2262 550 2318 fores
582 2274 706 2302 autem
736 2273 771 2302 et
799 2263 948 2305 triclini
973 2264 1111 2305 limina.
1141 2263 1303 2319 quidam

313 2319 482 2360 Perditu'
520 2321 667 2359 Tiresia
697 2322 794 2360 tussi
815 2320 1056 2375 grandaevu'
1083 2321 1269 2375 gemebat.

92 2402 168 2441 Ubi
191 2403 402 2455 legendum
427 2411 485 2443 est
518 2406 706 2445 Tiresias:
743 2406 818 2445 nisi
841 2409 875 2446 si
895 2406 1086 2457 syllabam
1109 2412 1249 2443 natura
1267 2404 1426 2443 brevem
1450 2418 1549 2455 pro-

90 2466 180 2511 pter
207 2474 406 2500 caesuram
438 2462 610 2513 produci
635 2462 846 2503 existimas.
903 2462 1128 2501 Priscianus
1156 2461 1223 2501 lib.
1245 2475 1302 2499 VI.
1335 2459 1420 2500 Hic
1454 2459 1548 2499 Cal-

91 2514 185 2554 chas
205 2513 443 2567 Calchantis,
470 2519 647 2572 quamvis
665 2517 730 2558 hic
751 2517 918 2558 Calchas
937 2518 1048 2569 hujus
1073 2515 1253 2567 Calchoe,
1286 2517 1550 2570 antiquissimi

90 2569 351 2611 declinabant.
406 2575 481 2613 Sed
502 2574 544 2612 in
564 2574 623 2612 his
643 2575 739 2613 locis
757 2576 920 2614 fortasse
935 2575 1032 2613 fides
1051 2574 1343 2625 Exemplarium
1364 2578 1546 2624 suspecta

90 2641 171 2665 esse
187 2628 330 2679 possit:
360 2630 400 2668 in
418 2631 488 2669 illo
518 2631 633 2669 Plinii
654 2631 725 2672 lib.
743 2645 869 2671 xxxv.
890 2646 974 2684 cap.
998 2644 1038 2668 x.
1060 2631 1193 2668 nullus
1220 2630 1337 2668 datur
1354 2628 1547 2681 suspicio·

63 2678 69 2683 ’
87 2684 128 2721 ni
146 2684 271 2722 locus.
320 2685 438 2724 Decet
458 2702 536 2730 non
555 2686 662 2726 sileri
678 2698 713 2726 et
729 2687 920 2727 Ardeatis
938 2685 1072 2739 templi
1090 2687 1290 2740 pictorem,
1317 2686 1543 2737 praesertim

87 2740 244 2833 vigilate
266 2739 454 2782 donatum
476 2743 533 2782 ibi
552 2753 587 2782 et
603 2745 797 2796 carmine,
829 2742 935 2798 quod
962 2752 1018 2782 est
1042 2744 1083 2782 in
1101 2744 1187 2796 ipsa
1201 2743 1358 2795 pictura
1381 2740 1442 2779 his
1464 2755 1543 2778 uer-

85 2810 120 2834 si
148 2810 214 2834 us:
1365 2816 1368 2819 ·
