1838 3230
238 184 340 235 352
644 182 930 228 IOANNIS
959 186 1298 230 MALALAE

240 301 360 346 ναντί
379 319 460 356 μου
486 301 598 345 θέλω
616 306 799 356 θεωρεῖν.
870 304 937 345 καὶ
957 302 1129 360 ἔκραξαν
1152 305 1193 347 ἓν
1214 303 1640 351 Κωνσταντινουπόλει
1661 308 1700 351 οἷ

240 371 284 414 ἐκ
312 374 387 413 τοῦ
417 371 632 426 Πρασι’νου
661 370 812 426 με’ρους
839 375 896 428 τῷ
919 370 1029 430 αὐτῷ
1049 377 1230 426 βασιλεῖ,
1273 374 1340 416 Τὰ
1362 374 1445 416 ἴδια
1464 381 1550 425 τοῖς
1570 377 1700 426 ῗδίοις.
1763 362 1766 364 v

241 441 308 483 καὶ
339 438 515 492 ἔπεμψεν
547 437 685 487 αὐτοῖς
714 439 904 491 μανδᾶτα
942 440 1009 482 διὰ
1038 445 1110 483 τοῦ
1143 441 1533 499 πρωτοκούρσορος,
1576 432 1701 500 λέγων

242 506 304 550 ὅτι
333 506 434 563 Ἐγὼ
466 504 521 555 ὥς
549 510 676 559 τιμῶν
696 504 802 559 ὑμᾶς
823 508 878 555 εἷς
897 507 948 549 τὰ
970 507 1161 565 ἀριστερὰ
1188 514 1260 552 τοῦ
1282 512 1564 565 καθίσματος,
1596 511 1701 554 ἔνθα

241 579 412 630 θεωρῶ,
443 574 671 628 μετέστησα
699 572 829 628 ὗμᾶςῗ
866 576 932 616 καὶ
966 575 1206 633 εὐφήμησαν
1230 576 1366 622 αὐτόν.
1438 581 1504 621 καὶ
1524 579 1734 624 gazaeve&

117 653 149 687 Ο
174 652 216 688 51
242 643 347 686 κατὰ
376 640 492 685 πόλιν
522 644 578 692 εἷς
601 641 653 684 τὰ
684 642 877 699 ἀριστερὰ
899 647 980 686 τῶν
1001 643 1207 701 ἀρχόντων
1228 650 1399 703 θεωρεῖν
1421 647 1518 697 τοὺς
1536 647 1704 706 Πρασί-

240 728 349 761 νους.

339 777 597 833 Ἐβασίλευσε
627 777 671 819 δὲ
697 778 882 821 παιδιόν·
919 776 984 821 ὅτε
1009 780 1053 822 δὲ
1074 779 1276 837 προέκοψε
1305 785 1355 839 τῇ
1379 779 1514 842 ἡλικίᾳ
1536 780 1558 826 ὅ
1579 781 1705 833 αὐτὸς

247 846 467 896 Θεοδόσιος
486 843 698 900 βασιλεύς,
729 847 988 902 ἀνεγίνωσκεν
1019 847 1098 891 ἔσω
1126 850 1180 898 εἷς
1199 849 1245 891 τὸ
1273 847 1471 893 παλάτιον
1491 851 1532 893 ἒν
1551 854 1602 908 τῇ
1623 852 1704 908 ζωῇ

243 921 317 959 τοῦ
338 916 464 958 αὐτοῦ
484 914 637 970 πατρὸς
648 915 877 971 Ἀρκαδιόυ.
948 917 1014 958 καὶ
1032 916 1136 970 μετὰ
1155 917 1226 971 τὴν
1247 918 1434 973 τελευτὴν
1456 922 1529 961 τοῦ
1547 918 1704 975 πατρὸς
1715 930 1759 964 10

246 984 373 1028 αὐτοῦ
410 984 744 1038 συνανεγίνωσκεν
778 983 889 1041 αὐτῷ
919 982 1042 1034 ἄλλος
1080 982 1272 1041 νεώτερος
1304 985 1577 1042 εὐφυέστατος
1612 984 1705 1030 ὀνό-

193 1062 223 1096 C
245 1070 344 1108 ματι
364 1055 585 1103 Παυλῖνος,
607 1051 696 1101 υἱὸς
717 1049 893 1106 κόμητος
920 1053 1179 1106 δομεστίκων.
1236 1053 1340 1107 μετὰ
1361 1055 1405 1096 δὲ
1425 1054 1499 1108 τὴν
1520 1054 1705 1109 τελευτὴν

247 1125 320 1164 τοῦ
342 1119 469 1162 αὐτοῦ
489 1119 645 1173 πατρὸς
673 1119 899 1176 ἀνδρωθεὶς
927 1119 1147 1173 Θεοδόσιος
1170 1118 1190 1163 ὃ
1208 1121 1400 1175 βασιλεῦς
1426 1119 1549 1177 ἐζήτει
1566 1126 1706 1177 λαβεῖν

245 1195 414 1246 γυναῖκα
446 1189 500 1236 εἷς
530 1186 687 1242 γάμον·
725 1189 791 1229 καὶ
823 1187 938 1243 ὤχλει
969 1193 1019 1245 τῇ
1050 1189 1175 1231 αὐτοῦ
1207 1189 1364 1247 ἀδελφῇ
1393 1191 1628 1249 Πουλχερίᾳ
1653 1193 1706 1247 τῇ

246 1257 452 1313 δεσποίνῃ,
479 1254 581 1311 οὔσῃ
602 1255 810 1313 παρθένῳ,
831 1255 920 1311 ἥτις
942 1254 996 1306 ὥς
1018 1261 1194 1313 φιλοῦσα
1216 1258 1287 1300 τὸν
1310 1258 1414 1301 ἴδιον
1435 1258 1564 1313 αὐτῆς
1585 1258 1704 1300 ἅδελ-
1718 1269 1761 1303 15

248 1326 328 1383 φὸν
362 1324 436 1378 οὐχ
469 1325 602 1365 εἵλατο
638 1325 881 1378 γαμηθῆναί
911 1338 1010 1366 τινι·
1060 1327 1126 1366 καὶ
1158 1325 1208 1380 δὴ
1245 1326 1587 1383 περιεργασαμένη
1617 1327 1707 1382 περὶ

247 1393 465 1449 παρθένων
486 1394 648 1434 πολλῶν
672 1393 873 1453 κορασίων
883 1424 896 1443 ,
927 1392 1167 1448 θυγατέρων
1188 1395 1406 1450 πατρικίων
1428 1392 1454 1448 ἢ
1474 1395 1515 1444 ἐξ
1535 1395 1708 1448 αἵματος

247 1464 487 1517 βασιλικοῦ,
533 1457 638 1501 εἶπεν
668 1464 725 1517 τῷ
754 1459 864 1517 αὐτῷ
898 1461 1105 1518 Θεοδοσίῳ
1142 1465 1306 1512 βασιλεῖ
1309 1494 1323 1514 ,
1369 1461 1532 1519 ἀδελφῷ
1564 1461 1704 1516 αὐτῆς,

129 1540 161 1575 V
184 1541 230 1575 20
254 1527 527 1584 συνδιάγουσα
547 1527 658 1585 αὐτῷ
678 1529 720 1570 ἓν
741 1532 799 1585 τῷ
821 1529 1017 1586 παλατίῳ.
1089 1529 1156 1570 καὶ
1184 1527 1287 1571 εἶπεν
1315 1527 1419 1586 αὖτῇ
1440 1526 1460 1571 ὅ
1484 1528 1607 1579 αὐτὸς
1624 1534 1707 1581 βα·-

251 1597 384 1647 σιλεῦς
404 1593 621 1645 Θεοδόσιος
643 1593 704 1638 ὅτι
726 1595 827 1650 Ἐγώ
845 1595 977 1648 θέλω,
1016 1598 1049 1638 εἲ
1066 1594 1184 1652 εῧρῃς
1199 1614 1269 1651 μοι
1286 1597 1481 1654 νεωτέραν
1501 1595 1707 1654 εὔμορφον
1717 1610 1764 1644 20

251 1664 381 1718 πάνυ,
415 1665 484 1706 ἵνα
513 1667 697 1706 τοιοῦτον
728 1662 875 1712 κάλλος
894 1663 950 1718 μὴ
976 1662 1044 1719 ἔχῃ
1064 1665 1162 1719 γυνὴ
1186 1662 1706 1718 εἷς’Κωνσταντινούπολιν,

253 1735 329 1778 εἴτε
349 1734 391 1784 ἐξ
417 1729 588 1786 αἵματός
618 1732 702 1774 ἐστι
727 1735 939 1786 βασιλικοῦ
975 1731 1051 1774 εἴτε
1079 1733 1120 1783 ἒξ
1147 1731 1319 1787 αἵματός
1339 1733 1424 1775 ἔστι
1443 1736 1709 1788 συγκλητικοῦ

347 1842 402 1877 16.
426 1838 495 1877 οὐκ
517 1841 585 1875 Ox.
689 1841 744 1877 18.
768 1836 890 1885 εἶπεν]
916 1836 1026 1875 εἰπών
1050 1840 1116 1874 Ox.
1163 1840 1257 1875 Male
1279 1840 1366 1875 haec
1389 1839 1559 1875 contraxit
1582 1839 1710 1875 Chron-

344 1888 534 1967 Kasgplkopl..
552 1886 632 1921 311.
656 1885 698 1921 A.
795 1886 852 1920 20.
876 1882 1004 1933 εὕρῃς]
1031 1882 1147 1931 εῧρεις
1169 1887 1259 1929 Ox.,
1284 1884 1352 1932 ἐγώ
1376 1884 1473 1922 θέλω
1498 1882 1618 1931 εὑρεῖν
1640 1896 1711 1920 ma-

258 2023 309 2059 sui
331 2034 388 2057 eos
411 2026 577 2067 spectare.
624 2023 714 2057 Tum
736 2034 819 2058 vero
843 2021 901 2068 qui
923 2022 1085 2058 Prasinae
1107 2021 1284 2057 Factionis
1306 2024 1406 2057 erant
1426 2019 1712 2066 Constantinopo-

255 2068 354 2104 litani
376 2068 578 2112 Imperatori
607 2068 852 2103 inclamabant:
894 2071 998 2103 Suum
1027 2071 1153 2113 cuique.
1211 2067 1425 2102 Theodosius
1447 2072 1576 2108 autem,
1613 2067 1710 2101 misso

257 2116 503 2151 Protocursore
527 2124 583 2147 eos
607 2114 751 2155 monuit3
779 2126 827 2156 se,
850 2114 884 2148 in
907 2115 1068 2149 honorem
1092 2124 1217 2155 eorum,
1242 2113 1284 2147 ad
1308 2112 1471 2146 sinistram
1494 2113 1596 2146 sellae
1617 2122 1710 2153 suae,

257 2159 346 2195 unde
368 2159 548 2204 spectabat
569 2158 663 2203 ipse,
698 2159 906 2194 transtulisse
929 2172 995 2194 eos.
1052 2159 1141 2194 'l'um
1163 2170 1245 2192 vero
1268 2158 1388 2192 faustis
1416 2157 1711 2192 acclamationibus

258 2217 334 2240 eum
358 2204 580 2238 celebrarunt.
629 2204 749 2238 Edixit
771 2205 872 2239 etiam
895 2205 1096 2251 Imperator,
1119 2203 1245 2248 ubique
1261 2214 1324 2248 per
1346 2202 1534 2248 imperium,
1556 2201 1607 2237 uti
1623 2202 1712 2237 Pra-

260 2251 324 2286 sini
348 2249 392 2283 ad
414 2249 580 2283 sinistram
602 2249 856 2284 Praefectorum
879 2251 1050 2293 sedentes,
1080 2249 1191 2285 Ludos
1213 2252 1417 2294 spectarent.

350 2295 540 2339 Imperator
561 2299 672 2328 autem
703 2294 919 2330 renunciatus
943 2300 1015 2337 est,
1051 2295 1127 2329 dum
1158 2305 1244 2339 puer
1267 2293 1444 2327 admodum
1467 2295 1559 2327 erat=
1597 2292 1713 2327 adole-

259 2339 406 2376 scentior
429 2344 542 2374 autem
564 2340 686 2380 factus,
709 2339 745 2373 in
769 2340 901 2374 Palatio
925 2341 1033 2375 literis
1054 2341 1198 2375 imbutus
1221 2343 1286 2380 est,
1309 2343 1409 2383 patre
1430 2337 1577 2372 Arcadio
1601 2338 1714 2372 adhuc

259 2387 409 2420 vivente.
455 2383 570 2419 Patris
602 2389 712 2418 autem
735 2390 812 2429 post
835 2386 984 2428 obitum,
1019 2386 1054 2419 in
1076 2386 1182 2420 literis
1215 2382 1442 2438 percipiendis
1465 2382 1573 2417 socius
1595 2383 1628 2417 ei
1650 2383 1714 2417 ad-

254 2432 392 2476 junctus
415 2433 466 2464 est
485 2430 616 2474 juvenis
639 2429 774 2474 quidam
798 2430 937 2473 nobilis,
974 2432 1106 2465 nomine
1128 2430 1307 2471 Paulmus,
1344 2428 1481 2462 Comitis
1505 2428 1715 2463 Domestico-

257 2488 332 2511 rum
355 2475 455 2510 filius.
502 2475 712 2510 Theodosius
736 2480 847 2509 autem
870 2476 1081 2521 Imperator,
1120 2487 1195 2511 cum
1215 2476 1285 2519 jam
1306 2473 1343 2507 in
1364 2474 1473 2507 virum
1497 2473 1712 2516 adolevisset,

259 2532 400 2557 uxorem
424 2521 550 2555 ducere
571 2520 607 2554 in
629 2520 736 2555 animo
760 2520 897 2554 habuit:
942 2526 1045 2565 atque
1069 2533 1109 2555 eo
1132 2520 1263 2555 nomine
1283 2519 1494 2553 Pulcheriam
1517 2520 1713 2563 Augustam,

262 2578 411 2601 sororem
434 2578 544 2608 suam,
569 2565 776 2611 saepiuscule
791 2565 1092 2611 interpellaverat3
1116 2577 1202 2611 quae
1225 2565 1324 2608 virgo
1347 2564 1428 2598 licet
1450 2567 1550 2605 esset,
1570 2565 1712 2598 fratrem

261 2623 357 2646 suum
381 2611 466 2646 adeo
499 2612 634 2645 charum
656 2611 719 2645 sibi
742 2610 878 2652 habuit,
914 2616 952 2644 ut
976 2622 996 2645 a
1018 2611 1143 2656 nuptiis
1164 2611 1240 2655 ipsa
1270 2609 1481 2643 abstinuerit.
1529 2609 1714 2643 Pulcheria

260 2657 382 2702 itaque
404 2656 610 2710 inquirendis
633 2667 850 2702 quaecunque
873 2667 916 2690 ex
938 2656 1067 2700 Regio,
1090 2656 1145 2690 vel
1167 2655 1317 2690 Patricio
1340 2654 1500 2700 sanguine
1522 2659 1713 2700 prognatae

264 2705 394 2743 essent,
431 2702 616 2746 Virginibus
638 2701 785 2736 sedulam
811 2712 938 2735 navans
960 2713 1117 2746 operam,
1150 2701 1194 2735 ad
1217 2700 1442 2734 Theodosium
1473 2700 1712 2744 Imperatorem

263 2748 407 2781 fratrem
431 2759 538 2788 suum,
562 2747 622 2791 qui
645 2759 718 2781 cum
740 2747 775 2781 in
796 2746 929 2781 Palatio
952 2746 1111 2788 convixit,
1134 2746 1178 2780 de
1200 2745 1264 2779 illis
1285 2746 1468 2780 referebat.
1506 2744 1573 2778 Cui
1595 2745 1714 2779 Theo-

265 2791 399 2833 dosius,
440 2793 530 2835 „Tu
554 2793 671 2834 modo,
712 2792 842 2837 inquit,
879 2791 908 2825 si
929 2792 1110 2826 conciliare
1131 2791 1212 2826 mihi
1235 2791 1338 2835 possis
1360 2799 1511 2825 teneram
1533 2788 1712 2834 virginem,

267 2837 442 2883 formaque
474 2838 598 2880 talem,
639 2838 771 2883 qualem
803 2837 1112 2884 Constantinopolis
1142 2841 1322 2883 praeterea
1351 2836 1473 2871 nullam
1504 2835 1626 2870 datura
1647 2838 1712 2875 est,
