1838 3230
447 152 1063 199 CHRONOGRAPHIA.
1120 151 1168 196 L.
1198 151 1251 195 X.
1481 158 1581 206 233

108 271 414 333 ,προσεκόλλησε
441 278 499 333 τῷ
530 274 643 334 αὐτῷ
669 275 786 330 τείχει
810 273 859 316 τὸ
879 273 968 317 νέον
995 277 1053 332 τῷ
1072 276 1232 331 παλαιῷ
1256 272 1372 327 τείχει
1397 275 1471 327 τῆς
1500 270 1579 315 πό-
1600 278 1633 314 D

116 347 218 394 λεως
250 348 309 404 τῷ
347 341 428 387 ὖπό
468 343 666 388 Σελεύκου
708 341 931 401 γενομένῳ,
980 342 1222 391 ἀποκλείσας
1257 341 1326 384 διὰ
1364 345 1438 384 τοῦ
1474 339 1581 384 ἰδίου

119 411 248 456 αῧτοῦ
271 413 428 468 τείχους
444 414 511 455 καὶ
528 413 602 468 τὴν
625 410 845 468 ἀκρόπολιν
866 413 933 454 καὶ
952 411 1027 466 τὴν
1050 408 1248 454 ’Ῑιόπολιν.
1320 411 1388 453 καὶ
1409 409 1582 466 ἀνέστη-

118 497 164 526 σε
181 484 242 541 τῷ
262 481 374 540 αὗτῷ
397 482 574 539 Τιβερίῳ
598 482 781 536 Καίσαρι
801 478 827 535 ἢ
857 480 988 535 βουλὴ
1024 481 1091 522 καὶ
1125 477 1146 523 ὃ
1166 481 1296 535 δῆμος
1316 483 1399 522 τῶν
1425 479 1584 522 Ἀντιο-

85 549 222 606 5χέων
254 547 408 606 στήλην
442 553 599 605 χαλκῆν
630 547 820 606 ὗπεράνω
853 546 1030 604 μεγάλου
1069 550 1202 598 κίονος
1235 549 1422 604 Θηβαίου
1459 549 1501 590 ἓν
1530 551 1582 606 τῇ

55 665 60 670 ,
116 620 288 679 πλατείᾳ
320 619 426 662 κατὰ
457 618 505 662 τὸ
534 618 660 673 μέσον
688 622 771 661 τῶν
801 616 987 672 ἐμβόλων
1022 621 1105 660 τῶν
1134 615 1200 659 ὑπ’
1237 617 1365 660 αὐτοῦ
1394 617 1584 660 κτισθέν-

116 703 214 732 των.
273 686 385 738 ὅστις
401 684 530 737 τόπος.
544 688 731 743 κέκληται
751 685 772 730 ὃ
797 686 984 743 ὀμφαλὸς
1002 691 1076 742 τῆς
1097 683 1263 739 πόλεως,
1301 685 1403 742 ἔχων
1421 687 1488 728 καὶ
1509 683 1583 729 τύ-

116 772 197 799 πον
217 756 528 812 ἐγγεγλυμμένον
548 757 590 799 ἐν
608 757 717 815 λίθῳ
736 755 976 813 ὀφθαλμοῦ.
1047 754 1138 811 ἣτις
1163 754 1293 811 στήλη
1318 756 1486 798 ἵσταται
1510 755 1585 805 ἕως

115 829 191 881 τῆς
210 829 296 869 νῦν.

62 906 108 942 10
215 891 264 937 Ὁ
282 893 328 936 δὲ
345 892 469 944 αὐτὸς
487 894 676 949 Τιβέριος
694 895 861 949 Καῖσαρ
889 892 1042 947 μαθὼν
1077 890 1140 936 ὅτι
1166 889 1186 935 ὃ
1207 891 1403 942 Σέλευκος
1421 889 1442 934 ὃ
1460 895 1585 945 βασι-

117 961 209 1013 λεῦς
241 964 445 1020 φοβηθεὶς
471 962 547 1012 τὰς
576 960 710 1019 ῥύσεις
741 966 822 1005 τῶν
851 959 1016 1004 ὖὸάτων
1051 958 1274 1004 κατιόντων
1304 961 1348 1003 ἐκ
1368 964 1442 1003 τοῦ
1463 959 1587 1017 ὅρους

113 1035 314 1087 χειμῶνος
353 1029 751 1086 καὶ-λιμναζόντων,
799 1029 1023 1088 ἀποφυγὼν
1054 1030 1102 1073 τὸ
1137 1029 1232 1087 ι’)’ρος
1267 1030 1309 1072 ἒν
1344 1033 1396 1087 τῇ
1426 1027 1587 1072 πεδιάδι

1607 697 1732 733 0301

153 1100 166 1118 ἱ
267 1099 278 1115 Ι
374 1099 398 1115 ν
613 1102 623 1117 x
659 1099 682 1115 'l
837 1103 856 1113 u
925 1097 938 1112 t
996 1103 1016 1113 u
1104 1097 1115 1114 Ι
1287 1097 1297 1113 Ι

117 1117 193 1156 την
226 1104 341 1142 πολιν
372 1116 520 1154 εκτισε,
557 1118 625 1143 και
657 1104 781 1155 εθηκε
805 1117 857 1156 τῃ
888 1116 1015 1142 αυτου
1039 1103 1168 1156 στηλῃ
1197 1103 1385 1153 κιβωτιον
1405 1099 1578 1151 λίθινον,
1605 1113 1637 1148 Ε

118 1170 162 1212 ἓν
181 1162 214 1228 ᾧ
234 1170 395 1224 ἐποίησε
418 1169 590 1223 τέλεσμα
612 1168 660 1211 δι’
683 1167 994 1223 Ἀβλάκκωνος,
1033 1171 1222 1211 τελεστοῧ
1243 1170 1309 1210 καὶ
1329 1167 1477 1223 ἱερέως,
1517 1167 1586 1210 διὰ

64 1246 109 1283 15
120 1238 195 1289 τὰς
224 1235 358 1295 ῥύσεις
383 1242 455 1280 τοῦ
483 1238 722 1295 Παρμενιόυ
746 1235 970 1295 χειμάῤῥου
1005 1241 1194 1292 ποταμοῦ
1230 1238 1297 1279 καὶ
1327 1240 1410 1279 τῶν
1439 1253 1586 1293 κατερ-

112 1307 299 1364 χομένων
319 1304 482 1364 ῥυάκων
515 1308 558 1349 ἐκ
589 1310 661 1349 τοῦ
692 1305 815 1362 ὅρους
848 1306 950 1363 πρὸς
983 1305 1029 1348 τὸ
1052 1306 1110 1361 μὴ
1131 1304 1392 1360 βλάπτεσθαι
1412 1305 1459 1348 τὸ
1485 1305 1586 1349 αὐτὸ

115 1376 242 1431 μέρος
268 1379 343 1430 τῆς
370 1373 524 1425 πόλεως
557 1375 582 1431 ἢ
613 1379 868 1433 πορθεῖσθαι
888 1375 985 1424 τοὺς
1004 1373 1070 1417 ὑπ’
1097 1375 1224 1418 αὐτοῦ
1247 1374 1489 1424 κτισθέντας
1510 1373 1585 1418 δύο

117 1443 319 1500 ἐμβόλους
335 1441 535 1500 μεγάλους
548 1458 558 1468 ·
595 1443 693 1501 ὅπερ
712 1441 901 1498 κιβώτιον
930 1445 1090 1487 λίθινον
1110 1444 1292 1500 λέγουσιν
1312 1442 1410 1486 εἶναι
1431 1444 1470 1486 οἳ
1491 1443 1587 1487 Ἀν-

116 1519 264 1569 τιοχεῖς
293 1516 456 1556 πολῖται
488 1513 542 1556 τὰ
573 1512 736 1556 ὠνεωκὰ
761 1517 834 1567 τῆς
859 1511 1014 1562 πόλεως
1043 1513 1199 1566 αὐτῶν,
1239 1511 1341 1555 διότι
1367 1509 1585 1568 ἐξηγόρακε

62 1581 166 1626 ωτὸ
197 1582 323 1640 μέρος
353 1582 453 1625 αὐτὸ
486 1586 558 1637 τῆς
585 1580 742 1631 πόλεως
776 1581 844 1624 διὰ
870 1586 944 1637 τῆς
979 1582 1204 1638 ἀσφαλείας
1234 1586 1308 1624 τοῦ
1346 1581 1584 1631 κτισθέντος

118 1651 214 1708 παρ’
258 1651 385 1694 αὐτοῦ
427 1651 583 1705 τείχους
630 1652 674 1693 ἐκ
713 1655 786 1704 τῆς
824 1655 906 1693 τῶν
950 1649 1176 1707 βαρβάρων
1217 1654 1469 1707 Σαρακηνῶν
1520 1652 1588 1692 καὶ

117 1723 296 1778 Περσῶν
316 1719 538 1776 ἐπιδρομῆς
558 1720 625 1761 καὶ
645 1717 846 1768 ἁλώσεως.
897 1718 1036 1777 ᾠκεῖτο
1055 1720 1133 1778 γὰρ
1159 1721 1252 1775 δίχα
1270 1720 1426 1773 τείχους
1446 1716 1588 1778 πρῴην

213 1853 247 1906 1:
280 1848 467 1908 tq'i'onitqzi'
494 1850 626 1897 τείχει]
657 1849 700 1887 τὸ
733 1848 826 1888 αὐτὸ
848 1854 966 1897 τεῖχος
987 1851 1052 1886 Ch.
1186 1851 1248 1886 19.
1282 1846 1454 1897 ὦνεωκοὶ]
1485 1851 1587 1887 Immo

211 1909 371 1934 ωνεακοι.

119 2011 330 2060 splendidam
361 2012 457 2047 fecit.
513 2012 658 2059 Insuper
689 2012 789 2048 etiam
812 2012 985 2049 moenibus
1015 2013 1110 2049 urbis
1142 2013 1219 2049 olim
1252 2025 1273 2048 a
1296 2013 1439 2048 Seleuco
1469 2013 1586 2056 factis,

120 2070 212 2094 nova
234 2059 383 2103 adjecit,
417 2059 508 2093 intra
531 2071 641 2104 quae,
678 2071 746 2094 non
769 2060 872 2094 solum
895 2060 1051 2095 Porticus
1085 2060 1158 2095 illas
1182 2061 1264 2095 duas
1288 2059 1430 2102 clausit,
1467 2060 1527 2094 sed
1549 2065 1586 2095 et

119 2109 266 2140 montem
287 2105 389 2139 etiam
411 2106 538 2150 ipsum,
562 2105 752 2150 Acropolim
776 2117 911 2150 quoque
934 2111 969 2140 et
991 2106 1149 2152 Jopolim.
1197 2107 1342 2141 Senatus
1364 2106 1494 2150 itaque,
1522 2117 1586 2152 po-

119 2150 287 2232 pulusque
309 2151 558 2192 antiochenus,
589 2151 734 2186 Tiberio
760 2152 898 2186 Caesari
920 2157 1065 2187 statuam
1088 2165 1220 2188 aeream
1243 2152 1375 2197 posuit,
1400 2163 1504 2196 supra
1527 2164 1586 2186 co-

136 2208 267 2231 umnam
290 2208 445 2242 magnam
470 2198 693 2239 Thebanam,
728 2197 763 2231 in
787 2198 920 2242 platea,
954 2199 1046 2232 inter
1068 2200 1217 2244 porticus
1239 2199 1314 2232 illas
1337 2199 1420 2232 duas
1444 2199 1487 2232 ab
1511 2197 1585 2243 ipso

121 2246 295 2278 extructas
312 2243 475 2278 mediam:
512 2244 570 2288 qui
590 2244 724 2287 quidem
744 2245 836 2278 locus
860 2244 1046 2279 Umbilicus
1068 2245 1161 2280 urbis
1179 2250 1339 2279 vocatur:
1364 2244 1423 2277 ubi
1447 2249 1482 2277 et
1502 2255 1587 2277 ocu-

119 2287 147 2324 li
169 2288 339 2333 effigiem,
374 2289 483 2336 lapidi
503 2289 725 2336 insculptam,
759 2290 877 2325 videre
901 2296 960 2326 est.
1025 2291 1150 2326 Statua
1183 2295 1294 2326 autem
1317 2290 1378 2324 illa
1403 2289 1452 2324 ibi
1475 2289 1586 2323 adhuc

121 2334 253 2370 visitur.

213 2379 373 2415 Tiberius
398 2383 510 2416 autem
534 2381 680 2424 Caesar,
703 2381 762 2415 ubi
784 2381 1024 2425 intellexisset,
1048 2382 1229 2417 Seleucum
1250 2393 1386 2427 regem,
1410 2383 1588 2416 caventem

122 2423 188 2460 sibi
209 2436 232 2460 a
254 2426 461 2462 torrentibus
493 2439 677 2473 aquarum,
716 2439 805 2472 quae
839 2440 902 2474 per
925 2429 1111 2473 hybernum
1142 2431 1272 2473 tempus
1294 2440 1313 2462 e
1342 2431 1455 2461 monte
1480 2438 1587 2461 exun-

123 2471 243 2506 dantes
263 2473 528 2517 restagnabant,
552 2479 666 2508 monte
688 2474 822 2517 relicto,
846 2474 882 2508 in
904 2474 1050 2520 planicie
1073 2475 1190 2509 urbem
1215 2473 1423 2514 condidisse3
1448 2477 1483 2507 et
1501 2473 1588 2518 ipse,

123 2525 232 2560 opera
262 2528 339 2552 usus
371 2518 571 2554 Ablacconis
605 2519 797 2564 cujusdam,
837 2521 1022 2555 sacerdotis
1059 2525 1095 2555 et
1126 2525 1274 2564 mystae,
1311 2521 1410 2564 juxta
1441 2522 1590 2553 statuam

123 2571 234 2616 sum?
258 2564 428 2609 capsulam
447 2565 615 2610 lapideam
639 2565 837 2609 collocavit,
862 2566 1003 2611 mystice
1026 2571 1282 2612 praeparatam:
1307 2576 1425 2610 nempe
1442 2569 1482 2598 ut
1500 2565 1590 2599 Par-

122 2607 224 2641 menix
253 2609 414 2644 torrentis
438 2610 631 2653 eluviones,
675 2617 712 2646 et
734 2623 898 2657 aquarum
931 2624 951 2646 e
974 2612 1094 2647 Monte
1118 2615 1330 2653 cataractas,
1369 2612 1436 2644 hoc
1458 2610 1588 2646 fascino

122 2652 349 2698 propelleret,
388 2666 431 2690 ne
454 2668 534 2702 pars
563 2657 623 2691 illa
653 2657 746 2692 urbis
778 2658 988 2700 laederetur,
1030 2662 1090 2692 aut
1111 2657 1267 2691 Porticus
1299 2668 1321 2691 a
1344 2669 1380 2691 se
1410 2661 1589 2691 extructae

123 2704 372 2733 averterentur.
420 2701 601 2748 Capsulam
634 2715 719 2739 vero
743 2705 832 2738 hanc
864 2704 1033 2750 lapideam
1056 2702 1258 2738 Antiocheni
1282 2702 1401 2736 dicunt
1423 2715 1495 2737 esse
1518 2703 1590 2737 Re-

123 2745 352 2788 demptorium
375 2747 468 2781 urbis
491 2759 592 2782 suae:
630 2749 802 2792 nimirum,
839 2751 929 2795 quod
953 2751 1039 2784 haec
1062 2759 1211 2790 murum,
1237 2761 1257 2783 a
1281 2748 1425 2783 Tiberio
1449 2750 1589 2791 factum,

122 2789 419 2845 inexpugnabilem
451 2793 617 2836 reddens,
661 2807 734 2830 eam
757 2795 849 2830 urbis
873 2800 1004 2840 partem
1037 2793 1131 2840 quasi
1154 2794 1299 2829 redemit
1321 2796 1365 2829 ab
1387 2794 1589 2830 incursioni-

122 2836 185 2870 bus
220 2841 256 2870 et
289 2847 418 2883 rapuus
449 2837 681 2876 Barbarorum
710 2842 958 2877 Saracenorum
989 2845 1024 2876 et
1058 2841 1248 2876 Persarum.
1315 2841 1405 2876 Olim
1437 2841 1524 2877 enim
1546 2851 1590 2877 ea

1608 1595 1708 1633 V99
