1838 3230
262 159 363 207 296
654 148 943 196 IOANNIS
972 150 1317 194 MALALAE
1412 162 1419 178 ι

266 273 322 328 μὴ
345 268 551 328 ἀγοράζων
568 267 749 323 Ιἵππους,
787 268 890 312 ἀλλὰ
915 269 968 312 τὰ
989 273 1063 313 τοῦ
1095 270 1257 312 ἱππικοῦ
1279 267 1456 326 δημόσια
1476 270 1720 327 ἅποκερδαίῡ

268 359 373 394 νων,
408 340 592 395 ἀπῆλθεν
611 342 668 388 εἷς
695 338 769 393 τὴν
787 339 974 394 Περσίδα
993 339 1060 381 καὶ
1076 339 1332 394 ἐπηγγείλατο
1353 343 1410 396 τῷ
1428 343 1592 394 βασιλεῖ’
1609 341 1724 395 Περέ-

272 413 355 452 σῶν
375 407 544 464 Σάπωρι
564 408 768 464 προδίδειν
797 406 908 464 αὐτῷ
922 404 1163 461 Ἀντιόχειαν
1188 406 1260 461 τὴν
1280 405 1483 463 μεγάλην,
1519 406 1596 462 τὴν
1617 407 1724 449 ἲδίαν

274 477 399 520 αὐτοῦ
428 474 555 518 πόλιν.
627 476 692 517 καὶ
721 469 849 529 ἦλθεν
877 471 897 516 ὃ
932 474 1054 524 αὐτὸς
1071 472 1289 530 Σαπώρης,
1326 475 1516 529 βασιλεὺς
1532 478 1722 532 Περσῶν,

273 544 375 599 μετὰ
403 542 611 597 δυνάμεως
639 546 820 599 στρατοῦ
847 546 998 584 πολλοῦ
1033 543 1099 585 διὰ
1122 547 1193 585 τοῦ
1218 544 1376 597 λιμίτου
1392 545 1626 596 Χαλκίδος,
1646 543 1757 587 ’καὶὸ

130 613 162 646 0
185 612 252 649 391
278 610 588 668 παραλαμβάνει
609 611 681 665 τὴν
701 612 854 667 Συρίαν
876 615 1012 653 πᾶσαν
1040 612 1109 655 καὶ
1123 609 1326 665 πραιδεύει
1349 610 1491 667 αὐτήν.
1561 612 1627 654 καὶ
1645 627 1726 654 πα-

279 678 529 737 ραλαμβάνει
547 677 789 734 Ἀντιόχειαν
819 678 893 734 τὴν
924 676 1099 734 μεγάλην
1116 678 1230 721 πόλιν
1261 679 1302 722 ἒν
1331 678 1481 739 ἑσπέρᾳ
1518 681 1584 722 καὶ
1605 695 1728 736 πραι-

275 747 377 790 δείει
407 745 533 802 αὐτήν
543 780 556 799 ,
595 749 660 789 καὶ
687 747 848 803 στρέφει
878 748 945 789 καὶ
972 748 1072 789 καίει
1102 744 1228 802 αὐτήν
1239 780 1252 800 ,
1287 745 1612 803 χρηματιζούσης
1637 743 1728 790 τότε

271 820 345 871 τῆς
372 814 550 872 μεγάλης
570 815 811 869 Ἀντιοχείας
829 813 920 857 τιδ’.
990 813 1254 871 ἀπεκεφάλισε
1276 817 1320 858 δὲ
1342 818 1408 858 καὶ
1427 816 1497 858 τὸν
1518 811 1730 858 πολιτευό-

272 902 415 939 μενον,
454 881 508 933 ὥς
529 882 733 939 προδότην
755 883 854 926 ὄντα
873 883 1068 940 πατρίδος
1087 885 1204 933 ῗδίας.
1255 885 1456 940 παρέλαβε
1476 884 1520 926 δὲ
1539 885 1605 926 καὶ
1625 880 1727 926 πάν·
1741 893 1786 927 10

274 971 328 995 τα
347 952 398 994 τὰ
416 951 635 994 ἀνατολικὰ
655 953 773 1007 μέρη,
810 953 876 993 καὶ
904 952 1065 1007 στρέφει
1099 953 1165 993 καὶ
1199 953 1296 994 καίει
1332 954 1398 995 καὶ
1432 949 1635 1008 πραιδεῦει
1653 950 1730 993 αὖ·

275 1020 329 1063 τὰ
346 1022 411 1062 καὶ
437 1018 627 1076 ἐφόνευσε
645 1018 823 1072 πάντας,
862 1020 937 1069 ἕως
964 1018 1117 1069 πόλεως
1138 1019 1304 1075 ’,Εμίσης
1337 1024 1410 1075 τῆς
1437 1024 1510 1063 τοῦ
1537 1016 1731 1074 Λιβάνου

134 1102 165 1135 V
191 1101 256 1136 127
284 1090 487 1142 Φοινίκης.
559 1091 623 1130 καὶ
643 1088 818 1138 ἐξελθών
842 1085 862 1129 ὃ
896 1087 1019 1143 ἱερεὺς
1042 1092 1116 1142 τῆς
1138 1088 1381 1145 Ἀφροδίτης
1414 1086 1582 1142 ὀνόματι
1614 1091 1733 1141 Σαμ-

276 1157 504 1212 ψιγέραμος
523 1193 525 1196 .
533 1156 636 1210 μετὰ
663 1157 862 1210 βοηθείας
891 1156 1117 1212 ἀγροικικῆς
1143 1159 1208 1199 καὶ
1234 1154 1519 1212 σφενδοβόλων
1551 1152 1734 1210 ὖπήντη-

279 1241 347 1267 σεν
371 1224 495 1282 αὐτῷ.
566 1227 632 1266 καὶ
649 1224 933 1280 προσεσχηκώς
954 1223 974 1266 ὃ
995 1223 1212 1280 Σαπώρης,
1246 1224 1437 1278 βασιλεὺς
1454 1227 1644 1277 Περσῶν,
1676 1223 1731 1266 ἷε-
1744 1230 1787 1266 15

281 1291 445 1350 ρατικὸν
470 1296 631 1346 σχῆμα,
677 1290 912 1347 παρήγγειλε
941 1297 998 1350 τῷ
1041 1298 1203 1351 στρατῷ
1241 1297 1298 1350 τῷ
1330 1294 1418 1350 ἰδίῳ
1451 1292 1508 1347 μὴ
1547 1294 1734 1342 τοξεῦσαι
1783 1284 1785 1286 ,

280 1361 367 1403 κατ’
404 1359 539 1402 αὐτῶν
570 1358 671 1414 μήτε
700 1361 882 1402 ἐπελθεῖν
915 1360 1052 1409 αὐτοῖς
1084 1359 1185 1416 μήτε
1218 1364 1442 1415 πολεμῆσαι
1475 1360 1633 1411 αὐτοῖς,
1680 1361 1735 1408 εἷς

282 1429 497 1483 πρεσβείαν
527 1426 738 1482 δεχόμενος
764 1427 835 1469 τὸν
864 1428 992 1483 ἱερέα·
1036 1419 1290 1484 προεδήλωσε
1319 1429 1396 1484 γὰρ
1424 1428 1534 1486 αὐτῷ
1562 1425 1582 1470 ὅ
1609 1427 1735 1482 ἱερεὺς

142 1507 174 1540 O
200 1507 267 1542 392
292 1497 492 1546 δέξασθαι
523 1495 646 1537 αὐτὸν
677 1493 951 1551 πρεσβεύοντα
980 1494 1080 1552 ’ὑπὲρ
1110 1501 1182 1551 τῆς
1214 1498 1318 1546 ἰδίας
1333 1494 1484 1552 χώρας.
1555 1495 1597 1538 ἐν
1614 1499 1671 1553 τῷ
1691 1494 1736 1536 δὲ

285 1565 544 1619 διαλέγεσθαι
566 1563 689 1605 αὐτὸν
711 1568 767 1621 τῷ
790 1564 894 1619 ἱερεῖ,
932 1565 973 1606 ἐν
992 1562 1139 1622 ὑψηλῷ
1161 1569 1289 1622 βωμῷ
1307 1564 1542 1618 καθημένου
1561 1567 1634 1606 τοῦ
1659 1562 1734 1604 αὗ-
1743 1571 1791 1604 20

285 1637 358 1675 τοῦ
377 1631 576 1686 βασιλέως
593 1629 789 1687 Σαπώρη,
826 1631 987 1688 ε’ῤῥιψεν
1007 1630 1060 1681 εἷς
1079 1637 1160 1675 τῶν
1179 1633 1375 1689 ἀγροίκων
1393 1629 1653 1688 σφενδοβόλῳ
1675 1633 1737 1672 λί-
1790 1667 1794 1671 .

285 1705 390 1752 θον,
429 1701 494 1742 καὶ
528 1698 649 1742 ἔδωκε
679 1704 738 1757 τῷ
769 1698 880 1757 αὐτῷ
902 1698 1083 1757 Σαπιόρῃ
1112 1705 1275 1754 βασιλεῖ
1300 1700 1405 1743 κατὰ
1435 1703 1507 1742 τοῦ
1528 1697 1733 1753 μετώπου,

287 1770 352 1810 καὶ
387 1767 539 1817 εὐθέως
566 1767 771 1811 ἀπέθανεν
798 1768 861 1809 ἐπὶ
892 1767 963 1811 τὸν
996 1766 1132 1811 τόπον.
1203 1771 1270 1812 καὶ
1297 1773 1478 1826 ταραχῆς
1510 1767 1734 1823 γενομένης,

374 1889 407 1924 5.
429 1890 574 1932 λιμιτοῦ
598 1889 664 1923 Ox.
732 1890 764 1924 9.
788 1886 857 1923 ηδ’
882 1888 958 1932 ch„
982 1887 1048 1925 δτί
1074 1889 1140 1924 Ox.
1181 1889 1327 1924 Poterat
1351 1888 1452 1923 etiam
1475 1885 1553 1924 ὅντ’.
1624 1887 1679 1924 17.
1701 1885 1737 1923 ἐ-

375 1936 523 1970 πελθεῖν
546 1935 624 1976 Ch„
645 1931 820 1971 ἀπελθεῖν
844 1935 911 1969 Ox.

288 2045 388 2079 quam
411 2046 515 2078 equos
538 2036 679 2078 coemit;
720 2049 851 2071 nummo
875 2038 1037 2080 Publico,
1073 2038 1116 2073 ad
1140 2037 1314 2072 Circensia
1335 2035 1520 2078 destinato,
1554 2034 1590 2069 in
1611 2034 1739 2070 loculos

288 2092 364 2114 suos
395 2081 545 2114 collecto.
604 2083 672 2116 Hic
702 2082 818 2128 itaque
851 2083 1023 2118 Persidem
1046 2084 1151 2124 abiit3
1190 2084 1249 2118 ubi
1271 2082 1415 2127 Sapori,
1451 2082 1627 2116 Persarum
1650 2081 1737 2126 regi,

287 2126 377 2159 uitro
412 2137 448 2159 se
471 2126 595 2159 obtulit
617 2129 707 2161 urbis
738 2141 816 2163 suae
843 2129 1041 2163 Antiochiae
1076 2140 1218 2174 magnae
1240 2128 1455 2174 proditorem.
1502 2126 1648 2171 Sapores
1669 2127 1738 2162 ita-

290 2182 358 2214 que
383 2170 561 2204 Persarum
584 2183 665 2214 rex,
691 2174 797 2218 copiis
819 2174 1010 2218 ingentibus
1034 2175 1230 2215 instructus,
1254 2184 1316 2219 per
1339 2171 1508 2206 Chalcidis
1531 2172 1653 2206 limites
1675 2172 1739 2206 du-

289 2217 338 2249 cit
360 2216 446 2257 iter;
482 2219 653 2261 totamque
677 2218 811 2262 Syriam
844 2227 1043 2265 occupatam
1078 2220 1238 2255 vastavit.
1283 2218 1442 2262 Magnam
1465 2229 1596 2262 quoque
1621 2217 1740 2251 Antio-

291 2261 411 2302 chiam,
433 2272 574 2306 vespere
596 2267 741 2306 captam,
765 2264 924 2308 diripuit3
962 2277 1080 2300 eversa
1103 2266 1203 2300 etiam
1226 2265 1309 2298 urbe
1332 2270 1367 2297 et
1390 2262 1528 2296 flammis
1552 2263 1739 2308 absumpta.

288 2307 404 2340 Annus
426 2313 507 2339 tunc
530 2313 604 2341 erat
626 2311 737 2341 Acrae
758 2309 986 2344 Antiochenae
1011 2322 1146 2345 cccxlv.
1194 2308 1380 2343 Mariadem
1402 2319 1484 2342 vero
1505 2308 1740 2352 Magistratum

291 2352 552 2394 Antiocheam,
592 2357 751 2396 tanquam
784 2356 917 2398 patriae
939 2369 1018 2390 suae
1051 2355 1280 2402 proditorem,
1319 2353 1430 2399 capite
1452 2353 1614 2387 multavit.
1674 2355 1741 2388 Per

291 2409 419 2431 omnem
453 2409 587 2442 quoque
610 2398 785 2432 Orientem
817 2405 1006 2443 grassatus,
1045 2402 1196 2446 adusque
1225 2399 1389 2440 Emisam,
1427 2411 1514 2444 quae
1536 2398 1741 2433 Phoeniciae

292 2442 487 2476 Libanisiae
512 2444 591 2477 urbs
614 2448 674 2484 est,
699 2444 816 2478 occisis
839 2445 966 2488 ubique
989 2447 1116 2488 incolis,
1149 2445 1257 2480 omnia
1281 2444 1384 2488 cepit,
1407 2444 1566 2485 vastavit,
1590 2445 1741 2479 combus-

294 2487 348 2521 sit.
395 2488 557 2531 Egressus
586 2494 696 2522 autem
728 2490 1015 2534 Sampsigeramus
1045 2492 1200 2536 quidam,
1238 2490 1378 2524 Veneris
1402 2490 1580 2531 sacerdos,
1615 2490 1741 2535 rustica

291 2533 503 2567 fundatorum
529 2545 623 2567 manu
646 2534 799 2579 stipatus,
825 2535 950 2579 Sapori
974 2537 1182 2580 procedebat
1204 2536 1346 2570 obviam.
1395 2535 1469 2569 Rex
1494 2539 1607 2569 autem
1629 2535 1740 2580 Sapo-

292 2589 363 2618 res‚
389 2579 567 2612 observato
592 2580 711 2613 habitu
733 2581 954 2621 sacerdotali,
978 2582 1159 2626 imperavit
1180 2581 1266 2622 suis,
1290 2580 1406 2625 nequis
1429 2581 1586 2623 sagittam
1608 2580 1741 2614 emitte-

293 2632 366 2664 ret,
391 2630 451 2656 aut
473 2625 508 2657 in
531 2625 662 2658 turbam
684 2625 775 2659 illam
798 2635 889 2658 arma
912 2638 971 2659 sua
994 2632 1163 2661 moveret=
1200 2626 1417 2660 Sacerdotem
1441 2626 1559 2667 etiam,
1591 2637 1653 2671 pro
1676 2637 1739 2670 pa·-

293 2668 361 2702 triu
385 2680 444 2703 sua
466 2682 502 2703 se
524 2669 671 2713 legatum
694 2670 855 2704 advenire
877 2671 1054 2713 dicentem,
1079 2672 1222 2716 accepit.
1269 2671 1405 2705 Interim
1424 2683 1505 2705 vero
1529 2671 1607 2705 dum
1629 2671 1742 2716 Sapo-

294 2725 347 2747 res
371 2725 450 2755 rex,
475 2715 574 2748 altari
598 2716 729 2750 excelso
750 2715 912 2757 insidens,
948 2728 1022 2750 cum
1044 2717 1221 2751 sacerdote
1244 2728 1408 2751 sermones
1431 2718 1593 2757 haberet,
1617 2727 1660 2750 ex
1681 2726 1740 2749 ru-

294 2759 386 2792 sticis
410 2759 564 2804 quidam,
588 2760 728 2795 vibrato'
745 2762 779 2795 in
802 2773 915 2806 regem
937 2761 1071 2808 lapide,
1095 2763 1210 2796 fronte
1233 2773 1306 2795 eum
1330 2762 1511 2808 percussit3
1548 2761 1606 2806 qui
1628 2759 1740 2795 statim

295 2812 442 2839 mortuus
473 2805 610 2843 cecidit.
665 2806 827 2843 Tumultu
847 2807 927 2842 inde
949 2813 1093 2851 exorto,
1135 2807 1301 2843 exercitus
1334 2807 1440 2854 Regis
1462 2808 1505 2843 ob
1528 2811 1665 2844 mortem
1685 2806 1740 2840 fa-
