<?xml version="1.0" encoding="UTF-8"?>
<!DOCTYPE html PUBLIC "-//W3C//DTD XHTML 1.0 Transitional//EN"
    "http://www.w3.org/TR/xhtml1/DTD/xhtml1-transitional.dtd">
<html xmlns="http://www.w3.org/1999/xhtml" xml:lang="en" lang="en">
 <head>
  <title>
</title>
<meta http-equiv="Content-Type" content="text/html;charset=utf-8" />
  <meta name='ocr-system' content='tesseract 3.04.00' />
  <meta name='ocr-capabilities' content='ocr_page ocr_carea ocr_par ocr_line ocrx_word'/>
</head>
<body>
  <div class='ocr_page' id='page_1' title='image "./corpusscriptorum28niebuoft_0234.png"; bbox 0 0 1838 3230; ppageno 0'>
   <div class='ocr_carea' id='block_1_1' title="bbox 257 112 1319 170">
    <p class='ocr_par' dir='ltr' id='par_1_1' title="bbox 257 112 1319 170">
     <span class='ocr_line' id='line_1_1' title="bbox 257 112 1319 170; baseline -0.011 0"><span class='ocrx_word' id='word_1_1' title='bbox 257 121 355 170; x_wconf 77' lang='lat'>152</span> <span class='ocrx_word' id='word_1_2' title='bbox 646 112 943 161; x_wconf 84' lang='lat' dir='ltr'><strong>IOANNIS</strong></span> <span class='ocrx_word' id='word_1_3' title='bbox 975 113 1319 159; x_wconf 79' lang='lat' dir='ltr'><strong>MALALAE</strong></span> 
     </span>
    </p>
   </div>
   <div class='ocr_carea' id='block_1_2' title="bbox 111 227 1753 768">
    <p class='ocr_par' dir='ltr' id='par_1_2' title="bbox 139 227 1753 562">
     <span class='ocr_line' id='line_1_2' title="bbox 255 227 1710 294; baseline -0.004 -14"><span class='ocrx_word' id='word_1_4' title='bbox 255 235 444 294; x_wconf 76' lang='grc' dir='ltr'><em>ἑωρακὼς</em></span> <span class='ocrx_word' id='word_1_5' title='bbox 459 235 534 291; x_wconf 81' lang='grc' dir='ltr'>τὴν</span> <span class='ocrx_word' id='word_1_6' title='bbox 551 232 723 290; x_wconf 76' lang='grc' dir='ltr'><em>δύναμιν</em></span> <span class='ocrx_word' id='word_1_7' title='bbox 741 237 822 276; x_wconf 85' lang='grc' dir='ltr'>τῶν</span> <span class='ocrx_word' id='word_1_8' title='bbox 840 229 1106 290; x_wconf 77' lang='grc' dir='ltr'><em>γραμμάτων,</em></span> <span class='ocrx_word' id='word_1_9' title='bbox 1137 232 1238 289; x_wconf 75' lang='grc' dir='ltr'><em>λέγει</em></span> <span class='ocrx_word' id='word_1_10' title='bbox 1256 230 1383 290; x_wconf 76' lang='grc' dir='ltr'><em>αὐτῷ,</em></span> <span class='ocrx_word' id='word_1_11' title='bbox 1411 227 1710 288; x_wconf 54' lang='lat' dir='ltr'>Manca-‘hiltu—</span> 
     </span>
     <span class='ocr_line' id='line_1_3' title="bbox 256 297 1711 361; baseline -0.005 -13"><span class='ocrx_word' id='word_1_12' title='bbox 256 322 329 348; x_wconf 89' lang='grc' dir='ltr'>σον</span> <span class='ocrx_word' id='word_1_13' title='bbox 348 304 407 348; x_wconf 69' lang='grc' dir='ltr'>ἐπ’</span> <span class='ocrx_word' id='word_1_14' title='bbox 428 305 539 358; x_wconf 77' lang='grc' dir='ltr'><em>ε’μοί,</em></span> <span class='ocrx_word' id='word_1_15' title='bbox 574 305 758 357; x_wconf 78' lang='grc' dir='ltr'><em>βασιλεῦ,</em></span> <span class='ocrx_word' id='word_1_16' title='bbox 793 300 935 356; x_wconf 82' lang='grc' dir='ltr'><em>καὶμὴ</em></span> <span class='ocrx_word' id='word_1_17' title='bbox 955 301 1164 359; x_wconf 73' lang='grc' dir='ltr'><strong><em>ὀργισθῇς,</em></strong></span> <span class='ocrx_word' id='word_1_18' title='bbox 1202 302 1269 343; x_wconf 86' lang='grc' dir='ltr'>καὶ</span> <span class='ocrx_word' id='word_1_19' title='bbox 1292 297 1525 355; x_wconf 68' lang='grc' dir='ltr'><em>ἑρμηνεύσω</em></span> <span class='ocrx_word' id='word_1_20' title='bbox 1548 314 1614 342; x_wconf 88' lang='grc' dir='ltr'><em>σοι</em></span> <span class='ocrx_word' id='word_1_21' title='bbox 1634 297 1711 361; x_wconf 71' lang='grc' dir='ltr'><em>’τὴν</em></span> 
     </span>
     <span class='ocr_line' id='line_1_4' title="bbox 255 366 1710 429; baseline -0.005 -13"><span class='ocrx_word' id='word_1_22' title='bbox 255 378 339 416; x_wconf 83' lang='grc' dir='ltr'>τῶν</span> <span class='ocrx_word' id='word_1_23' title='bbox 372 368 624 429; x_wconf 72' lang='grc' dir='ltr'><em>γραμμάτων</em></span> <span class='ocrx_word' id='word_1_24' title='bbox 656 368 839 423; x_wconf 79' lang='grc' dir='ltr'><em>δύναμιν.</em></span> <span class='ocrx_word' id='word_1_25' title='bbox 911 366 932 411; x_wconf 78' lang='grc' dir='ltr'><em>ὃ</em></span> <span class='ocrx_word' id='word_1_26' title='bbox 958 370 1001 411; x_wconf 77' lang='grc' dir='ltr'>δὲ</span> <span class='ocrx_word' id='word_1_27' title='bbox 1019 367 1259 423; x_wconf 75' lang='grc' dir='ltr'><em>ἐπωμόσατο</em></span> <span class='ocrx_word' id='word_1_28' title='bbox 1280 368 1337 423; x_wconf 88' lang='grc' dir='ltr'>μὴ</span> <span class='ocrx_word' id='word_1_29' title='bbox 1359 373 1484 411; x_wconf 77' lang='grc' dir='ltr'>ποιεῖν</span> <span class='ocrx_word' id='word_1_30' title='bbox 1503 366 1614 425; x_wconf 69' lang='grc' dir='ltr'><em>αὐτῷ</em></span> <span class='ocrx_word' id='word_1_31' title='bbox 1634 382 1710 411; x_wconf 84' lang='grc' dir='ltr'>κα-</span> 
     </span>
     <span class='ocr_line' id='line_1_5' title="bbox 256 434 1712 496; baseline -0.005 -11"><span class='ocrx_word' id='word_1_32' title='bbox 256 440 326 485; x_wconf 84' lang='grc' dir='ltr'>κόν</span> <span class='ocrx_word' id='word_1_33' title='bbox 350 436 619 496; x_wconf 75' lang='grc' dir='ltr'><em>ἓρμηνεύοντι.</em></span> <span class='ocrx_word' id='word_1_34' title='bbox 688 438 754 483; x_wconf 83' lang='grc' dir='ltr'>καὶ</span> <span class='ocrx_word' id='word_1_35' title='bbox 775 437 873 493; x_wconf 74' lang='grc' dir='ltr'><em>λέγει</em></span> <span class='ocrx_word' id='word_1_36' title='bbox 893 435 1041 495; x_wconf 76' lang='grc' dir='ltr'><em>αὖτῷό</em></span> <span class='ocrx_word' id='word_1_37' title='bbox 1062 435 1246 492; x_wconf 85' lang='grc' dir='ltr'><em>Δανιήλ,</em></span> <span class='ocrx_word' id='word_1_38' title='bbox 1279 434 1328 479; x_wconf 88' lang='grc' dir='ltr'><strong>Ὅ</strong></span> <span class='ocrx_word' id='word_1_39' title='bbox 1360 435 1457 486; x_wconf 74' lang='grc' dir='ltr'><em>θεὸς</em></span> <span class='ocrx_word' id='word_1_40' title='bbox 1481 439 1555 478; x_wconf 82' lang='grc' dir='ltr'>τοῦ</span> <span class='ocrx_word' id='word_1_41' title='bbox 1583 434 1712 491; x_wconf 66' lang='grc' dir='ltr'><em>οὖρα-ι</em></span> 
     </span>
     <span class='ocr_line' id='line_1_6' title="bbox 139 503 1753 562; baseline -0.005 -9"><span class='ocrx_word' id='word_1_42' title='bbox 139 521 170 556; x_wconf 89' lang='lat' dir='ltr'>V</span> <span class='ocrx_word' id='word_1_43' title='bbox 194 520 240 557; x_wconf 81' lang='grc'>64</span> <span class='ocrx_word' id='word_1_44' title='bbox 261 513 333 552; x_wconf 83' lang='grc' dir='ltr'>νοῦ</span> <span class='ocrx_word' id='word_1_45' title='bbox 363 510 429 551; x_wconf 83' lang='grc' dir='ltr'>καὶ</span> <span class='ocrx_word' id='word_1_46' title='bbox 456 511 531 561; x_wconf 83' lang='grc' dir='ltr'>τῆς</span> <span class='ocrx_word' id='word_1_47' title='bbox 559 510 633 562; x_wconf 81' lang='grc' dir='ltr'><em>γῆς</em></span> <span class='ocrx_word' id='word_1_48' title='bbox 658 503 942 561; x_wconf 76' lang='grc' dir='ltr'><em>ἀγανακτήσας</em></span> <span class='ocrx_word' id='word_1_49' title='bbox 962 503 1066 547; x_wconf 82' lang='grc' dir='ltr'><em>κατά</em></span> <span class='ocrx_word' id='word_1_50' title='bbox 1089 522 1162 547; x_wconf 89' lang='grc' dir='ltr'>σου</span> <span class='ocrx_word' id='word_1_51' title='bbox 1183 503 1389 560; x_wconf 64' lang='grc' dir='ltr'><em>ἐπλήρωσε</em></span> <span class='ocrx_word' id='word_1_52' title='bbox 1411 503 1485 558; x_wconf 81' lang='grc' dir='ltr'>τὴν</span> <span class='ocrx_word' id='word_1_53' title='bbox 1504 503 1753 557; x_wconf 71' lang='grc' dir='ltr'><em>βασιλείανὸῐ</em></span> 
     </span>
    </p>

    <p class='ocr_par' dir='ltr' id='par_1_3' title="bbox 111 569 1716 768">
     <span class='ocr_line' id='line_1_7' title="bbox 111 569 1716 626; baseline -0.005 -5"><span class='ocrx_word' id='word_1_54' title='bbox 111 589 144 624; x_wconf 91' lang='lat' dir='ltr'>O</span> <span class='ocrx_word' id='word_1_55' title='bbox 170 590 236 626; x_wconf 82' lang='lat'>193</span> <span class='ocrx_word' id='word_1_56' title='bbox 259 593 349 620; x_wconf 89' lang='grc' dir='ltr'>σου.</span> <span class='ocrx_word' id='word_1_57' title='bbox 419 576 485 618; x_wconf 83' lang='grc' dir='ltr'>καὶ</span> <span class='ocrx_word' id='word_1_58' title='bbox 508 579 629 617; x_wconf 80' lang='grc' dir='ltr'><em>τοῦτο</em></span> <span class='ocrx_word' id='word_1_59' title='bbox 650 571 829 622; x_wconf 77' lang='grc' dir='ltr'><em>ἀκούσας</em></span> <span class='ocrx_word' id='word_1_60' title='bbox 848 572 1043 615; x_wconf 78' lang='grc' dir='ltr'><em>ἀπέλυσεν</em></span> <span class='ocrx_word' id='word_1_61' title='bbox 1061 573 1186 616; x_wconf 80' lang='grc' dir='ltr'><em>αὐτὸν</em></span> <span class='ocrx_word' id='word_1_62' title='bbox 1205 575 1301 615; x_wconf 74' lang='grc' dir='ltr'><em>ἰδεῖν</em></span> <span class='ocrx_word' id='word_1_63' title='bbox 1323 574 1357 614; x_wconf 83' lang='grc' dir='ltr'>εἶ</span> <span class='ocrx_word' id='word_1_64' title='bbox 1371 569 1582 626; x_wconf 70' lang='grc' dir='ltr'><em>ἀληθεύει.</em></span> <span class='ocrx_word' id='word_1_65' title='bbox 1647 571 1716 614; x_wconf 73' lang='grc' dir='ltr'>καὶ</span> 
     </span>
     <span class='ocr_line' id='line_1_8' title="bbox 258 637 1716 700; baseline -0.003 -13"><span class='ocrx_word' id='word_1_66' title='bbox 258 644 351 700; x_wconf 71' lang='grc' dir='ltr'>μεθ’</span> <span class='ocrx_word' id='word_1_67' title='bbox 375 641 530 699; x_wconf 72' lang='grc' dir='ltr'><em>ἡμέρας</em></span> <span class='ocrx_word' id='word_1_68' title='bbox 549 643 726 697; x_wconf 84' lang='grc' dir='ltr'><em>Δαρεῖος</em></span> <span class='ocrx_word' id='word_1_69' title='bbox 747 638 768 683; x_wconf 81' lang='grc' dir='ltr'><em>ὃ</em></span> <span class='ocrx_word' id='word_1_70' title='bbox 789 643 962 694; x_wconf 80' lang='grc' dir='ltr'><em>Μῆδος,</em></span> <span class='ocrx_word' id='word_1_71' title='bbox 1001 639 1056 683; x_wconf 79' lang='grc' dir='ltr'>ὢν</span> <span class='ocrx_word' id='word_1_72' title='bbox 1079 642 1178 684; x_wconf 80' lang='grc' dir='ltr'><em>ἐτῶν</em></span> <span class='ocrx_word' id='word_1_73' title='bbox 1202 639 1250 692; x_wconf 81' lang='grc' dir='ltr'>ξ’,</span> <span class='ocrx_word' id='word_1_74' title='bbox 1285 637 1543 695; x_wconf 74' lang='grc' dir='ltr'><em>τυραννήσας</em></span> <span class='ocrx_word' id='word_1_75' title='bbox 1561 641 1716 696; x_wconf 71' lang='grc' dir='ltr'><em>ἐπῆλθε</em></span> 
     </span>
     <span class='ocr_line' id='line_1_9' title="bbox 259 708 1415 768; baseline -0.004 -13"><span class='ocrx_word' id='word_1_76' title='bbox 259 714 326 756; x_wconf 85' lang='grc' dir='ltr'>καὶ</span> <span class='ocrx_word' id='word_1_77' title='bbox 348 711 519 768; x_wconf 66' lang='grc' dir='ltr'><em>ἔσφαξεν</em></span> <span class='ocrx_word' id='word_1_78' title='bbox 537 708 685 762; x_wconf 70' lang='grc' dir='ltr'><em>αὐτόν,</em></span> <span class='ocrx_word' id='word_1_79' title='bbox 721 710 789 752; x_wconf 83' lang='grc' dir='ltr'>καὶ</span> <span class='ocrx_word' id='word_1_80' title='bbox 810 708 928 764; x_wconf 67' lang='grc' dir='ltr'><em>ἔλαβε</em></span> <span class='ocrx_word' id='word_1_81' title='bbox 948 708 1023 764; x_wconf 80' lang='grc' dir='ltr'>τὴν</span> <span class='ocrx_word' id='word_1_82' title='bbox 1044 710 1253 762; x_wconf 84' lang='grc' dir='ltr'><em>βασιλείαν</em></span> <span class='ocrx_word' id='word_1_83' title='bbox 1274 708 1415 751; x_wconf 72' lang='grc' dir='ltr'><em>αὐτοῦ.</em></span> 
     </span>
    </p>
   </div>
   <div class='ocr_carea' id='block_1_3' title="bbox 214 797 1778 1537">
    <p class='ocr_par' dir='ltr' id='par_1_4' title="bbox 262 797 1773 1196">
     <span class='ocr_line' id='line_1_10' title="bbox 361 797 1724 856; baseline -0.004 -11"><span class='ocrx_word' id='word_1_84' title='bbox 361 800 488 845; x_wconf 76' lang='grc' dir='ltr'><em>Μετὰ</em></span> <span class='ocrx_word' id='word_1_85' title='bbox 515 801 559 843; x_wconf 78' lang='grc' dir='ltr'>δὲ</span> <span class='ocrx_word' id='word_1_86' title='bbox 593 800 667 855; x_wconf 83' lang='grc' dir='ltr'>τὴν</span> <span class='ocrx_word' id='word_1_87' title='bbox 693 800 904 852; x_wconf 81' lang='grc' dir='ltr'><em>βασιλείαν</em></span> <span class='ocrx_word' id='word_1_88' title='bbox 932 800 1112 856; x_wconf 79' lang='grc' dir='ltr'><em>Δαρείου</em></span> <span class='ocrx_word' id='word_1_89' title='bbox 1145 800 1411 854; x_wconf 73' lang='grc' dir='ltr'><em>ἐβασίλευσαν</em></span> <span class='ocrx_word' id='word_1_90' title='bbox 1440 797 1569 854; x_wconf 68' lang='grc' dir='ltr'><em>ἕτεροι</em></span> <span class='ocrx_word' id='word_1_91' title='bbox 1593 801 1724 852; x_wconf 51' lang='lat' dir='ltr'>,Rama</span> 
     </span>
     <span class='ocr_line' id='line_1_11' title="bbox 262 864 1773 925; baseline -0.002 -11"><span class='ocrx_word' id='word_1_92' title='bbox 262 875 343 919; x_wconf 87' lang='grc' dir='ltr'><em>λεῖς</em></span> <span class='ocrx_word' id='word_1_93' title='bbox 368 870 590 925; x_wconf 78' lang='grc' dir='ltr'><em>Ἀσσυρίων</em></span> <span class='ocrx_word' id='word_1_94' title='bbox 626 869 699 918; x_wconf 72' lang='grc' dir='ltr'>ἕως</span> <span class='ocrx_word' id='word_1_95' title='bbox 717 866 978 923; x_wconf 81' lang='grc' dir='ltr'><em>Ἀστυάγους.</em></span> <span class='ocrx_word' id='word_1_96' title='bbox 1049 869 1115 910; x_wconf 85' lang='grc' dir='ltr'>καὶ</span> <span class='ocrx_word' id='word_1_97' title='bbox 1147 867 1289 910; x_wconf 87' lang='grc' dir='ltr'><em>λοιπὸν</em></span> <span class='ocrx_word' id='word_1_98' title='bbox 1319 865 1340 910; x_wconf 80' lang='grc' dir='ltr'><em>ὃ</em></span> <span class='ocrx_word' id='word_1_99' title='bbox 1372 864 1596 922; x_wconf 81' lang='grc' dir='ltr'><em>Ἀστυάγης</em></span> <span class='ocrx_word' id='word_1_100' title='bbox 1618 866 1773 920; x_wconf 59' lang='lat' dir='ltr'>{sta-10</span> 
     </span>
     <span class='ocr_line' id='line_1_12' title="bbox 263 932 1719 993; baseline -0.003 -12"><span class='ocrx_word' id='word_1_101' title='bbox 263 942 419 981; x_wconf 75' lang='grc' dir='ltr'><em>σι’λευσε</em></span> <span class='ocrx_word' id='word_1_102' title='bbox 451 940 646 993; x_wconf 82' lang='grc' dir='ltr'><em>Περσῶν,</em></span> <span class='ocrx_word' id='word_1_103' title='bbox 681 936 726 986; x_wconf 79' lang='grc' dir='ltr'>ὃς</span> <span class='ocrx_word' id='word_1_104' title='bbox 759 934 1046 992; x_wconf 76' lang='grc' dir='ltr'><em>ἐπεστράτευσε</em></span> <span class='ocrx_word' id='word_1_105' title='bbox 1076 935 1180 978; x_wconf 83' lang='grc' dir='ltr'><em>κατὰ</em></span> <span class='ocrx_word' id='word_1_106' title='bbox 1204 939 1287 978; x_wconf 83' lang='grc' dir='ltr'>τῶν</span> <span class='ocrx_word' id='word_1_107' title='bbox 1315 937 1498 987; x_wconf 79' lang='grc' dir='ltr'><em>Λυδῶν,</em></span> <span class='ocrx_word' id='word_1_108' title='bbox 1537 932 1719 977; x_wconf 71' lang='grc' dir='ltr'><em>ἀνελθὼν</em></span> 
     </span>
     <span class='ocr_line' id='line_1_13' title="bbox 262 998 1721 1061; baseline -0.003 -13"><span class='ocrx_word' id='word_1_109' title='bbox 262 1006 365 1061; x_wconf 78' lang='grc' dir='ltr'><em>μετὰ</em></span> <span class='ocrx_word' id='word_1_110' title='bbox 384 1003 592 1059; x_wconf 79' lang='grc' dir='ltr'><em>δυνάμεως</em></span> <span class='ocrx_word' id='word_1_111' title='bbox 611 1008 775 1059; x_wconf 78' lang='grc' dir='ltr'><em>πολλῆς.</em></span> <span class='ocrx_word' id='word_1_112' title='bbox 826 1005 867 1046; x_wconf 74' lang='grc' dir='ltr'>ἓν</span> <span class='ocrx_word' id='word_1_113' title='bbox 891 998 922 1061; x_wconf 78' lang='grc' dir='ltr'><em>ᾧ</em></span> <span class='ocrx_word' id='word_1_114' title='bbox 943 1002 1073 1060; x_wconf 83' lang='grc' dir='ltr'><em>χρόνῳ</em></span> <span class='ocrx_word' id='word_1_115' title='bbox 1096 1001 1116 1045; x_wconf 85' lang='grc' dir='ltr'><em>ὃ</em></span> <span class='ocrx_word' id='word_1_116' title='bbox 1139 1002 1251 1058; x_wconf 74' lang='grc' dir='ltr'><em>ἥλιος</em></span> <span class='ocrx_word' id='word_1_117' title='bbox 1275 1003 1470 1056; x_wconf 75' lang='grc' dir='ltr'><em>ἓξέλειψεν</em></span> <span class='ocrx_word' id='word_1_118' title='bbox 1490 1003 1550 1044; x_wconf 70' lang='grc' dir='ltr'>ἐπὶ</span> <span class='ocrx_word' id='word_1_119' title='bbox 1569 1001 1721 1051; x_wconf 72' lang='grc' dir='ltr'><em>πολλᾶς</em></span> 
     </span>
     <span class='ocr_line' id='line_1_14' title="bbox 266 1069 1723 1131; baseline -0.003 -14"><span class='ocrx_word' id='word_1_120' title='bbox 266 1073 377 1131; x_wconf 73' lang='grc' dir='ltr'><em>ὥρας</em></span> <span class='ocrx_word' id='word_1_121' title='bbox 399 1078 473 1127; x_wconf 75' lang='grc' dir='ltr'>τῆς</span> <span class='ocrx_word' id='word_1_122' title='bbox 494 1071 647 1129; x_wconf 69' lang='grc' dir='ltr'><em>ἠμέρας</em></span> <span class='ocrx_word' id='word_1_123' title='bbox 657 1105 671 1126; x_wconf 86' lang='grc'><em>,</em></span> <span class='ocrx_word' id='word_1_124' title='bbox 709 1070 971 1128; x_wconf 88' lang='grc' dir='ltr'><em>προειπόντος</em></span> <span class='ocrx_word' id='word_1_125' title='bbox 991 1074 1131 1114; x_wconf 80' lang='grc' dir='ltr'><em>Θαλοῦ</em></span> <span class='ocrx_word' id='word_1_126' title='bbox 1152 1076 1226 1114; x_wconf 82' lang='grc' dir='ltr'>τοῦ</span> <span class='ocrx_word' id='word_1_127' title='bbox 1250 1070 1479 1127; x_wconf 82' lang='grc' dir='ltr'><em>φιλοσόφου</em></span> <span class='ocrx_word' id='word_1_128' title='bbox 1504 1070 1578 1126; x_wconf 82' lang='grc' dir='ltr'>τὴν</span> <span class='ocrx_word' id='word_1_129' title='bbox 1600 1069 1723 1113; x_wconf 65' lang='grc' dir='ltr'><em>ἔκλει-</em></span> 
     </span>
     <span class='ocr_line' id='line_1_15' title="bbox 265 1138 1724 1196; baseline -0.003 -12"><span class='ocrx_word' id='word_1_130' title='bbox 265 1155 340 1196; x_wconf 82' lang='grc' dir='ltr'>ψιν</span> <span class='ocrx_word' id='word_1_131' title='bbox 377 1145 450 1184; x_wconf 82' lang='grc' dir='ltr'>τοῦ</span> <span class='ocrx_word' id='word_1_132' title='bbox 483 1139 612 1195; x_wconf 70' lang='grc' dir='ltr'><em>ἡλίου.</em></span> <span class='ocrx_word' id='word_1_133' title='bbox 683 1141 725 1182; x_wconf 73' lang='grc' dir='ltr'>ἓν</span> <span class='ocrx_word' id='word_1_134' title='bbox 755 1147 840 1189; x_wconf 85' lang='grc' dir='ltr'><em>τοῖς</em></span> <span class='ocrx_word' id='word_1_135' title='bbox 869 1139 1009 1189; x_wconf 80' lang='grc' dir='ltr'><em>αὐτοῖς</em></span> <span class='ocrx_word' id='word_1_136' title='bbox 1033 1138 1195 1194; x_wconf 85' lang='grc' dir='ltr'><em>χρόνοις</em></span> <span class='ocrx_word' id='word_1_137' title='bbox 1218 1142 1513 1194; x_wconf 83' lang='grc' dir='ltr'><em>Πεισίστρατος</em></span> <span class='ocrx_word' id='word_1_138' title='bbox 1539 1141 1724 1193; x_wconf 79' lang='grc' dir='ltr'><em>πολεμῶν</em></span> 
     </span>
    </p>

    <p class='ocr_par' dir='ltr' id='par_1_5' title="bbox 214 1205 1778 1537">
     <span class='ocr_line' id='line_1_16' title="bbox 214 1205 1778 1265; baseline 0 -14"><span class='ocrx_word' id='word_1_139' title='bbox 214 1216 245 1251; x_wconf 90' lang='grc' dir='ltr'>Β</span> <span class='ocrx_word' id='word_1_140' title='bbox 269 1212 519 1265; x_wconf 76' lang='grc' dir='ltr'><em>δημαγωγεῖ,</em></span> <span class='ocrx_word' id='word_1_141' title='bbox 556 1212 638 1251; x_wconf 82' lang='grc' dir='ltr'>τῶν</span> <span class='ocrx_word' id='word_1_142' title='bbox 668 1210 827 1251; x_wconf 79' lang='grc' dir='ltr'><em>Λυδῶν</em></span> <span class='ocrx_word' id='word_1_143' title='bbox 856 1208 913 1262; x_wconf 82' lang='grc' dir='ltr'>μὴ</span> <span class='ocrx_word' id='word_1_144' title='bbox 938 1205 1200 1262; x_wconf 71' lang='grc' dir='ltr'><em>ἡττηθέντων</em></span> <span class='ocrx_word' id='word_1_145' title='bbox 1222 1212 1280 1265; x_wconf 76' lang='grc' dir='ltr'>τῷ</span> <span class='ocrx_word' id='word_1_146' title='bbox 1304 1208 1489 1265; x_wconf 72' lang='grc' dir='ltr'><em>πολέμῳ,</em></span> <span class='ocrx_word' id='word_1_147' title='bbox 1527 1206 1631 1249; x_wconf 82' lang='grc' dir='ltr'><em>ἀλλὰ</em></span> <span class='ocrx_word' id='word_1_148' title='bbox 1650 1209 1723 1248; x_wconf 74' lang='grc' dir='ltr'>τοῦ</span> <span class='ocrx_word' id='word_1_149' title='bbox 1735 1216 1778 1252; x_wconf 90' lang='lat'>15</span> 
     </span>
     <span class='ocr_line' id='line_1_17' title="bbox 261 1273 1725 1332; baseline -0.003 -12"><span class='ocrx_word' id='word_1_150' title='bbox 261 1275 512 1332; x_wconf 73' lang='grc' dir='ltr'><em>Ἀστυάγους</em></span> <span class='ocrx_word' id='word_1_151' title='bbox 542 1276 611 1332; x_wconf 74' lang='grc' dir='ltr'>ἀφ’</span> <span class='ocrx_word' id='word_1_152' title='bbox 646 1274 792 1318; x_wconf 71' lang='grc' dir='ltr'><em>ἑαυτοῦ</em></span> <span class='ocrx_word' id='word_1_153' title='bbox 823 1274 1176 1330; x_wconf 80' lang='grc' dir='ltr'><em>ἀναχωρήσαντος.</em></span> <span class='ocrx_word' id='word_1_154' title='bbox 1246 1273 1338 1318; x_wconf 87' lang='grc' dir='ltr'><em>τότε</em></span> <span class='ocrx_word' id='word_1_155' title='bbox 1366 1281 1487 1318; x_wconf 82' lang='grc' dir='ltr'><em>τοῦτο</em></span> <span class='ocrx_word' id='word_1_156' title='bbox 1509 1273 1665 1331; x_wconf 85' lang='grc' dir='ltr'><em>γνόντες</em></span> <span class='ocrx_word' id='word_1_157' title='bbox 1685 1274 1725 1316; x_wconf 80' lang='grc' dir='ltr'>οἳ</span> 
     </span>
     <span class='ocr_line' id='line_1_18' title="bbox 267 1342 1726 1400; baseline -0.002 -13"><span class='ocrx_word' id='word_1_158' title='bbox 267 1349 436 1389; x_wconf 79' lang='grc' dir='ltr'><em>Πισαῖοι</em></span> <span class='ocrx_word' id='word_1_159' title='bbox 471 1343 662 1400; x_wconf 76' lang='grc' dir='ltr'><em>δευτέραν</em></span> <span class='ocrx_word' id='word_1_160' title='bbox 697 1342 840 1400; x_wconf 72' lang='grc' dir='ltr'><em>ἑορτὴν</em></span> <span class='ocrx_word' id='word_1_161' title='bbox 870 1344 1101 1386; x_wconf 73' lang='grc' dir='ltr'><em>ἐπετέλεσαν</em></span> <span class='ocrx_word' id='word_1_162' title='bbox 1132 1343 1286 1398; x_wconf 79' lang='grc' dir='ltr'><em>ἀγῶνος</em></span> <span class='ocrx_word' id='word_1_163' title='bbox 1314 1344 1515 1394; x_wconf 75' lang='grc' dir='ltr'><em>Πυθίων,</em></span> <span class='ocrx_word' id='word_1_164' title='bbox 1562 1343 1726 1399; x_wconf 78' lang='grc' dir='ltr'><em>εὔχαρι-</em></span> 
     </span>
     <span class='ocr_line' id='line_1_19' title="bbox 270 1408 1726 1470; baseline -0.002 -15"><span class='ocrx_word' id='word_1_165' title='bbox 270 1418 459 1461; x_wconf 79' lang='grc' dir='ltr'><em>στοῦντες</em></span> <span class='ocrx_word' id='word_1_166' title='bbox 487 1417 544 1470; x_wconf 80' lang='grc' dir='ltr'>τῷ</span> <span class='ocrx_word' id='word_1_167' title='bbox 566 1410 717 1469; x_wconf 69' lang='grc' dir='ltr'><em>“Ηλι’ῳ,</em></span> <span class='ocrx_word' id='word_1_168' title='bbox 754 1411 1071 1468; x_wconf 72' lang='grc' dir='ltr'><em>παρατιθέμενοι</em></span> <span class='ocrx_word' id='word_1_169' title='bbox 1097 1409 1268 1461; x_wconf 73' lang='grc' dir='ltr'><em>ἑαυτοὺς</em></span> <span class='ocrx_word' id='word_1_170' title='bbox 1283 1413 1447 1461; x_wconf 79' lang='grc' dir='ltr'><em>Λυδοῖς</em></span> <span class='ocrx_word' id='word_1_171' title='bbox 1465 1412 1530 1453; x_wconf 84' lang='grc' dir='ltr'>καὶ</span> <span class='ocrx_word' id='word_1_172' title='bbox 1548 1415 1605 1470; x_wconf 74' lang='grc' dir='ltr'>τῷ</span> <span class='ocrx_word' id='word_1_173' title='bbox 1624 1408 1726 1467; x_wconf 80' lang='grc' dir='ltr'><em>κρά-</em></span> 
     </span>
     <span class='ocr_line' id='line_1_20' title="bbox 271 1478 812 1537; baseline -0.004 -14"><span class='ocrx_word' id='word_1_174' title='bbox 271 1498 330 1524; x_wconf 88' lang='grc' dir='ltr'>τει</span> <span class='ocrx_word' id='word_1_175' title='bbox 351 1485 425 1536; x_wconf 82' lang='grc' dir='ltr'>τῆς</span> <span class='ocrx_word' id='word_1_176' title='bbox 445 1478 653 1537; x_wconf 74' lang='grc' dir='ltr'><em>δυνάμεως</em></span> <span class='ocrx_word' id='word_1_177' title='bbox 671 1479 812 1522; x_wconf 77' lang='grc' dir='ltr'><em>αὐτοῦ.</em></span> 
     </span>
    </p>
   </div>
   <div class='ocr_carea' id='block_1_4' title="bbox 126 1567 1784 1790">
    <p class='ocr_par' dir='ltr' id='par_1_6' title="bbox 126 1567 1784 1790">
     <span class='ocr_line' id='line_1_21' title="bbox 126 1567 1784 1627; baseline 0.001 -17"><span class='ocrx_word' id='word_1_178' title='bbox 126 1575 160 1610; x_wconf 88' lang='lat' dir='ltr'>O</span> <span class='ocrx_word' id='word_1_179' title='bbox 183 1573 252 1612; x_wconf 85' lang='lat'>194</span> <span class='ocrx_word' id='word_1_180' title='bbox 377 1572 463 1614; x_wconf 86' lang='grc' dir='ltr'>Καὶ</span> <span class='ocrx_word' id='word_1_181' title='bbox 489 1569 628 1613; x_wconf 85' lang='grc' dir='ltr'><em>λοιπὸν</em></span> <span class='ocrx_word' id='word_1_182' title='bbox 656 1570 698 1613; x_wconf 75' lang='grc' dir='ltr'>ἔν</span> <span class='ocrx_word' id='word_1_183' title='bbox 728 1576 814 1621; x_wconf 89' lang='grc' dir='ltr'><em>τοῖς</em></span> <span class='ocrx_word' id='word_1_184' title='bbox 831 1569 935 1623; x_wconf 81' lang='grc' dir='ltr'><em>μετὰ</em></span> <span class='ocrx_word' id='word_1_185' title='bbox 955 1573 1085 1612; x_wconf 77' lang='grc' dir='ltr'><em>ταῦτα</em></span> <span class='ocrx_word' id='word_1_186' title='bbox 1103 1569 1281 1627; x_wconf 76' lang='grc' dir='ltr'><em>ἐφηῦρον</em></span> <span class='ocrx_word' id='word_1_187' title='bbox 1301 1567 1445 1626; x_wconf 72' lang='grc' dir='ltr'><em>ἑορτὴν</em></span> <span class='ocrx_word' id='word_1_188' title='bbox 1464 1567 1619 1624; x_wconf 81' lang='grc' dir='ltr'><em>ἀγῶνος</em></span> <span class='ocrx_word' id='word_1_189' title='bbox 1640 1569 1784 1625; x_wconf 68' lang='grc' dir='ltr'><em>τρί-ΞΩ</em></span> 
     </span>
     <span class='ocr_line' id='line_1_22' title="bbox 366 1699 1731 1746; baseline -0.002 -10"><span class='ocrx_word' id='word_1_190' title='bbox 366 1702 423 1737; x_wconf 76' lang='grc'>12.</span> <span class='ocrx_word' id='word_1_191' title='bbox 469 1699 668 1744; x_wconf 77' lang='grc' dir='ltr'><em>ἐξέκλειψεν</em></span> <span class='ocrx_word' id='word_1_192' title='bbox 710 1700 779 1735; x_wconf 87' lang='lat' dir='ltr'>Ox.</span> <span class='ocrx_word' id='word_1_193' title='bbox 940 1700 995 1735; x_wconf 87' lang='lat'>15.</span> <span class='ocrx_word' id='word_1_194' title='bbox 1040 1699 1125 1735; x_wconf 90' lang='lat' dir='ltr'>Post</span> <span class='ocrx_word' id='word_1_195' title='bbox 1169 1700 1380 1746; x_wconf 83' lang='grc' dir='ltr'><em>δημαγωγεῖ</em></span> <span class='ocrx_word' id='word_1_196' title='bbox 1417 1699 1582 1734; x_wconf 74' lang='lat' dir='ltr'><strong>excidisse</strong></span> <span class='ocrx_word' id='word_1_197' title='bbox 1623 1710 1731 1744; x_wconf 86' lang='lat' dir='ltr'>quae-</span> 
     </span>
     <span class='ocr_line' id='line_1_23' title="bbox 365 1745 1734 1790; baseline 0 -10"><span class='ocrx_word' id='word_1_198' title='bbox 365 1747 444 1781; x_wconf 84' lang='lat' dir='ltr'>dam</span> <span class='ocrx_word' id='word_1_199' title='bbox 485 1747 652 1782; x_wconf 86' lang='lat' dir='ltr'>videntur.</span> <span class='ocrx_word' id='word_1_200' title='bbox 813 1745 868 1780; x_wconf 90' lang='lat'>17.</span> <span class='ocrx_word' id='word_1_201' title='bbox 915 1746 1067 1781; x_wconf 89' lang='grc' dir='ltr'><em>Πισαῖοι</em></span> <span class='ocrx_word' id='word_1_202' title='bbox 1108 1746 1196 1790; x_wconf 60' lang='lat' dir='ltr'>Ch„</span> <span class='ocrx_word' id='word_1_203' title='bbox 1242 1749 1414 1781; x_wconf 80' lang='grc' dir='ltr'><em>Πεισαῖοι</em></span> <span class='ocrx_word' id='word_1_204' title='bbox 1455 1746 1524 1781; x_wconf 90' lang='lat' dir='ltr'>Ox.</span> <span class='ocrx_word' id='word_1_205' title='bbox 1593 1745 1653 1779; x_wconf 85' lang='lat' dir='ltr'>Sic</span> <span class='ocrx_word' id='word_1_206' title='bbox 1696 1750 1734 1780; x_wconf 87' lang='lat' dir='ltr'>et</span> 
     </span>
    </p>
   </div>
   <div class='ocr_carea' id='block_1_5' title="bbox 366 1790 1733 1875">
    <p class='ocr_par' dir='ltr' id='par_1_7' title="bbox 366 1790 1733 1875">
     <span class='ocr_line' id='line_1_24' title="bbox 366 1790 1733 1873; baseline 0 -47"><span class='ocrx_word' id='word_1_207' title='bbox 366 1793 468 1873; x_wconf 50' lang='lat' dir='ltr'>gift-a.</span> <span class='ocrx_word' id='word_1_208' title='bbox 537 1836 583 1872; x_wconf 66' lang='lat' dir='ltr'>’b‘</span> <span class='ocrx_word' id='word_1_209' title='bbox 605 1793 690 1827; x_wconf 79' lang='lat' dir='ltr'>ibid.</span> <span class='ocrx_word' id='word_1_210' title='bbox 734 1792 913 1838; x_wconf 73' lang='grc' dir='ltr'><em>Πυθίων]</em></span> <span class='ocrx_word' id='word_1_211' title='bbox 950 1793 1084 1838; x_wconf 77' lang='grc' dir='ltr'><em>Πυθίῳ</em></span> <span class='ocrx_word' id='word_1_212' title='bbox 1117 1793 1185 1827; x_wconf 85' lang='lat' dir='ltr'>Ox.</span> <span class='ocrx_word' id='word_1_213' title='bbox 1255 1791 1360 1833; x_wconf 74' lang='lat' dir='ltr'>Quod</span> <span class='ocrx_word' id='word_1_214' title='bbox 1391 1795 1506 1838; x_wconf 77' lang='lat' dir='ltr'>potest</span> <span class='ocrx_word' id='word_1_215' title='bbox 1528 1790 1631 1827; x_wconf 87' lang='lat' dir='ltr'>etiam</span> <span class='ocrx_word' id='word_1_216' title='bbox 1654 1793 1733 1827; x_wconf 82' lang='lat' dir='ltr'>Hv-</span> 
     </span>
     <span class='ocr_line' id='line_1_25' title="bbox 398 1849 596 1875; baseline -0.01 -1"><span class='ocrx_word' id='word_1_217' title='bbox 398 1850 457 1875; x_wconf 87' lang='grc' dir='ltr'><em>ιου</em></span> <span class='ocrx_word' id='word_1_218' title='bbox 482 1849 549 1873; x_wconf 81' lang='lat' dir='ltr'>scrl</span> <span class='ocrx_word' id='word_1_219' title='bbox 573 1849 596 1872; x_wconf 84' lang='lat'>1.</span> 
     </span>
    </p>
   </div>
   <div class='ocr_carea' id='block_1_6' title="bbox 282 1931 1740 2312">
    <p class='ocr_par' dir='ltr' id='par_1_8' title="bbox 1516 1931 1522 1943">
     <span class='ocr_line' id='line_1_26' title="bbox 1516 1931 1522 1943; baseline 0 0"><span class='ocrx_word' id='word_1_220' title='bbox 1516 1931 1522 1943; x_wconf 65' lang='grc' dir='ltr'><strong>Χ</strong></span> 
     </span>
    </p>

    <p class='ocr_par' dir='ltr' id='par_1_9' title="bbox 282 1948 1740 2312">
     <span class='ocr_line' id='line_1_27' title="bbox 282 1948 1735 1997; baseline -0.001 -13"><span class='ocrx_word' id='word_1_221' title='bbox 282 1949 341 1984; x_wconf 88' lang='lat' dir='ltr'>ubi</span> <span class='ocrx_word' id='word_1_222' title='bbox 364 1948 430 1983; x_wconf 88' lang='lat' dir='ltr'>vim</span> <span class='ocrx_word' id='word_1_223' title='bbox 454 1950 653 1995; x_wconf 84' lang='lat' dir='ltr'>Scripturae</span> <span class='ocrx_word' id='word_1_224' title='bbox 675 1950 770 1995; x_wconf 81' lang='lat' dir='ltr'>hujus</span> <span class='ocrx_word' id='word_1_225' title='bbox 794 1951 1022 1997; x_wconf 78' lang='lat' dir='ltr'><strong>percepisset,</strong></span> <span class='ocrx_word' id='word_1_226' title='bbox 1044 1949 1130 1985; x_wconf 85' lang='lat' dir='ltr'>dixit</span> <span class='ocrx_word' id='word_1_227' title='bbox 1151 1950 1259 1996; x_wconf 74' lang='lat' dir='ltr'>Regie</span> <span class='ocrx_word' id='word_1_228' title='bbox 1306 1950 1382 1993; x_wconf 87' lang='lat' dir='ltr'>„Si</span> <span class='ocrx_word' id='word_1_229' title='bbox 1403 1949 1500 1984; x_wconf 83' lang='lat' dir='ltr'>modo</span> <span class='ocrx_word' id='word_1_230' title='bbox 1522 1949 1655 1984; x_wconf 82' lang='lat' dir='ltr'>veniam</span> <span class='ocrx_word' id='word_1_231' title='bbox 1671 1949 1735 1984; x_wconf 89' lang='lat' dir='ltr'>mi·-</span> 
     </span>
     <span class='ocr_line' id='line_1_28' title="bbox 282 1995 1735 2040; baseline 0 -12"><span class='ocrx_word' id='word_1_232' title='bbox 282 1995 319 2029; x_wconf 89' lang='lat' dir='ltr'>hi</span> <span class='ocrx_word' id='word_1_233' title='bbox 342 1995 455 2036; x_wconf 80' lang='lat' dir='ltr'>dabis,</span> <span class='ocrx_word' id='word_1_234' title='bbox 487 1996 519 2029; x_wconf 93' lang='lat' dir='ltr'>O</span> <span class='ocrx_word' id='word_1_235' title='bbox 545 1997 640 2038; x_wconf 86' lang='lat' dir='ltr'>Rex,</span> <span class='ocrx_word' id='word_1_236' title='bbox 664 2008 727 2030; x_wconf 91' lang='lat' dir='ltr'>nec</span> <span class='ocrx_word' id='word_1_237' title='bbox 749 1997 857 2031; x_wconf 86' lang='lat' dir='ltr'>iratus</span> <span class='ocrx_word' id='word_1_238' title='bbox 882 1997 969 2038; x_wconf 81' lang='lat' dir='ltr'>eris3</span> <span class='ocrx_word' id='word_1_239' title='bbox 993 1997 1169 2031; x_wconf 85' lang='lat' dir='ltr'>verborum</span> <span class='ocrx_word' id='word_1_240' title='bbox 1191 2007 1319 2031; x_wconf 88' lang='lat' dir='ltr'>sensum</span> <span class='ocrx_word' id='word_1_241' title='bbox 1342 2007 1407 2040; x_wconf 87' lang='lat' dir='ltr'>ego</span> <span class='ocrx_word' id='word_1_242' title='bbox 1430 1995 1495 2030; x_wconf 90' lang='lat' dir='ltr'>tibi</span> <span class='ocrx_word' id='word_1_243' title='bbox 1516 1995 1735 2040; x_wconf 81' lang='lat' dir='ltr'>expediam.“</span> 
     </span>
     <span class='ocr_line' id='line_1_29' title="bbox 282 2041 1738 2085; baseline 0.001 -12"><span class='ocrx_word' id='word_1_244' title='bbox 282 2041 501 2085; x_wconf 81' lang='lat' dir='ltr'>Respondens</span> <span class='ocrx_word' id='word_1_245' title='bbox 523 2052 607 2082; x_wconf 88' lang='lat' dir='ltr'>rex,</span> <span class='ocrx_word' id='word_1_246' title='bbox 638 2042 828 2085; x_wconf 83' lang='lat' dir='ltr'>juramento</span> <span class='ocrx_word' id='word_1_247' title='bbox 852 2042 1085 2084; x_wconf 81' lang='lat' dir='ltr'>confirmavit,</span> <span class='ocrx_word' id='word_1_248' title='bbox 1118 2042 1203 2076; x_wconf 86' lang='lat' dir='ltr'>nihil</span> <span class='ocrx_word' id='word_1_249' title='bbox 1224 2042 1302 2076; x_wconf 85' lang='lat' dir='ltr'>mali</span> <span class='ocrx_word' id='word_1_250' title='bbox 1325 2046 1520 2075; x_wconf 88' lang='lat' dir='ltr'>eventurum</span> <span class='ocrx_word' id='word_1_251' title='bbox 1544 2041 1595 2075; x_wconf 81' lang='lat' dir='ltr'>illi</span> <span class='ocrx_word' id='word_1_252' title='bbox 1617 2051 1661 2075; x_wconf 88' lang='lat' dir='ltr'>ex</span> <span class='ocrx_word' id='word_1_253' title='bbox 1683 2041 1738 2075; x_wconf 90' lang='lat' dir='ltr'>in-</span> 
     </span>
     <span class='ocr_line' id='line_1_30' title="bbox 284 2086 1739 2132; baseline 0.001 -14"><span class='ocrx_word' id='word_1_254' title='bbox 284 2086 543 2130; x_wconf 81' lang='lat' dir='ltr'>terpretatione.</span> <span class='ocrx_word' id='word_1_255' title='bbox 599 2087 687 2120; x_wconf 87' lang='lat' dir='ltr'>Tum</span> <span class='ocrx_word' id='word_1_256' title='bbox 711 2087 800 2131; x_wconf 85' lang='lat' dir='ltr'>Regi</span> <span class='ocrx_word' id='word_1_257' title='bbox 823 2087 964 2128; x_wconf 62' lang='lat' dir='ltr'>Daniel;</span> <span class='ocrx_word' id='word_1_258' title='bbox 1009 2087 1132 2129; x_wconf 88' lang='lat' dir='ltr'>„Deus</span> <span class='ocrx_word' id='word_1_259' title='bbox 1156 2087 1314 2132; x_wconf 84' lang='lat' dir='ltr'>(inquit)</span> <span class='ocrx_word' id='word_1_260' title='bbox 1339 2086 1435 2121; x_wconf 84' lang='lat' dir='ltr'>coeli</span> <span class='ocrx_word' id='word_1_261' title='bbox 1458 2092 1494 2121; x_wconf 90' lang='lat' dir='ltr'>et</span> <span class='ocrx_word' id='word_1_262' title='bbox 1515 2091 1650 2129; x_wconf 78' lang='lat' dir='ltr'>terrae,</span> <span class='ocrx_word' id='word_1_263' title='bbox 1683 2087 1739 2120; x_wconf 88' lang='lat' dir='ltr'>in·-</span> 
     </span>
     <span class='ocr_line' id='line_1_31' title="bbox 287 2131 1739 2178; baseline 0.001 -14"><span class='ocrx_word' id='word_1_264' title='bbox 287 2131 399 2166; x_wconf 82' lang='lat' dir='ltr'>fensus</span> <span class='ocrx_word' id='word_1_265' title='bbox 422 2131 506 2169; x_wconf 84' lang='lat' dir='ltr'>tibi,</span> <span class='ocrx_word' id='word_1_266' title='bbox 539 2142 677 2175; x_wconf 84' lang='lat' dir='ltr'>regnum</span> <span class='ocrx_word' id='word_1_267' title='bbox 701 2137 791 2165; x_wconf 87' lang='lat' dir='ltr'>tuum</span> <span class='ocrx_word' id='word_1_268' title='bbox 815 2133 859 2166; x_wconf 87' lang='lat' dir='ltr'>ad</span> <span class='ocrx_word' id='word_1_269' title='bbox 890 2133 1018 2167; x_wconf 82' lang='lat' dir='ltr'>exitum</span> <span class='ocrx_word' id='word_1_270' title='bbox 1041 2133 1237 2178; x_wconf 78' lang='lat' dir='ltr'>perduxit.“</span> <span class='ocrx_word' id='word_1_271' title='bbox 1282 2133 1379 2167; x_wconf 87' lang='lat' dir='ltr'>Haec</span> <span class='ocrx_word' id='word_1_272' title='bbox 1401 2133 1459 2166; x_wconf 89' lang='lat' dir='ltr'>ubi</span> <span class='ocrx_word' id='word_1_273' title='bbox 1481 2131 1627 2166; x_wconf 81' lang='lat' dir='ltr'>audisset</span> <span class='ocrx_word' id='word_1_274' title='bbox 1647 2132 1739 2174; x_wconf 84' lang='lat' dir='ltr'>Rex,</span> 
     </span>
     <span class='ocr_line' id='line_1_32' title="bbox 289 2176 1740 2224; baseline 0.001 -15"><span class='ocrx_word' id='word_1_275' title='bbox 289 2176 428 2210; x_wconf 84' lang='lat' dir='ltr'>dimittit</span> <span class='ocrx_word' id='word_1_276' title='bbox 443 2176 557 2218; x_wconf 83' lang='lat' dir='ltr'>iilum,</span> <span class='ocrx_word' id='word_1_277' title='bbox 581 2177 821 2221; x_wconf 85' lang='lat' dir='ltr'>praedictionis</span> <span class='ocrx_word' id='word_1_278' title='bbox 845 2183 1000 2211; x_wconf 87' lang='lat' dir='ltr'>eventum</span> <span class='ocrx_word' id='word_1_279' title='bbox 1020 2182 1270 2224; x_wconf 80' lang='lat' dir='ltr'><strong>expectaturus.</strong></span> <span class='ocrx_word' id='word_1_280' title='bbox 1317 2177 1437 2212; x_wconf 83' lang='lat' dir='ltr'>Paucis</span> <span class='ocrx_word' id='word_1_281' title='bbox 1460 2189 1542 2212; x_wconf 88' lang='lat' dir='ltr'>vero</span> <span class='ocrx_word' id='word_1_282' title='bbox 1567 2182 1645 2222; x_wconf 86' lang='lat' dir='ltr'>post</span> <span class='ocrx_word' id='word_1_283' title='bbox 1663 2177 1740 2211; x_wconf 81' lang='lat' dir='ltr'>die-</span> 
     </span>
     <span class='ocr_line' id='line_1_33' title="bbox 290 2221 1740 2268; baseline 0.002 -14"><span class='ocrx_word' id='word_1_284' title='bbox 290 2222 372 2263; x_wconf 89' lang='lat' dir='ltr'>bus,</span> <span class='ocrx_word' id='word_1_285' title='bbox 395 2221 519 2256; x_wconf 81' lang='lat' dir='ltr'>Darius</span> <span class='ocrx_word' id='word_1_286' title='bbox 542 2222 679 2263; x_wconf 86' lang='lat' dir='ltr'>Medus,</span> <span class='ocrx_word' id='word_1_287' title='bbox 704 2233 778 2256; x_wconf 88' lang='lat' dir='ltr'>cum</span> <span class='ocrx_word' id='word_1_288' title='bbox 802 2235 920 2256; x_wconf 84' lang='lat' dir='ltr'>annum</span> <span class='ocrx_word' id='word_1_289' title='bbox 944 2230 1065 2267; x_wconf 80' lang='lat' dir='ltr'>ageret</span> <span class='ocrx_word' id='word_1_290' title='bbox 1086 2224 1343 2268; x_wconf 81' lang='lat' dir='ltr'>sexagesimum,</span> <span class='ocrx_word' id='word_1_291' title='bbox 1368 2228 1486 2258; x_wconf 84' lang='lat' dir='ltr'>contra</span> <span class='ocrx_word' id='word_1_292' title='bbox 1507 2234 1624 2268; x_wconf 79' lang='lat' dir='ltr'>regem</span> <span class='ocrx_word' id='word_1_293' title='bbox 1647 2233 1740 2257; x_wconf 71' lang='lat' dir='ltr'>arma</span> 
     </span>
     <span class='ocr_line' id='line_1_34' title="bbox 291 2267 1261 2312; baseline 0.002 -11"><span class='ocrx_word' id='word_1_294' title='bbox 291 2267 416 2301; x_wconf 84' lang='lat' dir='ltr'>movit:</span> <span class='ocrx_word' id='word_1_295' title='bbox 452 2279 561 2312; x_wconf 89' lang='lat' dir='ltr'>eoque</span> <span class='ocrx_word' id='word_1_296' title='bbox 581 2267 784 2309; x_wconf 82' lang='lat' dir='ltr'>interfecto,</span> <span class='ocrx_word' id='word_1_297' title='bbox 807 2279 945 2312; x_wconf 82' lang='lat' dir='ltr'>regnum</span> <span class='ocrx_word' id='word_1_298' title='bbox 968 2269 1030 2302; x_wconf 84' lang='lat' dir='ltr'>sibi</span> <span class='ocrx_word' id='word_1_299' title='bbox 1053 2269 1261 2304; x_wconf 78' lang='lat' dir='ltr'>vendicavit.</span> 
     </span>
    </p>
   </div>
   <div class='ocr_carea' id='block_1_7' title="bbox 296 2334 1746 2743">
    <p class='ocr_par' dir='ltr' id='par_1_10' title="bbox 296 2334 1746 2743">
     <span class='ocr_line' id='line_1_35' title="bbox 383 2334 1741 2380; baseline 0.001 -12"><span class='ocrx_word' id='word_1_300' title='bbox 383 2334 522 2368; x_wconf 81' lang='lat' dir='ltr'>Darium</span> <span class='ocrx_word' id='word_1_301' title='bbox 544 2338 653 2369; x_wconf 84' lang='lat' dir='ltr'>autem</span> <span class='ocrx_word' id='word_1_302' title='bbox 685 2339 893 2380; x_wconf 81' lang='lat' dir='ltr'>exceperunt</span> <span class='ocrx_word' id='word_1_303' title='bbox 927 2336 1054 2370; x_wconf 86' lang='lat' dir='ltr'>caeteri</span> <span class='ocrx_word' id='word_1_304' title='bbox 1073 2336 1280 2380; x_wconf 84' lang='lat' dir='ltr'>Assyriorum</span> <span class='ocrx_word' id='word_1_305' title='bbox 1302 2347 1399 2380; x_wconf 85' lang='lat' dir='ltr'>reges</span> <span class='ocrx_word' id='word_1_306' title='bbox 1421 2347 1526 2380; x_wconf 88' lang='lat' dir='ltr'>usque</span> <span class='ocrx_word' id='word_1_307' title='bbox 1549 2335 1593 2369; x_wconf 81' lang='lat' dir='ltr'>ad</span> <span class='ocrx_word' id='word_1_308' title='bbox 1615 2336 1676 2369; x_wconf 82' lang='lat' dir='ltr'>Ast</span> <span class='ocrx_word' id='word_1_309' title='bbox 1702 2347 1741 2370; x_wconf 78' lang='lat' dir='ltr'>a-</span> 
     </span>
     <span class='ocr_line' id='line_1_36' title="bbox 296 2380 1741 2426; baseline 0.001 -13"><span class='ocrx_word' id='word_1_310' title='bbox 296 2391 389 2425; x_wconf 82' lang='lat' dir='ltr'>gem:</span> <span class='ocrx_word' id='word_1_311' title='bbox 424 2380 484 2426; x_wconf 87' lang='lat' dir='ltr'>qui</span> <span class='ocrx_word' id='word_1_312' title='bbox 517 2380 674 2425; x_wconf 83' lang='lat' dir='ltr'>deinceps</span> <span class='ocrx_word' id='word_1_313' title='bbox 703 2380 814 2414; x_wconf 85' lang='lat' dir='ltr'>Persis</span> <span class='ocrx_word' id='word_1_314' title='bbox 845 2381 1013 2425; x_wconf 84' lang='lat' dir='ltr'>regnavit.</span> <span class='ocrx_word' id='word_1_315' title='bbox 1064 2382 1229 2416; x_wconf 83' lang='lat' dir='ltr'>Movebat</span> <span class='ocrx_word' id='word_1_316' title='bbox 1253 2381 1307 2416; x_wconf 87' lang='lat' dir='ltr'>hic</span> <span class='ocrx_word' id='word_1_317' title='bbox 1330 2381 1452 2415; x_wconf 83' lang='lat' dir='ltr'>bellum</span> <span class='ocrx_word' id='word_1_318' title='bbox 1474 2385 1594 2415; x_wconf 82' lang='lat' dir='ltr'>contra</span> <span class='ocrx_word' id='word_1_319' title='bbox 1616 2381 1665 2425; x_wconf 82' lang='lat' dir='ltr'>Ly</span> <span class='ocrx_word' id='word_1_320' title='bbox 1693 2392 1741 2422; x_wconf 86' lang='lat' dir='ltr'>os,</span> 
     </span>
     <span class='ocr_line' id='line_1_37' title="bbox 296 2425 1742 2470; baseline 0.001 -12"><span class='ocrx_word' id='word_1_321' title='bbox 296 2426 427 2469; x_wconf 83' lang='lat' dir='ltr'>ingenti</span> <span class='ocrx_word' id='word_1_322' title='bbox 459 2425 596 2460; x_wconf 79' lang='lat' dir='ltr'>veniens</span> <span class='ocrx_word' id='word_1_323' title='bbox 618 2437 690 2461; x_wconf 80' lang='lat' dir='ltr'>cum</span> <span class='ocrx_word' id='word_1_324' title='bbox 723 2426 885 2459; x_wconf 80' lang='lat' dir='ltr'>exercitu.</span> <span class='ocrx_word' id='word_1_325' title='bbox 931 2426 1066 2460; x_wconf 78' lang='lat' dir='ltr'>Accidit</span> <span class='ocrx_word' id='word_1_326' title='bbox 1089 2431 1199 2460; x_wconf 85' lang='lat' dir='ltr'>autem</span> <span class='ocrx_word' id='word_1_327' title='bbox 1230 2427 1346 2461; x_wconf 87' lang='lat' dir='ltr'>eodem</span> <span class='ocrx_word' id='word_1_328' title='bbox 1368 2431 1522 2470; x_wconf 87' lang='lat' dir='ltr'>tempore</span> <span class='ocrx_word' id='word_1_329' title='bbox 1545 2426 1623 2460; x_wconf 82' lang='lat' dir='ltr'>solis</span> <span class='ocrx_word' id='word_1_330' title='bbox 1646 2426 1742 2460; x_wconf 77' lang='lat' dir='ltr'>defe-</span> 
     </span>
     <span class='ocr_line' id='line_1_38' title="bbox 299 2471 1742 2517; baseline 0.003 -14"><span class='ocrx_word' id='word_1_331' title='bbox 299 2471 388 2511; x_wconf 87' lang='lat' dir='ltr'>ctio,</span> <span class='ocrx_word' id='word_1_332' title='bbox 413 2482 501 2514; x_wconf 82' lang='lat' dir='ltr'>quae</span> <span class='ocrx_word' id='word_1_333' title='bbox 524 2483 587 2517; x_wconf 84' lang='lat' dir='ltr'>per</span> <span class='ocrx_word' id='word_1_334' title='bbox 610 2472 728 2505; x_wconf 73' lang='lat' dir='ltr'>multas</span> <span class='ocrx_word' id='word_1_335' title='bbox 750 2471 816 2504; x_wconf 90' lang='lat' dir='ltr'>diei</span> <span class='ocrx_word' id='word_1_336' title='bbox 841 2471 938 2504; x_wconf 83' lang='lat' dir='ltr'>horas</span> <span class='ocrx_word' id='word_1_337' title='bbox 962 2471 1118 2512; x_wconf 79' lang='lat' dir='ltr'>duravit3</span> <span class='ocrx_word' id='word_1_338' title='bbox 1154 2473 1240 2506; x_wconf 79' lang='lat' dir='ltr'>hanc</span> <span class='ocrx_word' id='word_1_339' title='bbox 1263 2483 1345 2505; x_wconf 88' lang='lat' dir='ltr'>vero</span> <span class='ocrx_word' id='word_1_340' title='bbox 1370 2471 1496 2505; x_wconf 77' lang='lat' dir='ltr'>Thales</span> <span class='ocrx_word' id='word_1_341' title='bbox 1520 2471 1742 2517; x_wconf 76' lang='lat' dir='ltr'>Philosophus</span> 
     </span>
     <span class='ocr_line' id='line_1_39' title="bbox 298 2515 1742 2562; baseline 0.002 -15"><span class='ocrx_word' id='word_1_342' title='bbox 298 2515 529 2559; x_wconf 78' lang='lat' dir='ltr'>praedixerat.</span> <span class='ocrx_word' id='word_1_343' title='bbox 576 2517 706 2551; x_wconf 85' lang='lat' dir='ltr'>Eodem</span> <span class='ocrx_word' id='word_1_344' title='bbox 739 2523 889 2562; x_wconf 84' lang='lat' dir='ltr'>tempore</span> <span class='ocrx_word' id='word_1_345' title='bbox 912 2516 1105 2551; x_wconf 72' lang='lat' dir='ltr'>Pisistratus</span> <span class='ocrx_word' id='word_1_346' title='bbox 1127 2529 1162 2550; x_wconf 85' lang='lat' dir='ltr'>se</span> <span class='ocrx_word' id='word_1_347' title='bbox 1185 2517 1266 2550; x_wconf 79' lang='lat' dir='ltr'>belli</span> <span class='ocrx_word' id='word_1_348' title='bbox 1301 2518 1416 2550; x_wconf 90' lang='lat' dir='ltr'>ducem</span> <span class='ocrx_word' id='word_1_349' title='bbox 1440 2515 1542 2561; x_wconf 80' lang='lat' dir='ltr'>Lydis</span> <span class='ocrx_word' id='word_1_350' title='bbox 1565 2517 1742 2562; x_wconf 80' lang='lat' dir='ltr'>praebuit3</span> 
     </span>
     <span class='ocr_line' id='line_1_40' title="bbox 303 2560 1743 2607; baseline 0.001 -14"><span class='ocrx_word' id='word_1_351' title='bbox 303 2560 360 2604; x_wconf 86' lang='lat' dir='ltr'>qui</span> <span class='ocrx_word' id='word_1_352' title='bbox 383 2572 457 2594; x_wconf 85' lang='lat' dir='ltr'>curn</span> <span class='ocrx_word' id='word_1_353' title='bbox 482 2561 594 2595; x_wconf 84' lang='lat' dir='ltr'>Persis</span> <span class='ocrx_word' id='word_1_354' title='bbox 623 2573 730 2607; x_wconf 87' lang='lat' dir='ltr'>aequo</span> <span class='ocrx_word' id='word_1_355' title='bbox 754 2563 867 2596; x_wconf 83' lang='lat' dir='ltr'>Marte</span> <span class='ocrx_word' id='word_1_356' title='bbox 890 2566 1096 2607; x_wconf 83' lang='lat' dir='ltr'>pugnantes,</span> <span class='ocrx_word' id='word_1_357' title='bbox 1132 2562 1248 2595; x_wconf 80' lang='lat' dir='ltr'>saltem</span> <span class='ocrx_word' id='word_1_358' title='bbox 1270 2573 1336 2594; x_wconf 91' lang='lat' dir='ltr'>non</span> <span class='ocrx_word' id='word_1_359' title='bbox 1359 2565 1434 2594; x_wconf 90' lang='lat' dir='ltr'>sunt</span> <span class='ocrx_word' id='word_1_360' title='bbox 1464 2561 1603 2596; x_wconf 84' lang='lat' dir='ltr'>devicti.</span> <span class='ocrx_word' id='word_1_361' title='bbox 1651 2561 1743 2604; x_wconf 80' lang='lat' dir='ltr'>Quin</span> 
     </span>
     <span class='ocr_line' id='line_1_41' title="bbox 304 2606 1746 2650; baseline 0.001 -12"><span class='ocrx_word' id='word_1_362' title='bbox 304 2610 340 2638; x_wconf 88' lang='lat' dir='ltr'>et</span> <span class='ocrx_word' id='word_1_363' title='bbox 362 2606 527 2650; x_wconf 79' lang='lat' dir='ltr'>Astyages</span> <span class='ocrx_word' id='word_1_364' title='bbox 557 2607 645 2640; x_wconf 84' lang='lat' dir='ltr'>uitro</span> <span class='ocrx_word' id='word_1_365' title='bbox 670 2607 873 2641; x_wconf 78' lang='lat' dir='ltr'>retrocessit.</span> <span class='ocrx_word' id='word_1_366' title='bbox 920 2608 1020 2648; x_wconf 84' lang='lat' dir='ltr'>Quod</span> <span class='ocrx_word' id='word_1_367' title='bbox 1044 2618 1118 2640; x_wconf 89' lang='lat' dir='ltr'>cum</span> <span class='ocrx_word' id='word_1_368' title='bbox 1148 2606 1387 2640; x_wconf 81' lang='lat' dir='ltr'>intellexissent</span> <span class='ocrx_word' id='word_1_369' title='bbox 1409 2606 1539 2649; x_wconf 79' lang='lat' dir='ltr'>Pisaei,</span> <span class='ocrx_word' id='word_1_370' title='bbox 1576 2606 1746 2642; x_wconf 86' lang='lat' dir='ltr'>Solemni-</span> 
     </span>
     <span class='ocr_line' id='line_1_42' title="bbox 302 2651 1745 2696; baseline 0.003 -14"><span class='ocrx_word' id='word_1_371' title='bbox 302 2653 407 2683; x_wconf 67' lang='lat' dir='ltr'>tatem</span> <span class='ocrx_word' id='word_1_372' title='bbox 437 2651 526 2685; x_wconf 85' lang='lat' dir='ltr'>illam</span> <span class='ocrx_word' id='word_1_373' title='bbox 557 2651 698 2686; x_wconf 83' lang='lat' dir='ltr'>alteram</span> <span class='ocrx_word' id='word_1_374' title='bbox 730 2653 846 2696; x_wconf 72' lang='lat' dir='ltr'>Pythii</span> <span class='ocrx_word' id='word_1_375' title='bbox 879 2652 1085 2693; x_wconf 83' lang='lat' dir='ltr'>certaminis,</span> <span class='ocrx_word' id='word_1_376' title='bbox 1131 2651 1208 2686; x_wconf 88' lang='lat' dir='ltr'>solis</span> <span class='ocrx_word' id='word_1_377' title='bbox 1230 2651 1265 2685; x_wconf 90' lang='lat' dir='ltr'>in</span> <span class='ocrx_word' id='word_1_378' title='bbox 1287 2652 1465 2694; x_wconf 79' lang='lat' dir='ltr'>honorem,</span> <span class='ocrx_word' id='word_1_379' title='bbox 1511 2653 1745 2694; x_wconf 77' lang='lat' dir='ltr'>celebrarunt3</span> 
     </span>
     <span class='ocr_line' id='line_1_43' title="bbox 305 2695 1348 2743; baseline 0.001 -14"><span class='ocrx_word' id='word_1_380' title='bbox 305 2695 520 2740; x_wconf 81' lang='lat' dir='ltr'>subjicientes</span> <span class='ocrx_word' id='word_1_381' title='bbox 541 2709 612 2731; x_wconf 72' lang='lat' dir='ltr'>sese</span> <span class='ocrx_word' id='word_1_382' title='bbox 635 2698 806 2742; x_wconf 83' lang='lat' dir='ltr'>Lydorum</span> <span class='ocrx_word' id='word_1_383' title='bbox 828 2698 968 2743; x_wconf 90' lang='lat' dir='ltr'>imperio</span> <span class='ocrx_word' id='word_1_384' title='bbox 981 2722 993 2740; x_wconf 87' lang='lat'><strong>‚</strong></span> <span class='ocrx_word' id='word_1_385' title='bbox 1026 2703 1062 2731; x_wconf 89' lang='lat' dir='ltr'>et</span> <span class='ocrx_word' id='word_1_386' title='bbox 1083 2697 1244 2742; x_wconf 83' lang='lat' dir='ltr'>potestati</span> <span class='ocrx_word' id='word_1_387' title='bbox 1266 2697 1348 2740; x_wconf 88' lang='lat' dir='ltr'>ejus.</span> 
     </span>
    </p>
   </div>
   <div class='ocr_carea' id='block_1_8' title="bbox 392 2762 1746 2812">
    <p class='ocr_par' dir='ltr' id='par_1_11' title="bbox 392 2762 1746 2812">
     <span class='ocr_line' id='line_1_44' title="bbox 392 2762 1746 2812; baseline 0.002 -16"><span class='ocrx_word' id='word_1_388' title='bbox 392 2762 536 2810; x_wconf 73' lang='lat' dir='ltr'>Posteris</span> <span class='ocrx_word' id='word_1_389' title='bbox 566 2763 689 2800; x_wconf 84' lang='lat' dir='ltr'>deinde</span> <span class='ocrx_word' id='word_1_390' title='bbox 710 2765 936 2812; x_wconf 80' lang='lat' dir='ltr'>temporibus,</span> <span class='ocrx_word' id='word_1_391' title='bbox 969 2764 1070 2800; x_wconf 84' lang='lat' dir='ltr'>iidem</span> <span class='ocrx_word' id='word_1_392' title='bbox 1091 2764 1203 2800; x_wconf 79' lang='lat' dir='ltr'>Pisaei</span> <span class='ocrx_word' id='word_1_393' title='bbox 1224 2764 1359 2800; x_wconf 81' lang='lat' dir='ltr'>tertiam</span> <span class='ocrx_word' id='word_1_394' title='bbox 1392 2762 1636 2802; x_wconf 72' lang='lat' dir='ltr'>solennitatem</span> <span class='ocrx_word' id='word_1_395' title='bbox 1657 2763 1746 2799; x_wconf 83' lang='lat' dir='ltr'>indi-</span> 
     </span>
    </p>
   </div>
  </div>
 </body>
</html>
