1852 3236
678 198 1092 244 PRAEMONITIO.
1516 218 1610 244 x111

160 319 272 374 quod
286 319 465 372 quamvis
485 331 564 358 non
586 331 730 371 semper
757 315 975 370 peregrinis
1005 313 1233 367 hujusmodi
1252 311 1483 353 Nominibus
1505 326 1613 353 assu.

158 394 289 429 matur
306 387 454 427 Graeca
472 384 736 435 Terminatio‚
767 390 924 423 constat
950 390 1083 423 tamen
1104 382 1148 422 id
1168 396 1242 422 usu
1263 383 1483 436 saepissime
1501 383 1615 421 veni·-

157 470 214 497 τε.
271 455 338 494 Sic
367 467 526 508 quoque
550 453 653 492 inter
679 452 932 491 Recentiores
971 451 1047 503 (ut
1076 451 1190 490 missa
1219 451 1412 490 faciamus
1435 448 1613 505 infinita)

158 521 387 576 Αλληλοῦϊα
420 522 680 571 vocabulum,
721 534 811 559 cum
850 534 924 573 pro
956 518 1121 558 Nomine
1148 519 1288 570 Virili,
1325 524 1370 557 ut
1398 518 1438 556 in
1469 518 1612 557 Codice

160 591 334 645 quodam
351 591 434 631 MS.
451 596 683 643 usurpatur,
711 588 829 628 scribi
849 588 1097 640 Αλληλουίας
1119 587 1478 628 animadvertimus.
1509 590 1615 628 Δοῦ.

159 662 228 709 λος
254 662 336 700 τῶν
363 655 520 700 δούλων
550 661 625 699 τοῦ
654 660 758 698 θεοῦ
792 653 1033 710 Μαρδάριος
1063 653 1228 709 μοναχός
1255 654 1420 708 ἐπίκλην
1447 654 1615 709 ὅΑλλη-

158 728 308 776 λουίας.
372 726 479 766 Haec
517 722 710 779 (Lector)
745 723 973 776 scripsimus
1006 724 1098 762 olim
1130 723 1179 763 ad
1206 723 1362 762 Amicos
1396 724 1615 763 eruditissi-

157 809 261 835 mos:
290 795 320 834 ii
345 802 476 834 tamen
502 790 639 849 (quod
666 794 784 846 plane
810 788 1025 847 miramur)
1056 792 1110 830 ita
1143 798 1277 830 contra
1299 793 1380 831 Nos
1406 793 1616 831 instituunt

159 863 494 917 Disputationem,
526 863 638 914 quasi
659 860 995 900 contendissemus
1008 889 1019 909 ‚
1049 873 1129 898 non
1153 860 1270 899 modo
1289 861 1460 913 potuisse
1475 860 1517 899 in
1534 859 1616 900 Re-

160 941 224 972 cto
246 930 364 971 scribi
386 926 583 979 Μαλᾶλα,
613 930 682 968 sed
710 935 749 969 et
779 930 904 982 reipsa
932 928 990 967 sic
1016 928 1209 980 scriptum
1236 927 1380 979 fuisse,
1417 929 1615 982 scribique

159 1000 217 1039 sic
237 997 421 1040 debuisse.

271 1067 360 1106 Hoc
378 1068 513 1119 itaque
534 1073 707 1119 ponatur
729 1065 780 1104 de
801 1063 1041 1103 Graecanica
1061 1063 1362 1106 Terminatione.
1405 1065 1617 1105 Videamus

156 1135 239 1190 jam
259 1133 309 1174 de
326 1133 497 1174 Latinis.
555 1134 614 1173 An
632 1133 691 1172 illi
709 1130 894 1172 Malalas
914 1144 983 1170 seu
1000 1129 1176 1170 Mulelas
1194 1133 1366 1172 scribent
1386 1148 1474 1174 cum
1494 1136 1618 1174 Grae-

160 1203 244 1243 cis?
277 1201 342 1241 An
357 1201 493 1255 potius
521 1206 736 1253 sequentur
758 1198 944 1254 Syrorum
967 1198 1226 1251 originariam
1240 1199 1261 1239 ‘3
1293 1202 1406 1240 Certe
1428 1202 1620 1244 Graecam

158 1269 245 1324 Ego
277 1283 358 1309 non
383 1283 540 1319 moror,
579 1282 668 1308 cum
699 1274 886 1320 appareat
919 1265 1169 1321 originaria,
1200 1274 1238 1307 et
1265 1269 1340 1309 ista
1370 1283 1445 1308 usu
1462 1271 1618 1322 vulgari

159 1352 240 1377 non
249 1339 418 1391 jamjam
437 1336 489 1375 sit
505 1335 686 1374 stabilita.
743 1336 842 1375 Mihi
860 1336 991 1388 placet
1008 1337 1199 1386 Syrorum
1216 1338 1424 1389 genuinum
1443 1340 1621 1378 vocabu-

160 1407 244 1446 lum
263 1403 488 1445 MALALA:
519 1418 609 1443 nam
643 1404 806 1444 eandem
834 1403 1151 1444 terminationem
1174 1403 1214 1443 in
1236 1403 1421 1462 Virorum
1442 1407 1621 1446 Nomini-

159 1474 237 1514 bus
258 1487 376 1526 quam
403 1472 572 1512 maxime
600 1478 731 1511 amant
750 1473 900 1522 Latini,
930 1479 976 1511 ut
1003 1473 1045 1510 in
1066 1470 1235 1522 Seneca,
1256 1459 1434 1524 ‘Nasicffi
1463 1475 1622 1515 Messa-

161 1540 225 1592 la,
256 1541 423 1593 aliisque
456 1541 663 1580 sexcentis.
731 1541 830 1579 Cum
867 1547 975 1580 certo
1007 1540 1120 1579 nobis
1153 1541 1376 1579 innotescat
1410 1542 1621 1593 genuinum

160 1609 398 1650 vocabulum
428 1608 662 1659 MALALA,
702 1622 790 1648 cum
819 1615 952 1647 exacte
980 1608 1023 1646 id
1047 1609 1256 1648 conveniat
1285 1609 1522 1660 Linguarum
1552 1625 1623 1649 no-

165 1674 337 1718 strarum
357 1675 594 1728 Analogiae,
625 1690 715 1716 cum
739 1677 902 1729 insuper
925 1675 1024 1715 haec
1053 1677 1294 1716 Terminatio
1319 1677 1399 1728 jam
1419 1691 1494 1716 usu
1516 1692 1624 1733 com-

162 1744 273 1784 muni
296 1744 531 1795 obtinuerit3
572 1745 670 1797 quid
700 1745 835 1794 nobis,
878 1744 1038 1793 amabo,
1070 1743 1187 1795 quid,
1218 1758 1384 1796 precor,
1416 1746 1449 1784 si
1484 1743 1626 1785 Graeci

158 1815 218 1869 τῷ
236 1815 274 1853 Α
298 1826 408 1851 suum
428 1816 468 1852 Σ
488 1813 714 1853 addebant?
746 1812 844 1860 Quis
877 1826 1018 1864 aquam
1051 1824 1102 1851 ex
1130 1810 1256 1851 rivulo
1283 1812 1441 1852 hauriet
1465 1814 1622 1865 quando

163 1881 274 1920 adest
292 1880 378 1933 ipsa
385 1877 566 1936 fontana
581 1910 592 1931 ,
624 1894 745 1933 eaque
765 1886 803 1920 et
821 1880 908 1919 usui
940 1887 978 1920 et
1003 1879 1137 1933 palato
1166 1881 1492 1920 convenientior?
1523 1881 1622 1929 Quis

137 1949 289 1989 'sciens
315 1948 422 1987 dicet
449 1945 656 1987 Abdallas
691 1954 759 1987 aut
783 1946 965 1987 Abdelas
993 1949 1120 2000 (quae
1154 1948 1316 1987 Graecis
1347 1955 1406 1988 est
1435 1949 1621 1988 usitatior

162 2012 436 2070 Terminatio)
466 2020 505 2054 et
531 2028 613 2054 non
643 2028 733 2054 cum
760 2015 956 2056 Arabibus
984 2014 1204 2056 Abdalla?
1238 2017 1290 2055 At
1315 2016 1454 2069 objicis
1482 2017 1619 2056 nobis:

164 2086 263 2124 Cum
289 2084 459 2123 arrideat
487 2095 613 2135 usque
639 2083 736 2123 adeo
755 2085 905 2124 Nomen
927 2083 1159 2139 Syriacum,
1190 2098 1262 2123 cur
1280 2099 1302 2123 a
1329 2082 1509 2132 Graecis,
1538 2100 1618 2124 non

165 2152 295 2207 Syris,
334 2151 540 2191 derivatur
580 2150 719 2189 Autori
751 2150 1022 2194 Praenomen?
1068 2166 1140 2192 cur
1179 2153 1328 2192 dicitur
1362 2154 1618 2192 praenomine

163 2221 409 2270 JOANNES‚
438 2224 476 2258 et
492 2232 595 2269 non,
625 2225 669 2258 ut
696 2232 737 2259 se
761 2219 881 2261 habet
905 2219 1083 2276 Syriam,
1124 2221 1421 2261 JUHHANAN‘?
1461 2222 1517 2260 Ne
1543 2222 1620 2260 sibi

141 2338 144 2342 ⁴
164 2288 373 2342 Tropbaea
389 2287 457 2327 hic
475 2287 617 2339 aliquis
636 2294 779 2328 temere
798 2296 962 2330 statuat=
997 2304 1044 2330 en
1066 2290 1150 2340 tibi,
1169 2290 1434 2343 Responsum:
1465 2303 1616 2342 nempe,

165 2358 258 2411 quia
276 2356 499 2396 JOANNES
517 2357 759 2396 Praenomen
781 2355 970 2398 Latinum
989 2359 1070 2412 jam
1087 2359 1238 2398 factum
1262 2365 1331 2397 est.
1389 2359 1439 2397 At
1459 2370 1537 2409 quo
1558 2371 1621 2397 me

164 2426 298 2466 ferunt
329 2424 405 2464 hae
436 2423 590 2475 nugae?
619 2424 826 2465 MALALA
853 2434 921 2467 aut
946 2427 1180 2467 MALALAS
1212 2441 1285 2480 pro
1308 2426 1469 2466 arbitrio
1489 2425 1623 2468 dicant

163 2494 333 2534 Eruditi.
390 2494 510 2531 Suam
528 2492 594 2530 alii
612 2494 841 2533 sententiam
868 2503 1095 2548 sequantur.
1154 2497 1234 2548 Ego
1262 2509 1353 2534 sane
1370 2508 1449 2532 non
1473 2507 1539 2533 ero
1561 2507 1623 2532 so-

165 2562 297 2601 licitus
324 2562 375 2602 de
403 2561 596 2615 ejusmodi
627 2561 799 2614 ineptiis.
867 2563 914 2603 Et
952 2565 1020 2616 qui
1060 2566 1161 2604 istoc
1190 2562 1482 2610 Selclenianum‚
1520 2561 1624 2614 Περὶ

165 2627 310 2679 παντὸς
325 2627 399 2683 τήν
421 2630 674 2682 ἐλευθερίαν,
704 2632 839 2670 saltem
867 2632 909 2670 in
931 2632 1202 2687 Philologicis,
1232 2630 1328 2670 Mihi
1349 2629 1507 2683 ipsimet
1526 2642 1625 2668 ven-

167 2696 273 2747 dico,
303 2710 471 2749 aequum
489 2704 550 2737 est
567 2705 612 2737 ut
628 2699 714 2737 aliis
734 2699 893 2739 eandem
913 2698 1125 2740 libertatem
1146 2699 1370 2739 concedam.
1426 2697 1513 2736 Hoc
1534 2704 1622 2736 tan-

167 2769 252 2803 tum
280 2765 513 2815 submone03
555 2780 601 2805 eo
630 2781 774 2819 usque,
805 2769 847 2807 in
874 2767 1108 2808 Nominibus
1129 2766 1331 2817 Virorum,
1361 2765 1394 2805 A
1424 2765 1621 2805 Termina-

167 2830 274 2872 tione
293 2831 504 2874 delectatos
534 2834 656 2874 fuisse
678 2834 860 2885 Latinos,
890 2842 936 2875 ut
963 2837 1005 2874 in
1027 2835 1106 2874 illis
1137 2835 1254 2888 ipsis,
1286 2847 1386 2888 quae
1418 2848 1441 2871 a
1460 2834 1619 2873 Graecis
