1838 3230
312 179 409 228 444
700 178 985 223 IOANNIS
1013 181 1350 224 MALALAE

304 295 583 356 Ἰουστινιανῷ.
651 297 716 339 καὶ
735 293 966 351 ἔδωρνζσατο
994 299 1113 341 θείαν
1131 300 1362 355 φιλοτιμίαν
1384 305 1470 350 τοῖς
1500 299 1741 358 Ἀντιοχεῦσι
1783 285 1789 294 ²

311 365 377 406 καὶ
401 366 651 407 Λαοδικεῦσι
693 365 760 406 καὶ
792 364 1043 418 Σελευκέων,
1079 364 1181 409 ὥστε
1212 372 1486 423 κουφισθῆναι
1507 369 1582 424 τὴν
1607 369 1741 413 αὗτῶν

260 440 292 476 C
313 431 535 474 συντέλειαν
550 432 613 474 ἐπὶ
628 430 697 484 ἴτη
715 431 830 487 τρία,
855 430 1122 488 χαρισάμενος
1148 442 1238 484 ταῖς
1264 435 1405 485 αὐταῖς
1436 433 1573 480 πόλεσι
1601 437 1742 494 λίτρας

311 501 517 548 διακοσίας
558 500 624 540 καὶ
642 506 726 548 τοῖς
744 497 954 555 κτήτορσιν
974 500 1087 551 ἀξίας
1104 503 1378 557 ῗλλουστρίων.

408 566 473 608 Ἔν
506 566 550 607 δὲ
565 570 622 624 τῷ
654 566 764 624 αὐτῷ
787 564 918 625 χρόνῳ
951 566 1126 625 ἀνεφάνη
1172 570 1213 612 ἐν
1240 577 1324 619 τοῖς
1352 572 1569 626 Περσικοῖς
1602 569 1772 627 μέρεσιό

165 645 198 678 O
226 645 290 681 178
312 631 441 688 δόγμα
457 631 735 687 Μανιχαϊκόν*
771 635 837 676 καὶ
864 634 1015 689 μαθών
1039 634 1060 678 ὅ
1084 641 1164 679 τῶν
1197 640 1372 693 Περσῶν
1412 637 1603 691 βασιλεὺς
1640 637 1743 693 ἠγα-

310 700 525 755 νάκτησεν·
570 699 763 750 ὡσαύτως
793 701 837 743 δὲ
871 703 937 743 καὶ
977 703 1015 744 οἱ
1048 701 1260 760 ἄρχιμάγοι
1291 709 1371 747 τῶν
1398 707 1592 761 Περσῶν·
1637 700 1742 759 ἦσαν

310 768 387 823 γὰρ
408 766 641 822 ποιήσαντες
667 769 706 810 οἲ
723 768 837 811 αὐτοὶ
858 772 1080 823 Μανιχαΐοι
1102 773 1167 812 καὶ
1197 772 1434 824 ἐπίσκοπον,
1470 769 1638 826 ὀνόματι
1664 771 1742 814 Ἰν-

312 833 507 891 δαράζαρ.
577 833 598 878 ὅ
624 836 668 877 δὲ
685 835 873 888 βασιλεῦς
892 840 1066 892 Περσῶν
1096 838 1286 881 σιλέντιον
1314 837 1509 894 ποιήσας,
1545 840 1611 881 καὶ
1638 836 1744 881 πάν-

311 920 387 952 τας
424 902 572 952 αὖτοὺς
617 903 868 958 κατεσχηκὼς
921 906 986 945 καὶ
1021 904 1093 946 τὸν
1122 906 1334 949 ἐπίσκοπον
1370 910 1451 948 τῶν
1482 907 1738 960 Μανιχαίων,
1754 910 1798 944 10

312 967 456 1013 κελεύει
475 974 526 1027 τῇ
545 969 783 1027 παρεστώσῃ
814 971 923 1028 αὐτῷ
946 969 1099 1030 ἐνόπλῳ
1119 977 1315 1032 στρατιᾷ,
1353 974 1417 1015 καὶ
1438 973 1666 1026 κατέκοψαν
1684 974 1745 1023 ξί-

312 1053 404 1094 φεσι
422 1035 575 1087 πάντας
595 1037 691 1087 τούς
709 1039 965 1092 Μανιχαίους
986 1041 1052 1081 καὶ
1077 1040 1148 1083 τὸν
1174 1041 1387 1083 ἐπίσκοπον
1405 1040 1538 1083 αὐτῶν
1580 1040 1655 1082 σὺν
1685 1044 1744 1098 ‘teg'

315 1103 447 1162 κλήρῳ
469 1105 593 1147 αὐτοῦ
609 1119 618 1129 ·
654 1107 719 1147 καὶ
738 1104 1016 1161 ἐφονεύθησαν
1037 1104 1183 1157 πάντες
1213 1108 1270 1150 ἐπ’
1291 1107 1409 1161 ὄψεσι
1428 1111 1501 1150 τοῢ
1520 1106 1645 1149 αὕτοῦ
1664 1111 1746 1160 βα-

261 1173 293 1207 Ῑ)
317 1172 455 1221 σιλέως
475 1173 540 1213 καὶ
560 1177 632 1214 τοῦ
644 1171 860 1215 ἐπισκόπου
888 1178 969 1216 τῶν
985 1179 1238 1229 χριστιανῶν.
1307 1173 1589 1229 ἐδημεύθησαν
1609 1175 1653 1216 δὲ
1673 1176 1742 1216 καὶ

313 1240 356 1281 αἱ
375 1236 613 1289 ὖποστάσεις
630 1239 776 1291 αὐτῶν,
790 1242 855 1282 καὶ
875 1241 947 1290 τὰς
957 1242 1165 1296 ἐκκλησίας
1181 1242 1314 1284 αὐτῶν
1327 1242 1472 1284 δέδωκε
1485 1248 1570 1291 τοῖς
1581 1257 1738 1296 χριστι-
1752 1250 1798 1284 15

313 1313 437 1358 ανοΐς,
460 1306 667 1359 ἐκπέμψας
685 1308 801 1355 θείας
819 1305 944 1350 αὗτοῢ
967 1306 1121 1363 σάκρας
1139 1310 1180 1351 ἓν
1195 1314 1244 1365 τῇ
1266 1307 1330 1351 ὕπ’
1354 1309 1479 1352 αὗτοῢ
1496 1308 1745 1365 διοικουμένῃ

311 1374 504 1432 πολιτείᾳ,
527 1372 627 1416 ὥστε
645 1373 714 1415 τὸν
726 1372 1002 1429 εὑρισκόμενον
1013 1378 1244 1430 Μανιχαΐον
1256 1377 1526 1433 πυρίκαυστον
1542 1376 1743 1431 γενέσθαι·

312 1442 379 1483 καὶ
405 1440 479 1489 τὰς
505 1442 672 1494 βίβλους
692 1442 734 1483 δὲ
745 1440 877 1483 αὐτῶν
899 1439 1032 1492 πάσας
1059 1443 1309 1486 κατέκαυσεν.
1380 1442 1496 1485 ἅτινα
1527 1440 1744 1497 διηγήσατο

309 1505 583 1564 βασταγάριος
602 1511 788 1563 Περσῶν,
826 1507 936 1558 ὅστις
954 1511 1194 1562 βαπτισθεὶς
1210 1508 1437 1564 μετεκλήθη
1457 1507 1674 1563 Τιμόθεος.

405 1574 471 1616 Ἐν
493 1574 603 1632 αὐτῷ
625 1576 669 1617 δὲ
687 1579 744 1633 τῷ
757 1573 890 1633 χρόνῳ
911 1574 1152 1630 ὅῬωμαίων
1172 1577 1361 1630 βασιλεὺς
1396 1577 1442 1619 τὸ
1477 1575 1652 1631 κάστρον
1695 1575 1799 1621 τόΞΟ

312 1639 519 1696 λεγόμενον
544 1640 802 1698 Ἀνάσαρθον
834 1642 1065 1696 μετεκάλεσε
1094 1642 1355 1699 Θεοδωριάδα
1379 1645 1434 1693 εἲς
1452 1643 1499 1686 τὸ
1523 1643 1651 1696 ὄνομα
1672 1647 1746 1696 τῆς

165 1707 198 1740 Ο
224 1708 288 1743 179
311 1707 576 1764 Αὖγούστας,
612 1709 872 1767 παρεσχηκὼς
901 1712 967 1752 καὶ
997 1712 1132 1754 δίκαια
1161 1709 1325 1760 πόλεως.
1395 1709 1542 1765 ὅμοίως
1572 1710 1617 1753 δὲ
1635 1709 1682 1752 τὸ
1703 1711 1744 1752 ἐν

314 1774 487 1826 Σούσοις
506 1775 679 1833 κάστρον
699 1775 980 1832 μετωνόμασεν
1007 1777 1418 1822 Ἰουστινιανούπολιν.

401 1851 435 1885 2.
459 1849 686 1896 Σελευκέσιν]
710 1851 753 1887 V.
777 1851 820 1886 ad
842 1862 878 1898 p.
902 1850 958 1887 47.
982 1851 1024 1889 Β.

314 1909 417 1944 Urbis
447 1910 726 1955 conscripserunt.
783 1910 984 1945 Justinianus
1017 1915 1128 1945 autem
1159 1910 1202 1946 de
1224 1911 1275 1945 his
1307 1910 1454 1946 omnibus
1475 1910 1600 1945 certior
1622 1910 1743 1951 factus,

313 1965 376 1999 pro
399 1955 512 1989 divina
532 1967 592 1990 sua
614 1955 857 1997 munificentia,
881 1956 1172 1998 Antiochensibus,
1196 1955 1412 1999 Laodicenis,
1435 1960 1471 1990 et
1492 1955 1745 1989 Seleucensibus

313 2000 443 2033 tributa
476 2001 585 2034 omnia
605 2000 641 2034 in
671 2000 848 2035 triennium
877 2001 1020 2036 remisit:
1059 2001 1220 2035 concessis
1251 2001 1371 2043 etiam,
1412 2000 1447 2035 in
1478 1999 1608 2034 urbium
1631 2001 1746 2033 harum

315 2043 545 2089 [singularum]
569 2045 851 2087 instaurationem,
873 2046 963 2080 libris
985 2046 1157 2088 ducentis3
1178 2045 1382 2082 Primoribus
1404 2046 1506 2081 etiam
1527 2045 1656 2079 urbium
1677 2044 1746 2078 sin-

314 2089 468 2132 gularum
490 2089 665 2124 Illustrium
689 2090 855 2135 dignitate
881 2091 996 2125 auctis.

403 2133 533 2168 Eodem
555 2138 704 2180 tempore
727 2136 994 2170 Manichaeorum
1016 2136 1165 2181 Dogma,
1195 2136 1231 2169 in
1252 2135 1395 2171 Persicis
1417 2134 1610 2179 regionibus
1631 2132 1746 2178 repul-

314 2178 432 2219 lulans,
454 2179 584 2212 radices
607 2191 646 2213 eo
669 2192 774 2224 usque
798 2186 927 2225 egerat,
950 2187 990 2215 ut
1011 2182 1211 2226 Episcopum
1235 2181 1334 2215 etiam
1355 2180 1430 2222 sibi,
1454 2179 1584 2214 nomine
1605 2178 1747 2212 Indara-

315 2234 388 2265 zar,
411 2223 661 2258 constituerent.
695 2225 795 2264 Quod
819 2226 892 2259 Rex
915 2227 1091 2260 Persarum
1115 2226 1172 2260 ubi
1195 2225 1399 2266 rescivisset3
1422 2229 1458 2258 et
1478 2225 1551 2268 ipse
1572 2221 1747 2256 Archima-

315 2268 419 2313 gique
441 2269 510 2312 ejus
532 2268 585 2302 ira
607 2270 760 2302 commoti
782 2276 868 2304 sunt.
926 2271 1000 2304 Rex
1023 2271 1140 2314 itaque
1158 2270 1288 2305 silentio
1312 2273 1509 2310 convocato,
1532 2267 1746 2302 Manichaeos

315 2324 447 2354 omnes,
484 2323 552 2346 una.
574 2325 645 2347 cum
670 2313 835 2358 Episcopo
870 2327 931 2349 suo
954 2315 1186 2360 comprehendi
1204 2317 1318 2360 jussit=
1364 2313 1483 2358 quibus
1505 2324 1616 2346 coram
1639 2311 1746 2346 addu-

314 2358 398 2399 ctis,
431 2357 615 2399 exercitui,
643 2358 680 2392 in
702 2359 877 2402 procinctu
900 2361 1023 2394 astanti
1052 2360 1088 2394 in
1110 2360 1273 2394 mandatis
1295 2358 1408 2398 dedit,
1438 2358 1487 2392 uti
1511 2369 1567 2391 eos
1589 2356 1664 2390 neci
1685 2356 1746 2390 da-

313 2407 401 2436 rent.
446 2402 573 2437 Milites
595 2403 708 2447 itaque
730 2403 946 2439 Manichaeos
969 2416 1078 2439 omnes
1101 2416 1174 2439 cum
1197 2404 1365 2449 Episcopo
1388 2403 1545 2447 cleroque
1580 2403 1651 2446 ejus
1671 2401 1745 2446 gla—

314 2447 369 2482 dio
393 2453 624 2492 peremerunt;
647 2459 729 2492 rege
747 2447 819 2492 ipso
843 2454 878 2482 et
902 2449 1161 2484 Christianorum
1186 2449 1354 2492 Episcopo
1375 2447 1615 2492 spectantibus.
1654 2445 1745 2486 Quin

314 2497 351 2525 et
372 2492 547 2536 publicatis
572 2493 671 2526 etiam
701 2493 916 2527 facultatibus
938 2505 1069 2534 eorum,
1106 2493 1266 2537 librisque
1286 2492 1357 2536 igni
1377 2492 1533 2532 traditis,
1574 2491 1745 2525 Ecclesias

314 2547 449 2582 quoque
470 2537 671 2571 Christianis
701 2537 845 2572 addixit:
882 2540 987 2571 sacris
1008 2539 1144 2582 insuper
1166 2537 1312 2582 undiquc
1334 2537 1574 2582 promulgatis3
1609 2536 1637 2569 si
1661 2535 1745 2580 quis,

313 2592 378 2626 per
398 2581 572 2626 imperium
595 2581 783 2623 Persicum,
822 2582 1040 2616 Manichaeus
1065 2583 1290 2622 inveniretur,
1327 2582 1377 2616 uti
1398 2581 1478 2626 igne
1500 2583 1744 2615 absumeretur:

314 2625 412 2660 sicuti
434 2626 517 2659 haec
545 2627 698 2661 narravit
719 2628 893 2662 Persarum
920 2627 1157 2671 Bastagarius,
1201 2626 1261 2672 qui
1283 2632 1358 2672 post
1388 2632 1577 2672 susceptum
1609 2625 1744 2670 Baptis-

315 2681 420 2711 mum,
444 2671 638 2705 Timotheus
659 2671 766 2706 dictus
789 2676 849 2707 est.

405 2715 536 2750 Eodem
566 2720 716 2761 tempore
746 2718 910 2752 Romanus
932 2716 1117 2761 Imperator
1138 2716 1294 2750 Castrum
1325 2717 1564 2756 Anasarthum,
1600 2712 1745 2749 civitatis

313 2761 390 2804 jure
412 2760 588 2803 donatum,
613 2763 655 2795 ab
678 2764 849 2806 Augustae
869 2762 1020 2802 nomine,
1043 2760 1310 2795 Theodoriadem
1332 2762 1477 2797 vocavit.
1524 2758 1746 2795 Consimiliter

317 2816 451 2850 quoque
472 2805 645 2840 Susianum
668 2807 821 2842 Castrum
843 2806 1128 2852 Justiuianopolim
1149 2806 1295 2842 vocavit.
