1838 3230
0 0 124 178 (ist-*p>
147 0 199 23 ῖ7·,,·
267 7 269 11 ,

55 30 74 46 ¹¹.
107 44 109 46 .
136 30 152 37 ¹¹
180 34 183 35 ⁷

109 295 206 336 alias
223 301 359 336 tomen
373 306 630 348 quonamque
653 293 898 333 voluntarias
928 307 1013 333 eam
1036 294 1249 334 extendere
1275 296 1378 334 infra
1399 296 1556 336 videbi-

107 366 210 392 mus.
264 352 411 392 Forum
438 351 519 391 hoc
548 356 630 391 erat
655 350 698 389 in
728 349 879 398 Quarta
901 351 1012 390 urbis
1030 351 1211 403 regione,
1238 351 1280 390 in
1306 352 1410 392 colle
1427 354 1558 393 Trito-

107 410 167 448 nii
179 409 348 458 Montis3
377 407 438 447 uti
465 422 539 447 nos
566 407 682 446 docet
706 406 943 458 Hssduinus,
967 407 1152 461 Dionysii
1179 408 1438 461 Areopagitae
1460 410 1556 460 vita,

108 465 216 518 apud
235 465 296 505 Jo.
324 463 470 504 Meurs.
492 465 540 503 de
558 464 588 502 F
590 470 663 503 ort
684 461 826 501 Athen.
848 462 910 502 his
931 464 1074 504 verbis.
1136 463 1309 515 Quarta
1306 465 1408 519 regio
1426 467 1468 505 in
1489 480 1557 505 ea·-

107 519 197 561 dem
219 519 314 560 urbe
327 530 404 568 esi,
433 519 502 559 ubi
523 518 684 559 Idolum
702 519 876 570 Martis,
904 529 940 559 et
970 519 1250 562 simulachrum
1271 519 1479 571 Herculis,
1512 523 1555 561 in

105 576 210 617 colle
232 577 404 616 Tritonii
420 577 585 625 montis,
612 576 654 615 in
671 574 799 615 medio
817 575 924 615 urbis
938 578 1059 629 positi
1075 586 1249 630 steterai,
1278 576 1333 616 ad
1354 576 1555 617 colendum

105 632 243 673 multia
273 629 631 684 immolationibus,
670 642 707 671 et
738 630 1018 684 delusionibus,
1062 632 1230 672 lPIartem
1257 643 1293 671 et
1320 633 1555 686 Herculem,-

103 704 205 744 quoe
224 686 289 728 illi
307 686 398 728 deos
425 689 648 738 maximos,
677 698 712 727 et
728 687 1000 744 fortissimos,
1039 687 1272 729 adorabant.
1336 689 1414 728 Ubi
1439 691 1556 729 etiam

102 743 383 785 exercebantur
398 743 581 798 judicia,
613 755 648 783 et
677 743 916 784 docebantur
929 743 1056 800 fora,
1090 745 1308 798 ingeniique
1334 746 1459 785 omnis
1485 761 1556 784 so-

102 798 218 840 Zereia
243 810 316 840 etc.
374 801 642 852 Cognoscebat
672 807 803 840 autem
826 803 1051 854 Areopagus
1077 802 1124 840 de
1156 802 1374 852 incendiis,
1404 802 1555 840 venefi-

102 857 200 908 ciis,
227 856 482 907 vulneribus,
513 857 777 910 caedibusque
809 857 1118 910 praemeditatis:
1148 864 1248 896 teste
1281 858 1356 896 Jul.
1384 859 1556 908 Polluce,

100 913 172 953 lib.
191 916 231 956 8.
256 926 343 966 cap.
366 917 433 956 10.
461 911 709 980 Δικαστήρια
729 911 966 986 Αθήνῃσιν,
994 919 1140 969 Αρειος
1164 925 1311 967 παγος·
1340 914 1491 963 ἐδίκαζε
1512 913 1556 955 δὲ

105 965 258 1021 φόνου,
288 969 356 1010 καὶ
381 967 604 1038 τραύματος
638 971 680 1012 ἐκ
711 974 932 1039 προνοίας,
960 970 1028 1012 καὶ
1054 973 1272 1024 πυρκαϊᾶς,
1301 970 1369 1011 καὶ
1397 986 1554 1024 φαρμα-

103 1040 207 1072 κων,
237 1022 310 1066 ἐάν
328 1041 388 1075 τις
409 1022 624 1083 ἀποκτείνῃ
647 1023 791 1076 δούς.
814 1029 870 1067 De
895 1027 1079 1066 caedibus
1103 1027 1234 1078 itaque
1254 1027 1555 1079 quibuscunque

101 1082 339 1121 voluntariis
357 1069 612 1122 Athenienses
641 1098 772 1123 coram
799 1084 1049 1136 Areopagitis
1076 1097 1233 1122 causam
1267 1083 1467 1131 dicebant,
1493 1083 1554 1122 id-

103 1151 181 1190 que
195 1139 325 1178 tribus
341 1138 479 1178 diebus
497 1140 691 1179 continuis
711 1155 783 1193 per
804 1141 979 1192 singulos
1005 1151 1177 1180 menses:
1214 1140 1277 1178 uti
1301 1140 1411 1178 Idem
1435 1145 1554 1178 testa.

102 1200 190 1245 tur,
218 1195 309 1234 loco
339 1196 479 1235 citato:
516 1193 613 1237 καθ’
632 1197 796 1238 ἕκαστον
818 1196 862 1238 δὲ
890 1200 1020 1249 μῆνα,
1048 1199 1169 1250 τριῶν
1192 1194 1353 1253 ’ἡμερῶν
1374 1195 1554 1244 ἐδίκαζον

102 1249 262 1304 ἐφεξῆς,
289 1249 451 1315 τετάρτῃ
471 1254 706 1317 φθίνοντος,
731 1254 857 1307 τρίτῃ,
878 1252 1057 1306 δευτέρᾳ·
1087 1253 1130 1291 id
1150 1257 1553 1301 est,xxv11.xxv111.

101 1320 217 1347 xxix.
239 1307 431 1360 cujusque
450 1311 593 1347 mensis
613 1310 768 1348 diebus.
824 1309 948 1346 Attici
978 1307 1082 1346 enim
1113 1283 1242 1346 ultim'i
1270 1308 1414 1347 mensis
1445 1309 1552 1360 dex-q

101 1362 225 1416 μέρου
252 1362 357 1412 dies,
396 1364 628 1401 Latinorum
662 1378 792 1413 more,
833 1363 972 1402 ordine
1005 1364 1237 1413 retrogrado
1271 1364 1550 1413 numerabant3

100 1419 206 1458 diem
239 1419 383 1458 mensis
411 1420 594 1458 ultimum
638 1418 733 1472 ἕνην
769 1418 838 1459 καὶ
877 1418 994 1470 νέαν,
1035 1418 1295 1471 penultimum
1333 1420 1553 1471 φθίνοντος

100 1473 312 1530 δευτέραν,
346 1476 721 1540 antepenultimum,
749 1476 971 1527 φθίνοντος
1010 1475 1165 1527 τρίτην,
1203 1481 1243 1513 et
1277 1475 1334 1513 sic
1366 1475 1552 1528 deinceps

99 1531 151 1570 ad
178 1531 324 1570 mensis
359 1531 461 1571 diem
488 1532 714 1571 vicesimum
745 1533 917 1585 primum
940 1531 1154 1580 inclusive,
1183 1538 1385 1571 vocantes.
1454 1532 1551 1570 Fori

97 1587 217 1641 hujus
229 1588 383 1639 judices
399 1587 638 1642 ὑπαίθριοι,
669 1589 740 1627 sub
760 1589 833 1627 Dio
857 1588 922 1641 jus
943 1587 1126 1627 dicebant
1151 1594 1276 1625 noctu
1304 1588 1439 1637 etiam,
1468 1601 1551 1626 non

97 1644 272 1684 interdiu
290 1645 421 1683 forum
442 1645 526 1683 illic
553 1645 613 1695 agi
641 1651 810 1683 testatur
838 1646 1052 1683 Lucianus:
1084 1659 1139 1690 ως
1168 1640 1223 1694 μή
1243 1643 1283 1691 ἐς
1309 1658 1403 1691 τους
1419 1642 1551 1695 λέγον-

97 1715 191 1749 τας,
221 1695 302 1741 ἄλλ’
319 1699 360 1748 ἐς
377 1716 425 1740 τα
445 1700 635 1754 λέγομενα
654 1697 944 1753 ἄποβλέποιενε
964 1700 1133 1750 ideoque
1158 1699 1341 1738 Exordiis
1370 1700 1431 1737 uti
1451 1700 1548 1738 Ora-

98 1757 236 1806 toriifl,
265 1763 335 1795 aut
352 1757 561 1796 affectuum
583 1757 855 1806 commotione,
883 1771 964 1796 non
985 1756 1144 1804 licebat,
1172 1761 1271 1795 teste
1288 1755 1364 1793 Jul.
1386 1756 1549 1796 Polluce

97 1812 169 1853 lib.
191 1816 230 1856 8.
255 1826 341 1866 cap.
363 1817 429 1856 10.
451 1811 780 1866 προοιμιάζεσθαι
796 1812 862 1864 δὲ,
890 1810 963 1854 οὐκ
981 1813 1096 1864 ἐξῆν·
1125 1807 1219 1852 οὐδὲ
1241 1812 1492 1860 οἰκτίζεσθαι.

211 1882 306 1932 Pag.
339 1880 431 1923 135.
465 1883 528 1922 11.
571 1883 702 1920 Ταῦτα
728 1880 901 1932 Δίκτυς]
938 1880 1064 1934 Hujus
1088 1878 1280 1918 Mnesthei
1309 1892 1384 1930 pro
1407 1878 1546 1918 Oreste

95 1936 200 1975 latae
231 1937 444 1976 sententiae
472 1936 579 1989 apud
608 1937 765 1988 Dictyn.
806 1937 877 1979 lib.
909 1940 948 1979 6.
1007 1937 1153 1989 Hyacis
1179 1949 1276 1976 vero
1310 1935 1368 1974 ibi
1400 1935 1546 1974 mentio

95 1993 218 2031 nulla.

96 2115 122 2155 d
210 2062 305 2115 Pag.
335 2064 428 2105 186.
459 2064 496 2103 1.
527 2056 725 2115 ἄργαλέως
741 2055 881 2112 νόσου]
913 2060 997 2099 Ser.
1026 2055 1237 2114 οἷργαλέηςε
1265 2059 1325 2098 uti
1338 2058 1459 2098 habet
1475 2059 1544 2098 Ce-

124 2129 254 2157 renus.

208 2187 303 2238 Pag·
332 2186 426 2227 136.
454 2188 494 2228 2.
527 2183 713 2236 Σκυθίης
730 2198 770 2224 τε
784 2186 901 2237 γαῖαν
918 2179 1175 2236 καταλαβοις]
1204 2183 1286 2223 Scr.
1306 2178 1542 2236 καταλάβῃς,

95 2252 184 2279 cum
203 2240 397 2281 Cedreno.

208 2310 499 2362 Pag.136.3.
538 2303 746 2354 Λυσαιὸος
790 2303 834 2347 δε
860 2301 1018 2377 χώραν]
1058 2306 1281 2355 Gedrenus,
1310 2300 1543 2352 Αύλιδόςτε

95 2378 204 2457 ’1ξῖἔέ
205 2365 346 2460 ’11.ῗῖ
362 2363 747 2460 ἭΡέἭξῖἓέἒὼἷ
750 2369 786 2471 ¹0
819 2360 1109 2460 033’9‘3ss2‘i
1140 2360 1392 2459 ἶαυροῖἆνῗέἷ
1382 2373 1543 2455 1εέἵὲἑῖ

97 2471 384 2530 ἀπαλλαγῆναι,
416 2437 515 2518 εἶ
469 2493 512 2518 το
531 2477 574 2518 ἐν
603 2435 780 2529 Ταύροιχς
791 2435 936 2525 72ς’]όανον
958 2478 1031 2527 τῆς
1043 2434 1264 2529 Αιρςτέμίὲοςς
1279 2432 1540 2526 μεταξιομίσει.

98 2531 140 2571 οἴ
158 2529 203 2572 δὲ
231 2535 378 2588 Ταῦροι
396 2538 517 2588 μοῖρα
533 2536 723 2574 Σκυθῶν.
788 2532 908 2570 Tauri
926 2546 1013 2572 vero
1035 2531 1213 2585 Scythiae
1233 2544 1339 2583 pars.

95 2653 144 2692 dr
211 2602 306 2653 Pvg·
342 2604 432 2645 136.
459 2601 499 2643 4.
542 2601 587 2643 ἐκ
616 2601 785 2654 χθονίης
813 2595 1057 2654 Βαρβάρων]
1087 2598 1131 2640 ἐκ
1152 2594 1297 2650 χθονὸς
1319 2596 1434 2649 βαρβ.
1464 2595 1542 2633 Ce-

146 2667 428 2764 Εῃιι18)(13’.136.
458 2713 498 2756 5.
527 2713 679 2767 Συρίης
697 2717 814 2766 γαῖαν
830 2709 1059 2764 σειομένην]
1091 2706 1299 2761 σειομένην
1324 2721 1403 2746 non
1420 2705 1540 2745 habe-

93 2772 163 2805 tur
204 2767 313 2820 apud.
337 2767 574 2808 cedrenum:
612 2776 651 2809 et
675 2770 839 2820 deinde,
879 2765 1057 2814 αὕλωνος
1086 2765 1255 2808 Σιλπίου
1286 2762 1398 2817 όρος,
1435 2763 1541 2814 legit·

93 2824 220 2863 Porro
254 2824 471 2864 Graculum
520 2826 673 2878 Syriam
699 2834 817 2867 vocat
853 2823 1080 2877 σειομένην,
1132 2822 1182 2862 ob
1221 2821 1447 2873 frequentes
1491 2818 1541 2858 ad

592 175 1060 223 ANNOTATIONES.
1456 182 1552 233 531
