1838 3230
306 183 403 231 538
791 180 1252 225 ANNOTATIONES.

304 294 441 335 Martis
462 300 501 334 et
521 293 708 334 Pisidices
730 295 772 334 F.
793 295 1033 348 Stephanus,
1071 296 1220 336 Thoas:
1264 295 1451 350 Stephan.
1472 297 1523 337 de
1538 297 1629 338 urb.
1646 302 1743 352 Αχε·

304 354 406 399 mog
421 349 596 404 ποταμός
613 352 879 405 Ακαρνανίας,
901 349 979 393 οἷπὸ
991 350 1177 406 Αχελεόου
1196 350 1385 402 ἐλθόντος
1401 353 1444 396 ἐκ
1457 354 1662 403 Θετταλίας
1678 369 1743 408 με·

303 405 352 448 τοὶ
374 409 653 459 Αλκμαίωνος·
682 408 852 448 ἐκαλεῖτο
870 406 913 449 δὲ
936 405 1040 458 Θόας
1057 408 1078 451 ὅ
1096 405 1285 462 ποταμός.

415 483 518 524 Ιόἰτῖ.
574 483 642 524 καὶ
663 485 884 537 φιβλωθεὶς
908 485 932 527 ὁ”
951 486 1154 541 Αχελῶος]
1192 487 1429 526 vocabulum
1457 487 1742 528 Graecobarba-

303 555 415 590 rum,
446 540 552 592 apud
577 542 743 579 Graecos
775 543 1012 582 recentiores
1042 544 1264 595 frequenter
1280 549 1532 596 usurpatum,
1561 559 1583 583 a
1606 545 1742 598 φίβλα,

304 597 451 636 Latinis
471 596 617 636 Fibula.
675 598 906 649 φιβλωθεὶς,
935 600 1173 650 transfixus:
1201 601 1385 651 φιβλοῦν,
1413 614 1488 652 pro
1507 601 1741 654 transfigere,

305 667 423 705 supra
448 651 679 702 habuimus,
716 653 758 691 in
785 655 933 693 Paridis
960 669 983 693 a
1005 654 1219 694 Philoctete
1242 656 1363 694 occisi
1384 655 1583 705 historia„
1612 655 1679 696 lib.
1701 657 1739 699 5.

304 723 345 762 p.
363 712 430 751 77.
467 705 560 756 τούς
588 705 711 749 αὐτοῦ
729 705 854 759 πόδας
878 712 1018 764 φιβλοῖ
1041 710 1107 752 ε’πὶ
1133 708 1181 751 τὰ
1199 707 1366 765 σφύρα.,
1392 709 1508 765 pedes
1526 713 1606 766 ejus
1616 713 1742 765 juxta

303 762 506 804 malleolos
530 766 745 813 transfixis,

415 844 519 895 Pag.
553 843 645 884 165.
680 846 743 884 11-
788 839 875 895 ἥτις
901 841 1179 897 προποιήσασα
1194 841 1345 894 τοξεύει
1367 843 1439 887 τόν
1457 843 1658 900 σύαγρον]
1686 831 1741 885 it'a

302 899 418 939 eliam
436 899 493 938 Jo.
513 900 646 938 TzetZ.
673 898 771 937 Chil.
791 902 830 942 7.
854 899 955 940 Hist.
983 903 1074 943 102.

522 991 691 1029 Πολλῶν
711 987 1085 1042 συναθροισθέντων
1102 987 1145 1030 δὲ
1164 992 1411 1044 συαγρευτῶν
1428 989 1563 1043 ἐκεῖσε,

521 1047 567 1083 H
583 1042 788 1097 Αταλάντη
807 1042 942 1097 πρώτη
963 1044 1034 1098 μὲν
1054 1045 1205 1086 ἐκεῖνον
1221 1041 1430 1095 ἐκτοξεύει·
1632 1044 1638 1051 ‘

521 1097 622 1141 Εἶτα
640 1099 771 1154 βαλών
787 1100 1016 1156 Μελέαγρος
1032 1103 1174 1143 κτείνει
1191 1105 1248 1156 τῷ
1267 1097 1474 1157 συοκτόνῳ.

413 1191 515 1242 Pag.
547 1192 639 1233 166.
676 1193 711 1231 1.
742 1187 836 1230 ’ὅσον
853 1188 998 1244 χρόνον
1016 1189 1255 1244 φυλάττετο]
1286 1194 1368 1232 Ser.
1387 1186 1630 1243 ἐφυλάττετο.

413 1269 515 1320 Pag.
548 1271 639 1310 166.
668 1271 734 1311 20.
774 1266 854 1308 ’ὑπὸ
870 1271 944 1308 τοῦ
966 1269 1119 1321 Τακος]
1152 1270 1349 1308 Cedrenus
1378 1270 1486 1308 huno
1506 1269 1639 1311 Αἴακα
1671 1283 1740 1309 vo-

303 1329 384 1362 cat:
429 1323 476 1361 de
497 1324 676 1377 Naupli04
697 1337 793 1362 vero
814 1325 1053 1363 Graecorum
1073 1326 1300 1377 Principum
1322 1339 1465 1365 uxores
1485 1327 1539 1364 uti
1561 1323 1740 1364 moecha-

302 1387 438 1418 rentur·
456 1380 684 1430 instigante,
713 1379 784 1418 filii
800 1381 862 1418 sui
883 1381 1096 1420 Palamedis
1115 1382 1156 1420 in
1179 1382 1388 1433 ultionem,
1418 1382 1508 1422 vide
1526 1383 1623 1422 Isac.
1643 1383 1741 1420 Tze-

301 1441 404 1474 tzem
422 1435 462 1473 in
479 1435 731 1487 Lycophron.

412 1516 512 1566 Pag.
539 1517 629 1555 167.
659 1513 700 1555 5.
743 1510 818 1565 τήν
847 1517 1157 1566 μετακληθεῖσαν
1174 1513 1436 1567 Βενὲβεντον]
1464 1515 1518 1553 ita
1537 1514 1651 1554 etiam
1671 1515 1740 1552 Ce-

301 1570 461 1608 drenus.
520 1568 740 1621 Stephanus
759 1570 895 1608 urbem
916 1570 1018 1608 hanc
1049 1585 1070 1608 a
1090 1571 1299 1620 Diomede,
1330 1576 1460 1623 Αργος
1486 1571 1646 1621 ἵππιον,
1677 1570 1740 1608 di-

300 1633 402 1664 ctam
423 1625 574 1665 asserit.
618 1621 836 1677 Διομήδης,
866 1624 960 1677 μετὰ
976 1624 1049 1678 τὴν
1068 1623 1214 1667 ἅλωσιν
1237 1630 1307 1678 τῆς
1329 1629 1451 1676 Ιλίου,
1479 1626 1648 1677 ἐτείχισε,
1671 1626 1740 1666 καὶ

299 1678 588 1734 μετωνόμασεν,
616 1685 748 1733 Αργος
770 1685 935 1722 Ιππιον.·
965 1697 987 1720 a
1007 1682 1188 1721 Diomede
1211 1682 1342 1733 itaque
1363 1696 1443 1720 non
1464 1683 1641 1732 condita,
1670 1681 1741 1720 sed

296 1752 411 1776 muro
439 1739 565 1775 cincta
596 1743 747 1775 tantum
775 1738 861 1775 suit.
920 1739 1137 1789 Procopius
1163 1745 1294 1776 tamen
1313 1738 1576 1778 Beneventum
1607 1753 1628 1776 a
1649 1738 1740 1775 Dio-

299 1794 412 1833 mede
429 1794 624 1832 conditam
640 1794 758 1831 fuisse
775 1800 954 1844 testatur,
985 1794 1188 1833 Gothicor.
1211 1795 1279 1833 lib.
1299 1797 1334 1835 1.
1363 1789 1512 1844 ταύτην
1532 1790 1741 1846 Διομήδης

299 1849 394 1890 ποτὲ
426 1849 448 1890 ὁ
484 1849 638 1897 Τυδέως
665 1850 860 1901 ἐδείματο.·
905 1852 973 1902 qui
997 1852 1112 1889 etiam
1142 1850 1226 1902 apri
1249 1850 1450 1901 calydonii
1471 1850 1631 1899 dentes,
1658 1857 1740 1887 tres

301 1905 514 1956 spithamas
538 1905 579 1943 in
613 1905 782 1944 circuitu
809 1905 997 1945 habentes
1027 1907 1211 1945 avunculi
1239 1906 1298 1944 sui
1318 1906 1500 1956 Meleagri
1520 1906 1566 1943 in
1595 1919 1740 1944 memo-

301 1963 398 1999 riam
418 1975 439 1998 a
464 1962 646 2000 Diomede
669 1962 810 1999 ibidem
831 1964 1044 2013 repositos,
1087 1962 1137 2000 ad
1157 1976 1223 2000 sua
1244 1975 1367 2013 usque
1393 1967 1567 2012 tempora
1588 1962 1628 1999 in
1650 1974 1737 2013 spe-

306 2017 503 2054 ctaculum
525 2024 741 2056 asservatos
760 2017 880 2056 fuisse
902 2024 1079 2056 testatur.
1136 2019 1176 2058 οἳ
1200 2017 1268 2058 καὶ
1295 2018 1351 2064 εἰς
1369 2015 1435 2069 ἐμὲ
1455 2012 1630 2056 ἐνταῦθα
1650 2017 1737 2066 εἰσι,

304 2072 438 2125 θέαμα
456 2069 574 2125 λόγου
593 2077 742 2113 πολλοῦ
762 2075 861 2113 ἰδεῖν
881 2072 1014 2124 ἄξιον,
1038 2074 1268 2129 περίμετρον
1289 2068 1373 2125 οὐχ’
1393 2067 1518 2125 ἧσσον
1534 2069 1563 2123 ἢ
1583 2073 1736 2125 τρισπί-

303 2134 438 2182 θαμον
457 2128 499 2169 ἐν
516 2130 717 2180 μηνοειδεῖ
728 2126 893 2182 σχήματι
907 2130 1067 2182 ἔχοντες.

419 2210 508 2259 Pag.
529 2210 620 2248 167.
653 2210 721 2247 21.
752 2206 819 2246 καὶ
837 2205 1009 2260 ἤνεγκαν
1026 2207 1068 2248 οἱ
1086 2208 1324 2248 Ρουστοῦλοι
1338 2202 1408 2252 τοὶς
1426 2200 1575 2256 ἐπάνω]
1605 2204 1649 2243 id
1663 2210 1735 2254 est,

304 2273 339 2301 et
369 2261 511 2301 Rutuli
539 2262 746 2314 superiores
763 2274 968 2302 evaserunt.
1005 2263 1152 2302 Eodem
1170 2262 1261 2301 rudi
1279 2260 1485 2301 locutionis
1502 2274 1638 2311 genere
1659 2262 1735 2298 uti-

304 2325 394 2367 tur,
425 2318 475 2356 ad
490 2318 605 2356 finem
621 2317 690 2355 lib.
708 2320 746 2359 8.
785 2315 883 2357 ἰδών
906 2318 930 2359 ὁ
956 2316 1162 2372 Αννιβαοέλ
1189 2316 1264 2372 τήν
1291 2320 1363 2359 τοῦ
1380 2316 1594 2365 Σκιπίονος
1613 2312 1735 2357 δύνα-

304 2389 386 2427 μιν,
414 2373 482 2414 καὶ
501 2371 560 2414 ὅτι
575 2370 643 2422 τοὶς
662 2369 796 2414 ἐπάνω
828 2372 940 2427 φέρει
965 2381 1038 2415 etc.

414 2454 510 2503 Pag.
542 2453 633 2493 168.
661 2452 700 2494 5.
740 2446 844 2498 ’ὅστις
861 2447 970 2499 οἶκος
989 2449 1140 2504 ἐκλήθη
1157 2449 1201 2493 τό
1220 2447 1464 2501 Παλλάντιν]
1496 2445 1734 2498 Παλλάντιν,

301 2520 377 2559 pro
406 2503 656 2547 Παλλάντιον
666 2523 680 2551 ,·
717 2512 762 2545 ut
790 2503 1004 2559 στηθάριν,
1033 2521 1108 2559 pro
1131 2503 1365 2559 στηθᾶριον,
1396 2506 1660 2545 Librariorum
1685 2518 1735 2545 ex

297 2563 498 2602 recitantis
520 2576 588 2602 ore
612 2562 858 2603 scribentium
885 2576 1017 2602 errore
1038 2563 1362 2615 frequentissimo.

415 2643 509 2693 Pag.
540 2644 635 2685 168.
664 2646 703 2684 6.
758 2637 837 2682 ἀπὸ
866 2637 949 2682 τότε
978 2637 1129 2692 ἐκλήθη
1157 2638 1205 2680 τοὶ
1233 2637 1414 2693 βασιλικοὶ
1443 2635 1734 2692 κατοικητήρια,

303 2694 590 2744 Παλλάντιον.]
618 2698 764 2736 Eadem
780 2697 899 2736 habes
919 2696 1025 2748 apud
1045 2696 1275 2745 Cedrenum,
1308 2703 1346 2734 et
1367 2697 1544 2747 Glycam,
1572 2700 1673 2747 part.
1693 2698 1734 2737 2.

302 2752 472 2790 Zonaras
492 2758 632 2802 autem,
661 2754 860 2803 Palatium,
891 2754 1056 2791 Domum
1077 2753 1370 2804 Imperatoriam
1396 2752 1539 2791 dictam
1558 2751 1659 2800 vult,
1688 2762 1735 2788 eo

303 2807 412 2858 quod
431 2808 473 2846 in
491 2809 621 2849 Monte
643 2810 816 2849 Palatino
837 2809 963 2862 posita
978 2807 1116 2848 fuerit:
1147 2806 1177 2861 ή
1196 2806 1239 2850 δὲ
1253 2812 1331 2850 τῶν
1355 2805 1652 2862 αὐτοκρατόρων
1669 2820 1736 2846 κα-
