1838 3230
509 156 511 158 ’
568 170 1041 219 ΑΝΝοΤΑΤιοΝΕε.
1449 179 1548 229 523

89 284 200 335 urbs,
229 291 327 326 teste
347 287 485 342 Steph.
503 287 582 330 ἔστι
604 286 648 330 δὲ
667 287 780 343 ἑτέρα
798 287 989 343 Πήδασος
1006 287 1108 344 ὑπὲρ
1126 287 1202 344 τήν
1223 291 1335 344 Ιδην,
1364 288 1419 344 ἢν
1435 296 1553 345 Αχιλ-

89 339 182 392 λεπὶς
198 339 408 398 ἐπόρθησε.

201 398 304 452 Pag.
335 406 429 445 101.
462 404 504 444 8.
549 394 676 442 οὖσαν
695 405 865 454 γυναῖκα
885 404 960 442 τοῦ
975 400 1187 456 Μενέτου]
1223 399 1416 455 Αμύντου
1433 403 1554 444 habet

92 454 309 499 cedrenus.
367 457 524 504 Meneti,
553 458 638 496 sive
655 457 814 510 Amynti
835 457 967 511 hujus,
998 460 1059 498 uti
1089 474 1162 498 nec
1189 460 1313 498 Andri
1334 467 1373 499 et
1395 460 1556 514 Thyan-

89 511 172 560 nis,
199 511 490 566 Hippodamiae
512 514 701 563 fratrum,
742 515 850 552 nulla
881 515 987 566 apud
1019 516 1160 568 Dictyn
1197 518 1444 568 Cretensem,
1484 518 1554 570 qui

89 567 209 608 hodie
226 571 400 611 omnium
421 578 480 610 est
498 571 541 610 in
557 571 749 620 manibus,
782 572 958 610 occurrit
980 574 1138 611 mentio.
1199 574 1310 613 Unde
1333 574 1555 626 conjectare

88 624 202 675 licet,
235 633 306 667 aut
320 629 438 668 alium
459 628 604 680 Dictyn
622 627 786 666 Autoris
809 629 934 667 nostri
957 636 1080 667 aetate
1103 630 1300 680 extitisse,
1331 638 1398 670 aut
1415 633 1555 672 saltem

90 694 182 721 eum
198 696 283 722 non
301 698 350 724 ex
371 685 498 737 Dicty,
529 688 790 737 quaecunque
813 686 968 737 profert
988 685 1037 726 de
1055 687 1165 725 Bello
1184 687 1370 738 Troiano,
1399 688 1557 728 desum-

89 738 235 792 psisee3
262 741 320 780 uti
342 742 461 792 paulo
479 741 582 780 infra
605 742 654 780 de
674 756 716 780 se
746 748 928 784 testatur.

201 798 305 850 Pog.
325 801 417 842 101.
438 801 503 841 15.
532 801 606 839 τοῦ
624 797 887 852 διαφέροντος
909 795 1016 855 αὐτῷ
1035 800 1220 852 στρατοῦ]
1253 799 1456 853 διαφέρων
1473 801 1553 850 hic,

87 865 195 890 novo
218 853 333 905 plane
353 869 490 904 sensu,
521 862 757 907 usurpatur:
787 856 847 895 uti
869 857 984 895 etiam
1006 857 1128 906 infra,
1160 857 1228 894 lib.
1250 862 1288 899 8.
1309 871 1348 908 p.
1373 861 1464 901 169.
1506 857 1558 899 τοὶ

89 907 341 960 διαφέροντα,
371 926 446 964 pro
465 913 585 951 Bonis
608 912 797 965 alicujus,
831 920 900 952 ant
921 926 1179 964 quaecunque
1200 913 1251 951 ad
1271 915 1442 964 aliquem
1463 929 1559 967 per-

86 964 238 1005 tinent:
267 967 383 1022 ἕλαβε
402 968 471 1009 καὶ
491 967 566 1021 τῆν
586 971 717 1009 Ασίαν
737 972 884 1018 πᾶσαν,
914 970 982 1010 καὶ
998 967 1131 1010 πάντα
1151 967 1200 1010 τοὶ
1220 970 1462 1023 διαφέροντα
1482 974 1558 1012 τοῦ

89 1017 218 1064 αὐτοῦ
232 1022 470 1077 Ανζιγόνου.
498 1026 591 1065 item
610 1027 680 1066 lib.
706 1026 770 1068 14.
794 1040 833 1078 p.
852 1027 947 1068 359.
983 1029 1094 1067 Οθεν
1116 1023 1173 1074 εἷς
1193 1023 1349 1074 Γότθος
1367 1030 1449 1067 τῶν
1473 1029 1556 1068 δια-

90 1076 297 1130 φερόντων
317 1085 371 1138 τῷ
400 1078 508 1138 αὐτῷ
525 1087 690 1138 Ασπαρι
705 1089 778 1121 etc.
826 1082 975 1122 Gothus
997 1081 1183 1138 quidam,
1214 1085 1283 1138 qui
1307 1099 1362 1123 ex
1380 1082 1556 1138 Asparis

90 1134 250 1176 asseclis
269 1149 362 1180 erat.

203 1192 307 1247 Pag.
339 1199 433 1239 101.
463 1200 532 1240 20.
563 1192 785 1250 οἷποκρύβει
805 1191 960 1249 αὐτήν]
990 1197 1075 1236 Ser.
1097 1192 1356 1250 ἆποκρύπτει.
1532 1243 1535 1246 ,

201 1247 299 1302 Peg.
335 1256 428 1296 102.
459 1256 497 1296 3.
544 1250 639 1306 μετὰ
666 1256 738 1294 τοῦ
757 1248 892 1306 ἐφόρει
917 1251 1109 1305 κοσμίου]
1138 1252 1193 1291 ita
1218 1254 1335 1305 paulo
1361 1255 1556 1306 superius,

91 1305 141 1345 de
158 1306 301 1347 Paride
320 1308 509 1349 Helenam
531 1309 768 1359 abducente,
799 1307 867 1351 διοέ
887 1312 969 1350 τῶν
989 1306 1065 1362 εἶχε
1094 1306 1192 1362 μεθ’
1221 1309 1367 1351 ἑαυτοῦ
1382 1312 1553 1352 πλοίων·

89 1376 166 1416 pro
183 1366 352 1417 κοσμίου
369 1379 466 1406 vero
478 1396 489 1415 ‚
518 1366 605 1414 lege
626 1363 788 1419 κόσμου.

199 1418 300 1478 xPag-
337 1426 431 1466 103.
461 1424 500 1467 5.
540 1418 595 1476 ἦν
625 1421 669 1464 δὲ
703 1423 913 1475 Τέκμησσα
943 1425 995 1478 τῇ
1018 1420 1155 1479 ’ἡλικίᾳ
1182 1420 1391 1472 εὕστολος]
1421 1423 1559 1476 ἡλικία

89 1477 250 1530 proprie
267 1477 317 1517 de
339 1486 504 1529 statura,
534 1479 612 1518 hoc
632 1481 721 1519 loco
742 1480 791 1518 ‹le
809 1481 933 1518 forma
959 1480 1143 1531 corporis
1164 1481 1444 1520 universaliter
1463 1482 1558 1519 dici-

89 1539 174 1572 tur:
214 1533 372 1575 interim
402 1537 715 1586 observandum,
743 1537 983 1575 vocabulum
1014 1534 1201 1586 εὕστολος
1220 1537 1287 1576 hic
1309 1537 1359 1576 ad
1379 1539 1559 1591 corporis

91 1596 289 1638 ornatum,
315 1607 387 1631 seu
406 1594 607 1641 vestitum,
638 1593 845 1632 commode
865 1593 1007 1632 referri
1023 1607 1104 1631 non
1125 1607 1255 1646 posse.

202 1646 241 1686 P
237 1662 300 1700 03·
332 1653 427 1693 103.
462 1655 528 1693 17.
578 1646 936 1703 μεγαλόφθαλμος]
969 1646 1304 1703 μελανόφθαλμος
1321 1649 1442 1689 habet
1460 1651 1560 1692 Isac.

89 1702 338 1756 Porplxyrog.
359 1720 501 1746 verum
522 1720 573 1746 ex
595 1713 731 1746 nostro
755 1706 1037 1758 corrigendus,
1068 1719 1158 1746 cum
1177 1707 1404 1746 immediate
1421 1721 1561 1760 sequa-

90 1766 159 1800 tur
178 1758 430 1815 μελάγκορος.

206 1820 302 1870 Pag.
338 1823 430 1862 103·
467 1825 534 1864 20.
575 1817 828 1874 διμυριαΐος]
888 1821 1128 1874 διμοιριαῖος
1158 1820 1261 1858 infra
1301 1818 1563 1870 saepiuscule.

90 1887 230 1913 verum
263 1877 473 1924 legendum
513 1892 601 1917 cum
626 1878 723 1919 Isac.
748 1875 999 1929 Porphyrog.
1062 1883 1102 1916 et
1132 1877 1296 1916 Cedren.
1328 1876 1560 1929 διμοιραῖος.

90 1925 145 1982 ἦν
167 1929 211 1971 δὲ
226 1929 388 1987 Ουόἱλης
407 1931 482 1987 τήν
499 1934 662 1988 ἡλικίαν
681 1934 910 1987 διμοιρόιίαν
932 1933 1043 1984 ἔχων,
1074 1933 1183 1986 quod
1202 1932 1406 1986 Xylander
1423 1933 1560 1971 vertit:

90 1997 174 2026 erat
199 1987 350 2029 Valens
377 2001 527 2030 statura
553 1990 754 2031 mediocri.
811 1991 891 2029 Leo
920 1990 1087 2029 Allatius
1115 1991 1348 2030 vocabulum
1371 1988 1450 2027 hoc
1469 1989 1562 2027 red-

90 2042 169 2092 dit,
201 2045 440 2099 Duplariust
486 2049 568 2100 Ego
599 2050 860 2101 διμοιριαῖος,
888 2057 1040 2086 statura
1071 2046 1315 2087 Mecliocrem
1345 2056 1560 2099 superante,

91 2100 320 2154 excedente,
351 2103 528 2155 reddidi,
560 2105 610 2144 nd
636 2106 816 2154 Bessem,
845 2103 1034 2154 Assisque
1052 2111 1186 2157 partes
1208 2109 1389 2156 respectu
1407 2102 1559 2141 habito.

92 2153 335 2212 Εὕμεγὲθης
352 2161 468 2211 enim,
498 2163 581 2201 sive
600 2158 793 2214 εὐμήκης,
822 2175 895 2212 pro
914 2161 1042 2199 solido
1063 2167 1332 2214 supponatur3
1361 2159 1474 2211 cujus
1494 2160 1562 2197 Se-

91 2215 219 2254 missis
238 2217 288 2256 sit
308 2217 500 2257 mediocri
520 2226 696 2266 statura3
727 2225 846 2269 atque
864 2218 967 2256 infra
984 2217 1109 2265 hanc,
1141 2232 1274 2257 omnes
1305 2216 1560 2265 κονδοειδεῖς,

91 2277 132 2310 et
149 2272 273 2312 Curti.
332 2276 448 2313 Juxta
481 2275 590 2315 hune
616 2276 816 2314 calculum
846 2274 871 2315 ὁ
890 2276 1133 2327 διμοιραΐος,
1164 2276 1232 2326 qui
1255 2275 1407 2312 Bessem
1428 2271 1560 2321 habet,

95 2334 286 2368 staturam
304 2332 541 2372 mediocrem
561 2332 778 2385 superabit.
835 2331 965 2383 Atque
986 2331 1123 2371 eodem
1148 2333 1264 2384 plane
1280 2343 1396 2368 sensu
1412 2328 1561 2367 Auctor

93 2384 220 2435 infra,
259 2387 461 2427 Tiberium
486 2390 590 2442 Imp.
611 2391 854 2442 διμοιριαῖον
874 2389 990 2437 facit3
1020 2389 1130 2441 quod
1151 2387 1339 2427 Suetonio
1362 2391 1431 2435 est,
1462 2383 1564 2424 Sta-

95 2450 199 2494 tura,
227 2458 327 2497 quae
337 2447 485 2499 justam
504 2444 733 2486 excederet:
763 2446 804 2483 in
835 2446 1008 2497 Tiberio,
1039 2447 1115 2486 Tit.
1139 2449 1206 2488 68.

210 2501 304 2553 Pssg·
337 2503 432 2545 104.
473 2506 513 2546 6.
572 2500 765 2558 στραβός]
803 2516 878 2555 pro
908 2502 987 2542 hoc
1018 2504 1115 2542 Isac.
1149 2500 1398 2554 Porphyrog.
1426 2496 1563 2550 habet,

94 2550 402 2611 ἑτερόφθαλμος.
1385 2611 1392 2619 .

122 2667 147 2705 h
206 2610 245 2650 P
243 2626 308 2665 ⁰3·
340 2615 432 2661 104.
478 2620 546 2660 10.
602 2614 959 2673 μεγαλόφθαλμος]
1003 2611 1280 2670 μεγαλόψυχος
1318 2612 1414 2663 leglt
1459 2611 1563 2650 Por-

203 2681 264 2718 og.

93 2681 119 2720 P
151 2681 306 2779 erag.
341 2726 436 2772 104.
469 2733 532 2772 12.
586 2729 822 2783 εὕσκυλτος]
875 2744 956 2771 vox
992 2729 1067 2767 ista
1107 2727 1214 2779 apud
1243 2723 1563 2777 Lexicographos

96 2781 237 2820 nullibi
264 2785 459 2823 occurritz
489 2786 569 2826 Leo
595 2787 763 2827 Auatius
782 2786 916 2827 reddit
932 2795 1216 2840 peropportune
1239 2782 1440 2828 adoriens,
1474 2787 1566 2844 ¹³¹¹.-

98 2851 216 2891 quam
241 2854 262 2879 a
285 2839 442 2884 σκυλᾶω
465 2849 620 2898 ortum3
659 2858 731 2898 ego
755 2858 873 2895 vero,
919 2856 1010 2883 cum
1039 2857 1060 2881 a
1095 2842 1276 2895 perfecto
1305 2839 1466 2893 passivo
1496 2838 1565 2876 ali-
