1838 3230
220 184 226 190 ”
265 192 365 239 336
665 185 955 232 IOANNIS
985 186 1328 232 MALALAE

267 305 314 357 ξὺ
334 309 408 349 τοῦ
429 306 642 362 πατρικίου
657 305 869 361 Ἆρινθεόυ
886 309 960 348 τοῢ
974 304 1174 361 Ῥωμαίου
1192 307 1258 349 καὶ
1271 307 1543 365 Σουῤῥαεινᾶ,
1554 311 1727 365 συγκλη-

268 378 383 417 τικοῦ
407 376 473 416 καὶ
488 377 738 430 πρεσβευτοῦ
758 377 954 430 Περσῶν,
993 376 1134 417 δοῦναι
1151 373 1373 428 Ῥωμαίους
1391 376 1575 433 Πέρσαις
1591 380 1729 421 πᾶσαν

266 442 340 498 τὴν
370 443 563 497 ἐπαρχίαν
593 442 666 497 τὴν
687 443 903 497 λεγομένην
933 445 1176 498 Μυγδονίαν
1194 445 1261 485 καὶ
1282 443 1357 498 τὴν
1378 443 1630 501 μητρόπολιν
1653 444 1731 487 αὗ-

141 519 174 554 Ο
198 519 244 555 27
267 515 340 567 τῆς
358 511 431 567 τὴν
451 510 667 565 λεγομένην
695 511 902 564 Νιζτίβιος
935 511 1088 566 γυμνὴν
1115 511 1189 553 σὺν
1221 513 1362 565 τείχεσι
1381 511 1522 565 μόνοις
1542 511 1636 556 ἄνευ
1655 512 1730 556 ὄιν-,-

268 582 378 636 δρῶν
402 582 485 620 τῶν
506 577 725 621 οῗκούντων
746 577 888 634 αὐτήν.
959 580 1025 621 καὶ
1048 577 1194 622 τούτου
1225 581 1517 635 στηριχθέντος
1535 582 1601 623 καὶ
1620 578 1762 638 &pff-5

269 664 343 702 νης
362 644 564 701 ἐγγράφου
585 646 818 702 γενομένης,
855 645 975 699 ἔλαβε
994 647 1087 700 μεθ’
1112 646 1258 690 ἑαυτοῦ
1282 646 1303 691 ὃ
1331 649 1522 699 βασιλεὺς
1537 648 1732 703 Ἰοβιανός

269 716 340 757 ἕνα
367 718 450 756 τῶν
477 718 698 770 σατραπῶν
733 715 900 771 Πέρσην
933 714 1031 757 ὄντα
1066 715 1169 769 μετὰ
1194 720 1266 758 τοῦ
1291 721 1540 772 πρεσβευτοῦ
1562 714 1733 772 ὀνόματι

263 780 431 825 Ἰούνιον
461 784 516 831 εἴς
547 783 592 825 τό
624 785 823 825 διασῶσαι
855 782 979 825 αὐτὸν
1009 784 1076 825 καὶ
1115 783 1166 826 τὰ
1198 784 1382 833 ἓξπέδιτα
1424 784 1551 828 αὐτοῦ
1586 786 1630 828 ἔκ
1659 788 1734 840 τῆς

270 854 479 907 Περσικῆς
504 849 645 908 χώρας
665 852 732 894 καὶ
760 855 1013 909 παραλαβεῖν
1031 851 1106 908 τὴν
1128 852 1322 910 ἐπαρχίαν
1341 854 1407 895 καὶ
1425 853 1500 908 τὴν
1520 849 1733 911 μητρόπο-

92 970 95 971 ⁷
271 924 334 963 λιν
355 919 494 973 αὐτῆς.
1742 928 1788 963 10
1805 966 1808 972 ,

153 997 183 1031 V
207 997 252 1032 12
374 988 460 1030 Καὶ
489 985 767 1044 καταφθάσας
797 986 817 1030 ὅ
850 987 1041 1041 βασιλεὺς
1071 986 1269 1041 ’Ῐοβιανός
1299 988 1347 1031 τὸ
1381 989 1588 1043 Νιζτίβιος
1617 985 1734 1032 πόλιν

273 1055 345 1099 οὐκ
376 1057 564 1109 εῗσῆλθεν
595 1055 637 1098 ἐν
664 1055 794 1112 αὐτῇ,
836 1055 921 1097 ἀλλ’
945 1055 1020 1106 ἔξω
1040 1059 1122 1098 τῶν
1151 1056 1309 1110 τειχέων
1329 1054 1639 1112 κατεσκήνωσεν.
1711 1054 1733 1100 ὅ

275 1125 319 1166 δὲ
334 1121 501 1173 Ἰούνιος
522 1121 543 1165 ὃ
565 1128 646 1166 τῶν
668 1127 843 1180 Περσῶν
877 1122 1090 1180 σατράπης
1114 1124 1308 1167 εἰσελθών
1329 1127 1385 1174 εἷς
1404 1125 1479 1180 τὴν
1496 1123 1613 1168 πόλιν
1630 1123 1736 1168 κατὰ

276 1193 454 1235 κε’λευσιν
482 1195 556 1233 τοῦ
584 1192 805 1244 βασιλέως,
844 1194 898 1241 εἷς
928 1192 997 1234 ἵνα
1025 1196 1106 1234 τῶν
1142 1190 1306 1249 πύργων
1337 1200 1503 1248 σημεῖον
1531 1192 1735 1250 Περσικὸν

276 1259 420 1315 ἔθηκε,
456 1263 529 1301 τοῦ
561 1260 760 1312 βασιλέως
784 1258 992 1313 Ῥωμαίων
1023 1258 1284 1310 κελεύσαντος
1309 1261 1405 1310 τοὺς
1432 1262 1602 1311 πολίτας
1629 1258 1733 1303 πάν·
1746 1270 1788 1306 15

279 1345 356 1377 τας
391 1327 466 1370 οὖν
491 1330 590 1369 πᾶσι
623 1335 709 1377 τοῖς
741 1328 1001 1384 διαφέρουσιν
1027 1328 1165 1377 αὐτοῖς
1198 1329 1273 1378 ἕως
1297 1327 1386 1378 ἑνὸς
1410 1330 1599 1380 ἐξελθεῖν.
1669 1330 1737 1371 καὶ

277 1395 456 1449 ἐξελθών
486 1394 589 1450 πρὸς
619 1395 744 1438 αὐτὸν
768 1395 991 1445 Σιλουανός
1010 1394 1138 1450 κόμης
1161 1401 1210 1453 τῇ
1234 1396 1326 1455 ἀξία
1345 1398 1412 1439 καὶ
1431 1394 1737 1451 πολιτευόμενος

275 1468 351 1519 τῆς
378 1463 505 1518 αὐτῆς
534 1460 687 1512 πόλεως
720 1464 964 1519 προσέπεσεν
999 1463 1109 1521 αὐτῷ
1137 1468 1192 1521 τῷ
1222 1468 1388 1517 βασιλεῖ
1403 1463 1590 1518 δεόμενος
1609 1464 1736 1506 αὖτοῦ

276 1532 333 1587 μὴ
355 1533 578 1587 προδοῦναι
600 1531 672 1585 τὴν
691 1530 808 1574 πόλιν
826 1532 1029 1587 Πέρσαις·
1066 1533 1132 1573 καὶ
1154 1532 1226 1574 οὐκ
1247 1532 1398 1575 ἔπεισεν
1417 1530 1556 1575 αὐτόν.
1624 1531 1737 1586 ὀμω-

274 1600 439 1654 μοκέναι
472 1597 574 1654 γάρ,
614 1601 760 1654 φησίν,
799 1599 947 1655 ἔφασκε
979 1601 1045 1641 καὶ
1073 1599 1131 1654 μὴ
1157 1597 1385 1653 βούλεσθαι
1406 1599 1529 1650 δόξαν
1552 1601 1793 1655 ἐπίορκονΞο

222 1676 253 1710 Β
278 1668 389 1724 παρὰ
411 1671 533 1709 πᾶσιν
554 1666 665 1720 ἔχειν.
724 1669 790 1710 καὶ
808 1669 981 1722 τειχίσας
1000 1665 1116 1709 πόλιν
1134 1666 1210 1718 ἔξω
1229 1672 1301 1710 τοῦ
1320 1669 1474 1722 τείχους
1493 1672 1565 1723 τῆς
1584 1666 1738 1717 πόλεως

269 1737 461 1791 Ἀμίδης,
496 1736 667 1785 καλέσας
693 1735 767 1791 τὴν
788 1733 928 1792 κώμην
948 1737 1175 1789 Νισίβεως,
1212 1737 1294 1778 ἐκεῖ
1312 1734 1469 1787 πάντας
1487 1736 1582 1787 τοὺς
1598 1737 1642 1779 ἐκ
1664 1740 1739 1791 τῆς

371 1891 404 1925 1-
434 1886 642 1933 Ἀρινθὲτου
667 1890 734 1924 Ox.
850 1891 884 1925 2.
918 1891 1053 1925 δοῦναι
1079 1886 1254 1935 Ῥωμαῖοι
1288 1888 1466 1936 Πέρσαις]
1499 1915 1523 1932 ,,
1535 1890 1617 1925 Chr.
1641 1889 1738 1924 Alex.

372 1937 505 1970 δοῦναι
523 1932 744 1980 Ῥωμαίους,
768 1936 930 1972 rectius.“
960 1937 1023 1970 ch.
1125 1937 1158 1971 3.
1182 1938 1410 1981 Μυγδωνίαν
1433 1937 1499 1971 ΟΧ.
1547 1935 1606 1970 Sic
1629 1939 1665 1971 et
1686 1935 1740 1968 in-

371 1982 437 2014 fra.
533 1984 587 2017 15.
610 1983 679 2016 τοῦ
702 1980 742 2017 δὲ
765 1984 847 2025 Ox„
870 1983 939 2017 τοῦ
964 1982 1089 2017 Chron.
1181 1984 1238 2018 20.
1265 1981 1379 2026 δόξαν
1401 1982 1592 2028 ἐπίορκον]
1617 1981 1739 2024 „For-

373 2030 408 2060 te
431 2027 533 2061 scrib.
557 2026 751 2073 ἐπιόρκου,
779 2028 830 2064 uti
852 2028 935 2062 Chr.
957 2028 1053 2064 AleX.
1077 2028 1219 2062 habet-‘⁶
1264 2028 1330 2064 ch.

283 2163 449 2197 Surenam
464 2161 665 2195 senatorem
684 2166 719 2196 et·
735 2163 899 2207 Legatum
922 2164 1112 2205 Persarum,
1135 2164 1186 2198 uti
1209 2163 1320 2198 Persis
1343 2162 1485 2198 Romani
1507 2163 1612 2195 totam
1634 2160 1740 2205 Myg-

283 2208 419 2242 doniam
433 2207 659 2248 Provinciam,
684 2208 911 2254 Nisibimque,
936 2211 1007 2254 ejus
1032 2209 1261 2255 Metropolim,
1285 2221 1359 2242 cum
1380 2208 1457 2242 solis
1481 2207 1662 2247 moenibus,
1685 2207 1740 2240 in·-

284 2254 367 2288 colis
390 2265 471 2287 vero
504 2253 725 2293 denudatam,
771 2255 1008 2289 concederent.
1066 2256 1142 2296 Quo
1166 2255 1383 2295 confirmato,
1425 2264 1581 2298 paceque
1614 2251 1739 2285 tabulis

284 2299 500 2343 consignata,
535 2298 695 2332 Jovianus
718 2298 907 2342 Imperator
941 2301 1004 2335 sibi
1028 2301 1204 2346 assumpsit
1227 2312 1269 2334 ex
1293 2300 1474 2333 Persarum
1497 2297 1655 2342 Satrapis
1676 2297 1740 2331 Ju-

286 2344 374 2378 nium
408 2343 596 2388 quendam,
633 2343 690 2387 qui
718 2355 790 2377 cum
821 2345 953 2389 Legato
985 2352 1147 2388 venerat,
1182 2345 1240 2390 qui
1274 2345 1382 2390 ipsum
1414 2342 1666 2387 exercitumque
1697 2353 1740 2376 ex

284 2390 463 2423 Persarum
485 2389 607 2423 finibus
630 2388 810 2430 educeret3
845 2396 880 2424 et
909 2391 1120 2426 Provinciam
1153 2392 1293 2437 ejusque
1327 2390 1442 2424 urbem
1466 2388 1660 2433 Principem
1682 2399 1741 2423 ac-

286 2434 429 2480 ciperet.

375 2480 565 2524 Imperator
596 2482 708 2513 autem
729 2479 890 2514 Jovianus
912 2481 1059 2516 Nisibim
1081 2480 1230 2523 veniens,
1254 2481 1370 2514 urbem
1392 2491 1458 2514 non
1478 2479 1645 2524 ingressus
1668 2482 1740 2520 est3

286 2525 345 2560 sed
367 2524 523 2559 tentoriis
547 2530 646 2559 extra
667 2525 798 2559 moenia
820 2526 962 2567 defixis,
993 2528 1144 2568 Junium,
1181 2528 1358 2560 Persarum
1382 2526 1582 2570 satrapam,
1605 2524 1741 2568 ingredi

283 2570 394 2613 jussit.
433 2571 501 2603 Hic
521 2570 639 2615 itaque
655 2570 832 2615 ingressus,
857 2571 977 2606 turrim
997 2572 1211 2613 conscendit3
1235 2583 1257 2605 a
1277 2572 1368 2614 cujus
1388 2572 1587 2612 summitate,
1610 2569 1741 2614 signum

286 2615 458 2650 Persicum
482 2616 623 2657 extulit3
662 2616 890 2661 Imperatore,
926 2616 1052 2650 incolas
1076 2618 1168 2651 urbis
1191 2617 1234 2651 ad
1257 2628 1358 2650 unum
1382 2628 1512 2657 omueS‚
1549 2627 1623 2650 cum
1647 2613 1741 2649 bonis

286 2660 374 2702 suis,
413 2661 581 2695 excedere
607 2661 759 2705 jubente.
805 2662 972 2706 Egressus
1003 2667 1115 2697 autem
1137 2663 1294 2696 Silvanus
1327 2662 1448 2696 Comes
1480 2666 1516 2695 et
1538 2661 1740 2695 Praefectus

287 2706 401 2747 urbis,
438 2706 614 2750 procidens
648 2707 848 2752 Imperatori
870 2708 914 2741 ad
937 2707 1058 2752 pedes,
1094 2707 1299 2742 deditionem
1331 2708 1424 2742 urbis
1453 2706 1655 2752 deprecatus
1678 2708 1740 2738 est.

287 2750 416 2785 Renuit
438 2751 648 2796 Imperator,
683 2757 834 2787 causatus
857 2753 959 2787 fidem
981 2765 1016 2787 se
1039 2764 1132 2787 suam
1154 2753 1411 2798 interposuisse,
1446 2763 1510 2786 nec
1533 2749 1677 2796 perjurii
1697 2749 1742 2783 de

290 2808 326 2829 se
365 2795 554 2840 opinionem
588 2797 680 2842 apud
718 2809 827 2832 omnes
861 2799 1012 2833 excitare
1045 2799 1144 2832 velle.
1198 2799 1318 2843 Itaque
1359 2804 1457 2832 extra
1488 2796 1619 2831 moenia
1647 2794 1740 2828 urbis

288 2840 449 2891 amidae,
498 2841 609 2878 vicum
655 2844 820 2889 quendam
858 2855 951 2879 muro
995 2843 1151 2889 cingens,
1199 2843 1309 2879 vicum
1347 2843 1544 2879 Nisibenum
1582 2839 1740 2881 vocavit3
