1838 3230
267 183 368 230 202
659 173 956 220 IOANNIS
987 176 1332 222 MALALAE

268 298 396 354 πρίων
424 295 642 349 fimumq-
680 296 745 337 καὶ
767 290 900 349 ἦλθον
917 294 1003 350 μετ’
1028 295 1155 352 αὐτῆς
1173 294 1352 354 Κύπριοι
1380 299 1447 340 καὶ
1467 296 1631 356 ᾤκησαν
1643 299 1723 354 τὴν

267 363 508 422 ἀκρόπολιν·
545 366 611 407 καὶ
631 368 795 422 τελευτᾷ
825 361 850 419 ἡ
875 362 1050 419 Ἀμυκή,
1088 367 1153 408 καὶ
1179 363 1309 422 ἐτάφη
1333 365 1413 408 ἀπὸ
1445 367 1622 410 σταδίων
1648 364 1725 422 ’τῆς

267 432 421 483 πόλεως
452 430 503 488 ρ’,
541 431 600 474 δι’
637 430 688 486 ἢν
721 429 876 487 ἐκλήθη
907 431 932 487 ἦ
959 431 1074 488 χώρα
1095 433 1261 489 Ἀμυκή.
1333 434 1614 490 προετρέψατο
1635 432 1723 478 δὲὸ

269 502 391 552 αὐτὸς
411 503 605 549 Σέλευκος
627 501 692 542 καὶ
714 499 809 550 τοὺς
823 500 1022 557 Ἀργείους
1034 501 1224 554 Ἷιονίτας,
1255 504 1321 544 καὶ
1340 500 1538 558 κατήγαγε
1560 503 1627 544 καὶ
1646 501 1724 545 αὗ-

268 571 364 619 τοῦς
392 571 435 612 ἐκ
465 573 537 623 τῆς
559 565 779 618 Ἰωπόλεως
813 570 854 611 ἐν
886 573 936 626 τῇ
971 569 1075 626 αὐτῇ
1098 570 1318 630 Ἀντιοχείᾳ
1345 572 1489 612 οἰκεῖν·
1534 569 1756 620 offeram&

268 637 323 689 ὥς
345 636 567 694 ἶερατικοῦς
588 638 654 679 καὶ
675 636 838 692 εὖγενεΐς
859 638 1188 691 πολιτευομένους
1207 640 1403 694 ἐποίησεν.
1475 637 1616 693 ἔστησε
1634 639 1679 681 δὲ
1701 636 1722 681 ὃ

268 707 392 755 αὐτὸς
423 706 616 755 Σέλευκος
649 706 714 747 καὶ
742 706 820 761 πρὸ
850 710 923 761 τῆς
950 704 1104 756 πόλεως
1134 706 1297 762 ἄγαλμα
1325 708 1484 749 λίθινον
1515 710 1573 765 τῷ
1602 705 1721 765 ἀετῷ.
1763 718 1769 721 “

267 776 442 817 ἐκέλευσε
465 774 509 816 δὲ
531 770 552 816 ὅ
574 773 696 822 αὐτὸς
716 776 782 815 καὶ
810 774 905 824 τούς
923 779 1057 829 μῆνας
1079 779 1151 829 τῆς
1172 777 1322 832 Συρίας
1348 774 1452 817 κατὰ
1474 770 1724 824 Μακεδόνας

267 842 540 896 ὀνομάζεσθαι
548 875 561 894 ,
601 840 703 884 διότι
727 836 837 898 εὗρεν
862 843 903 884 ἔν
922 847 971 900 τῇ
992 842 1097 899 αὐτῇ
1112 837 1229 903 χώρα
1247 845 1437 900 γίγαντας
1453 841 1698 898 οῗκήσαντας
1712 855 1720 866 ”

214 917 245 951 D
270 912 350 956 ἀπὸ
369 911 445 967 γὰρ
466 908 539 952 δύο
557 912 700 964 μιλίων
721 915 794 964 τῆς
810 908 963 961 πόλεως
974 911 1216 966 Ἀντιοχείας
1237 913 1322 954 ἐστὶ
1340 909 1484 963 τόπος,
1519 910 1620 966 ἔχων
1637 908 1721 954 cmi-
1733 919 1777 954 10

261 998 376 1036 ματα
404 976 634 1035 ἀνθρώπιον
668 979 1015 1022 ἀπολιθωθὲντων
1045 979 1149 1021 κατὰ
1169 978 1438 1035 ἀγανάκτησιν
1457 983 1560 1022 θεοῦ
1570 1012 1582 1031 ,
1623 977 1721 1021 οὕσ-

263 1065 378 1097 τινας
403 1048 479 1097 ἕως
504 1052 578 1102 τῆς
603 1052 676 1090 νῦν
702 1052 869 1090 καλοῦσι
899 1049 1110 1103 γίγαντας·
1158 1046 1352 1098 ὡσαύτως
1379 1049 1423 1090 δὲ
1450 1049 1515 1089 καὶ
1545 1045 1722 1103 Παγράν

264 1136 356 1160 τινα
392 1115 500 1159 οὕτω
533 1115 778 1170 καλούμενον
809 1118 976 1172 γίγαντα
1005 1118 1046 1158 ἐν
1078 1120 1130 1173 τῇ
1161 1117 1265 1173 αὐτῇ
1297 1119 1485 1159 οῗκοῦντα
1506 1119 1556 1173 γῇ
1576 1131 1722 1172 κεραυ-

119 1196 151 1229 Ο
175 1197 242 1233 258
267 1190 449 1240 νωθῆναι
470 1182 547 1226 ὕπὸ
569 1183 716 1241 πυρός,
754 1182 807 1233 ὥς
827 1187 950 1239 δῆλον
972 1183 1032 1227 ὅτι
1053 1185 1091 1227 οἱ
1108 1185 1319 1239 Ἀντιοχεῖς
1342 1189 1414 1238 τῆς
1435 1186 1589 1240 Συρίας
1612 1184 1654 1225 ἓν
1673 1186 1723 1239 τῇ

261 1259 312 1312 γῇ
338 1256 492 1297 οἰκοῦσι
521 1257 601 1295 τῶν
629 1251 834 1308 γιγάντων.
907 1253 1069 1307 ἐποίησε
1090 1255 1134 1295 δὲ
1153 1251 1173 1295 ὃ
1195 1253 1317 1302 αὐτὸς
1338 1253 1534 1300 Σέλευκος
1552 1251 1629 1308 πρὸ
1649 1255 1721 1305 τῆς
1734 1261 1775 1296 15

261 1321 416 1372 πόλεως
444 1321 570 1376 πέραν
601 1325 674 1362 τοῦ
719 1325 906 1374 ποταμοῦ
942 1320 1040 1363 ἄλλο
1083 1320 1245 1376 ἄγαλμα
1284 1325 1462 1376 κεφαλῆς
1498 1322 1626 1362 ἵππου
1655 1321 1721 1361 καὶ

260 1392 436 1435 κασσίδα
454 1389 757 1445 κεχρυσοῃιένην
777 1390 960 1442 πλησίον,
984 1388 1212 1444 ἐπιγράψας
1231 1391 1271 1431 ἐν
1295 1389 1447 1439 αὐτοῖς,
1463 1388 1549 1444 Ἐφ’
1573 1382 1621 1430 οὗ
1641 1404 1721 1443 ‹pv-

261 1460 343 1515 γῶν
362 1457 383 1502 ὃ
405 1459 599 1507 Σέλευκος
620 1457 691 1500 τὸν
709 1457 934 1512 Ἀντίγονον
958 1455 1160 1511 διεσώθη·
1198 1455 1548 1512 καὶῶποστρέψας
1567 1457 1719 1498 ἐκεῖθεν

261 1528 414 1570 ἀνεῖλεν
441 1523 577 1568 αὐτόν.
650 1523 830 1582 ἀνήγειρε
860 1527 904 1567 δὲ
931 1524 951 1568 ὃ
985 1525 1109 1574 αὐτὸς
1135 1526 1330 1575 Σέλευκος
1361 1526 1427 1567 καὶ
1453 1527 1511 1582 τῷ
1535 1523 1720 1580 Ἀμφίονι

208 1609 240 1642 Ε
264 1595 417 1650 στήλην
434 1594 695 1650 μαρμαρίνην
718 1594 796 1636 ἴσω
815 1598 889 1648 τῆς
908 1595 1119 1648 λεγομένης
1137 1592 1416 1648 Ῥωμανησίας
1435 1590 1611 1648 πόρτας,
1648 1591 1719 1647 ὄρ-
1730 1602 1776 1635 20

262 1665 482 1707 νεοθυσίαν
511 1667 692 1704 ποιοῦντι
724 1661 810 1715 ἅμα
849 1662 974 1721 αὐτῷ.
1045 1662 1171 1705 ἔκτισε
1201 1663 1246 1704 δὲ
1276 1660 1296 1704 ὃ
1326 1660 1450 1710 αὐτὸς
1480 1660 1675 1709 Σέλευκος
1699 1658 1719 1702 ὃ

263 1730 456 1789 Νικάτωρ
478 1732 545 1773 καὶ
568 1730 694 1787 ἄλλην
716 1731 920 1788 παραλίαν
950 1728 1066 1774 πόλιν
1088 1732 1129 1774 ἐν
1156 1735 1207 1789 τῇ
1236 1731 1366 1790 Συρίᾳ
1402 1726 1571 1783 ὀνόματι
1596 1731 1722 1772 Λαο-

1639 1767 1759 1790 f·-

357 1866 413 1900 11.
459 1861 573 1908 κατὰ]
619 1863 695 1898 τῶν
724 1860 817 1897 κατὰ
847 1863 916 1897 Ox.
1116 1864 1171 1899 13.
1220 1861 1395 1898 οἰκοῦντα
1424 1859 1508 1901 Ch.‚
1556 1859 1720 1895 οἰκοῦντι

355 1912 421 1944 Ox.
570 1911 623 1945 18.
673 1907 855 1954 διεσώθη]
900 1906 920 1946 ὃ
946 1906 1109 1955 διεσώθη
1133 1911 1200 1944 Ox.
1345 1909 1401 1943 21.
1447 1905 1618 1942 ποιοῦντι
1641 1905 1719 1950 Ch.‚

353 1957 535 1992 ποιοῦντα
559 1956 628 1990 Ox.

266 2070 459 2111 venientes,
493 2069 586 2103 urbis
608 2069 814 2103 summitates
835 2068 1058 2104 incoluerunt.
1106 2070 1233 2114 Amyce
1255 2065 1376 2101 deinde
1399 2069 1553 2107 mortua,
1586 2069 1720 2100 centum

265 2119 310 2152 ab
334 2118 421 2151 urbe
453 2114 570 2150 stadiis·
593 2115 729 2159 sepulta
751 2121 823 2156 est3
865 2127 886 2148 a
909 2126 977 2159 qua
1000 2113 1096 2158 regio
1131 2126 1171 2148 ea
1194 2115 1322 2156 Amyca
1344 2112 1436 2145 dicta
1471 2116 1533 2151 est.
1578 2111 1723 2156 Argivos

264 2163 368 2197 etiam
390 2161 521 2196 Jonitas
555 2161 708 2194 hortatus
734 2164 804 2202 est,
840 2161 891 2194 uti
913 2160 1026 2205 Jopoli
1050 2159 1190 2201 relicta,
1226 2159 1262 2192 in
1284 2156 1493 2192 Antiochiam
1515 2156 1721 2201 migrat-enti

267 2209 384 2250 Quos,
408 2219 481 2242 cum
503 2204 670 2240 natalibus
691 2205 797 2247 clari,
821 2207 993 2251 sacrisque
1017 2209 1126 2240 essent
1146 2203 1308 2244 instituti,
1331 2203 1366 2236 in
1388 2203 1479 2237 urbis
1500 2202 1720 2236 Administra-

265 2254 392 2288 tionem
425 2251 624 2296 designavit.
683 2251 775 2284 Idem
799 2251 958 2286 Seleucus
990 2251 1159 2297 lapideum
1185 2250 1416 2284 simulachrum
1439 2248 1603 2294 Aquilae,
1641 2252 1721 2282 ante

266 2301 383 2334 urbem
417 2298 540 2344 posuit.
601 2296 736 2330 Menses
764 2296 845 2330 item
878 2298 1061 2341 Syrorum,
1103 2296 1326 2330 Macedonum
1358 2294 1514 2328 mensium
1536 2291 1720 2328 nominibus

267 2345 385 2379 vocari
396 2345 503 2388 jussit.
552 2343 659 2387 Syros
682 2345 793 2375 autem
813 2343 1055 2377 Antiochenses
1077 2342 1112 2376 in
1137 2347 1232 2376 terra
1250 2340 1435 2385 Gigantum
1459 2339 1627 2380 habitare,
1649 2349 1720 2372 ma-

265 2390 420 2424 nifestum
452 2389 532 2423 inde
567 2391 637 2428 est3
682 2387 793 2432 quod,
832 2387 961 2421 duobus
985 2389 1027 2422 ab
1052 2387 1234 2422 Antiochia
1256 2397 1408 2432 passuum
1431 2384 1592 2426 millibus,
1627 2384 1719 2418 locus

264 2441 341 2477 est,
367 2436 425 2470 ubi
450 2436 592 2469 humana
615 2444 759 2478 corpora
782 2432 1018 2467 inveniuntur:
1046 2433 1100 2467 ira
1123 2433 1189 2466 Dei
1211 2432 1247 2466 in
1270 2431 1399 2476 lapides
1421 2440 1599 2470 conversa,
1624 2440 1720 2472 quos,

266 2482 302 2515 in
325 2481 412 2515 hunc
435 2492 539 2525 usque
563 2480 669 2520 diem,
702 2478 868 2522 Gigantes
891 2483 1026 2513 vocant.
1084 2479 1152 2512 Sed
1178 2482 1213 2511 et
1236 2479 1379 2520 Pagram
1414 2475 1578 2519 quendam
1600 2474 1721 2518 gigan-

266 2532 355 2568 tem,
388 2526 456 2561 loci
487 2526 577 2560 illius
599 2524 760 2566 incolam,
799 2524 878 2567 igne
910 2524 1046 2557 coelesti
1080 2528 1329 2568 consumptum,
1363 2520 1412 2554 ibi
1435 2519 1572 2565 periisse
1594 2522 1720 2555 ferunt.

265 2574 354 2607 Ante
376 2573 491 2606 urbem
515 2583 609 2613 vero,
635 2570 679 2604 ad
699 2569 807 2614 ripam
829 2568 971 2604 fluminis
995 2569 1212 2608 ulteriorem,
1235 2568 1395 2600 Seleucus
1418 2566 1509 2599 aliud
1533 2565 1635 2599 ctiam
1659 2577 1719 2610 po-

264 2618 332 2652 suit
355 2618 608 2657 simulachrum,
633 2615 764 2661 Capitis
787 2614 916 2648 scilicet
938 2614 1086 2658 Equini3
1108 2614 1293 2657 juxtaque,
1319 2611 1479 2645 cassidem
1502 2611 1718 2650 deauratam3

265 2664 389 2708 quibus
412 2665 498 2697 haec
526 2661 690 2707 inscripta
713 2664 797 2695 sunt.
844 2659 966 2702 „Huic
989 2659 1186 2703 (insidens)
1220 2659 1401 2700 Seleucus,
1437 2656 1638 2700 Antigonum
1662 2657 1718 2689 fu-

266 2709 373 2753 giens,
398 2709 523 2743 evasit:
549 2712 585 2742 et
604 2706 726 2741 deinde
744 2717 909 2747 reversus,
933 2717 1007 2739 eum
1028 2716 1048 2739 e
1070 2704 1179 2738 medio
1201 2703 1374 2738 sustulit.“
1419 2702 1598 2747 Amphioni
1615 2701 1717 2735 etiam

265 2754 456 2795 sacerdoti,
492 2754 625 2798 quicum
659 2752 812 2797 auspicia
838 2751 911 2796 ipse
941 2754 1159 2795 captaverat,
1200 2749 1361 2784 Seleucus
1392 2749 1574 2782 columnam
1606 2745 1716 2792 posuit

266 2811 505 2839 marmoream,
538 2799 629 2832 intra
652 2803 804 2842 portam,
830 2796 1061 2830 Romanesiam
1083 2795 1219 2830 dictam.
1265 2795 1426 2829 Seleucus
1446 2793 1546 2827 etiam
1569 2792 1716 2826 Nicator

268 2846 383 2879 urbem
407 2846 507 2879 etiam
541 2843 691 2879 condidit
713 2843 748 2877 iu
772 2843 876 2889 Syria
897 2841 1120 2883 Maritimam,
1162 2852 1261 2886 quam
1285 2852 1305 2875 a
1327 2841 1400 2874 filia
1431 2850 1492 2874 sua
1514 2837 1714 2873 Laodiceam
