1852 3236
293 208 390 235 xx1v
784 184 1234 232 PROLEGOMENA.

405 303 582 351 Quorum
601 301 668 341 hic
686 308 743 340 est
758 313 912 340 sensus:
940 298 991 338 Et
1009 310 1091 339 arte
1102 298 1337 354 eloquentiae
1352 297 1514 354 pollens,
1536 305 1630 339 cum'
1647 297 1731 340 alta

294 369 416 409 multa
442 370 599 423 scribit,
627 380 705 408 tum
725 368 1049 421 comparationem
1066 367 1233 405 Dearum
1252 368 1389 416 trium,
1421 366 1620 406 Minervae
1636 366 1731 407 Pru-

295 435 464 487 dentiae,
502 436 663 476 Junonis
690 433 965 484 Fortitudinis,
1006 444 1040 472 et
1081 433 1239 472 Veneris
1279 432 1533 486 Cupiditatis3
1570 449 1732 488 quarum

295 501 471 542 ultimam
491 505 647 542 caeteris
667 500 875 556 praetulit:
904 511 946 540 ut
968 500 1103 540 scribit
1131 499 1298 540 Joannes
1319 500 1587 540 Antiochenus
1613 499 1734 541 Chro-

295 570 524 623 nographus.
586 569 663 621 Qui
693 567 796 608 illud
826 567 1024 607 duntaxat
1052 565 1257 619 allegorice
1291 567 1474 619 exponit,
1503 566 1586 607 alia
1615 571 1735 608 missa

283 635 469 692 faciens,
500 651 629 688 nempe
658 636 814 688 nuptias
832 633 933 675 Pelei
953 645 987 673 et
1010 633 1206 682 Thetidis,
1236 631 1497 684 Mercurium,
1527 644 1562 672 et
1587 633 1735 677 Iovem,

295 712 329 740 et
347 701 461 740 Idam
482 701 550 740 ubi
580 701 626 740 cle
645 700 802 740 Deabus
832 700 915 740 illis
929 700 1120 754 judicium
1127 699 1286 755 fecerit.
1347 699 1491 740 Verum
1519 700 1669 742 Tzetzes
1691 717 1736 741 ea

297 771 426 808 omnia
446 767 635 808 subtiliter
655 768 909 821 allegorizat..
964 767 1015 807 Et
1034 766 1196 806 attende.

406 836 470 875 IV.
525 836 570 874 In
589 836 686 874 locis
705 835 813 873 hisce
834 835 1122 884 describendis,
1148 834 1300 872 idcirco
1329 835 1478 886 prolixi
1498 836 1663 887 fuimus,
1691 843 1738 876 ut

297 903 437 941 exinde
461 903 703 941 commodius
733 901 866 954 (quod
896 916 946 941 ex
973 915 1050 940 usu
1067 907 1202 939 nostro
1228 902 1394 954 fuerit,)
1424 904 1579 956 exquiri
1599 905 1737 957 possit,

296 975 431 1008 utrum
455 971 530 1009 iste
561 969 623 1008 Jo.
655 968 944 1019 Antiochenus,
986 970 1098 1021 cujus
1132 969 1351 1020 Scriptores
1378 970 1487 1010 citati
1516 972 1739 1011 testimonio

298 1044 488 1087 utuntur,
517 1037 568 1075 sit
589 1036 694 1074 idem
718 1049 805 1073 cum
829 1044 962 1074 nostro
992 1034 1055 1075 Jo.
1080 1033 1259 1086 Mutela,
1289 1050 1339 1073 an
1364 1038 1495 1087 potius
1511 1052 1600 1077 cum
1619 1040 1742 1078 altero

296 1104 380 1152 illo,
411 1118 529 1155 supra
548 1109 774 1151 memorato,
803 1102 913 1154 cnjus
931 1108 1064 1140 extant
1082 1102 1187 1153 apud
1208 1103 1307 1154 Imp.
1332 1102 1620 1144 Constantinum
1643 1105 1740 1147 Por-

294 1170 614 1223 phyrogennetum
642 1171 849 1220 Excerpta.
910 1167 995 1207 Ger.
1035 1167 1217 1218 Vossius,
1251 1170 1338 1221 qui,
1374 1176 1418 1208 ut
1446 1185 1564 1223 supra
1590 1174 1740 1211 monui-

297 1251 402 1285 mus,
432 1228 486 1275 de
502 1238 709 1293 Excerptis
738 1235 801 1274 Jo.
821 1233 1061 1274 Antiocheni·
1087 1236 1192 1285 apud
1221 1237 1316 1288 imp.
1340 1236 1583 1277 Constantini
1604 1239 1741 1293 Porplt.

299 1305 544 1342 collectanea
573 1303 820 1351 extantibus,
858 1300 957 1339 nihil
986 1300 1142 1338 omnino
1172 1310 1469 1353 commemorat,
1510 1303 1570 1344 J'o.
1597 1306 1741 1345 Antio-

299 1369 479 1418 ebenum,
514 1383 628 1421 quem
647 1369 741 1407 citat
763 1369 811 1406 de
834 1367 1000 1419 Aegypti
1033 1368 1175 1417 Regina
1199 1370 1408 1422 Cleopatra
1424 1369 1468 1422 1)
1496 1370 1559 1410 Jo.
1579 1373 1743 1426 Tzetzes,

299 1437 463 1476 eundem
477 1437 596 1475 fuisse
609 1437 855 1488 conjectatur
871 1448 959 1472 cum
971 1432 1033 1471 Jo.
1050 1433 1213 1473 Malela.
1233 1436 1278 1473 In
1296 1450 1371 1487 qua
1385 1439 1573 1476 sententia
1587 1453 1676 1478 eum
1687 1454 1743 1479 se-

301 1503 433 1556 quitur
444 1502 619 1542 Allatius
635 1502 694 1555 2-),
727 1509 766 1540 et
790 1501 957 1540 Joannes
979 1506 1112 1538 noster
1137 1499 1346 1553 Gregorius
1363 1503 1404 1541 in
1426 1503 1746 1545 Animadversio-

300 1569 412 1607 nibus
431 1569 510 1607 MS.
539 1569 580 1608 in
606 1570 797 1608 Autorem
827 1575 1019 1606 nostrum.
1078 1568 1157 1617 Ego
1186 1569 1320 1623 potius
1339 1570 1381 1608 in
1399 1572 1629 1610 sententiam
1651 1587 1748 1611 con-

300 1636 460 1675 trariam
487 1636 739 1687 propendeo,
769 1642 808 1673 et
830 1647 908 1672 non
936 1635 1064 1671 solum
1094 1647 1207 1683 eum,
1240 1649 1354 1686 quem
1382 1637 1476 1676 citat
1495 1636 1535 1674 in
1561 1637 1647 1676 loco
1666 1639 1748 1681 illo,

303 1703 542 1753 caeterisque
568 1716 688 1755 supra
719 1701 920 1747 adductis,
963 1698 1026 1738 Jo.
1061 1700 1230 1749 Tarus,
1258 1701 1329 1748 sed
1354 1709 1391 1741 et
1411 1716 1522 1752 eum,
1553 1717 1668 1754 quem
1690 1706 1750 1744 ci..

300 1777 388 1808 tant
406 1770 491 1822 ejus
524 1770 661 1807 Frater
689 1767 871 1816 Isaacus,
901 1773 941 1805 et
972 1764 1082 1804 Geor.
1109 1764 1297 1815 eodinus,
1333 1769 1498 1807 eundem
1522 1771 1642 1811 fuisse
1661 1786 1750 1814 cum

303 1839 427 1877 altero
457 1838 552 1886 illo,
585 1835 698 1887 cujus
727 1841 862 1871 extant
886 1834 1085 1884 Excerpta
1102 1831 1170 1884 ³),
1199 1830 1307 1871 haud
1337 1848 1450 1884 aegre
1475 1836 1570 1875 mihi
1588 1852 1753 1890 persua.

303 1906 390 1944 deo.
452 1905 511 1942 De
543 1900 690 1942 Godino
726 1913 818 1941 sane
852 1899 930 1939 hoc
966 1899 1058 1938 satis
1098 1904 1264 1941 constat.
1328 1900 1427 1943 Nam
1461 1902 1592 1945 locum
1620 1905 1751 1958 istum,

350 2099 392 2144 ¹)
413 2098 502 2134 Nam
518 2098 562 2133 de
587 2097 730 2133 caeteris
756 2096 839 2131 locis
868 2109 957 2143 quae
982 2109 1088 2143 supra
1113 2109 1135 2132 a
1152 2096 1248 2133 nobis
1267 2096 1374 2133 citata
1396 2103 1473 2134 sunt
1488 2099 1519 2134 is
1536 2099 1618 2135 nihil
1635 2102 1752 2138 obser-

394 2159 504 2189 varat.

351 2212 396 2256 ²)
421 2210 491 2252 Qui
514 2222 577 2247 nec
601 2209 669 2256 ipsi
694 2209 729 2244 in
752 2209 827 2245 loca
847 2219 934 2255 quae
962 2220 1066 2256 supra
1098 2210 1315 2255 produximus
1346 2214 1486 2247 caetera
1508 2211 1650 2257 legendo
1667 2213 1755 2248 inci—

397 2268 528 2301 derant.
1368 2259 1372 2265 ’

351 2324 392 2368 ⁸)
414 2324 453 2357 In
471 2322 652 2369 Excerptis
677 2322 741 2357 illis
760 2321 905 2355 habetur
937 2319 1094 2364 perioche
1120 2321 1204 2354 bene
1229 2332 1350 2367 magna
1377 2322 1420 2356 de
1443 2323 1568 2358 Paride
1591 2324 1757 2369 Trojano,

396 2378 432 2412 in
460 2390 527 2423 qua
553 2382 664 2413 tamen
696 2378 780 2411 nihil
812 2376 961 2411 occurrit
992 2377 1035 2410 de
1066 2376 1151 2410 illius
1180 2377 1303 2411 Libelli
1334 2378 1368 2411 in
1391 2379 1532 2413 Veneris
1562 2380 1758 2415 Encomium

399 2435 606 2480 scriptione,
629 2435 672 2469 de
695 2445 761 2479 qua
784 2433 910 2476 allegat
932 2434 985 2468 Jo.
1006 2433 1248 2467 Antiochenam
1267 2434 1321 2469 Jo.
1346 2435 1516 2469 Tzetzes.
1540 2436 1600 2469 sed
1623 2436 1691 2470 dici
1714 2437 1758 2470 ad

399 2492 462 2525 hoc
486 2494 620 2535 potest,
645 2491 754 2524 solere
775 2488 810 2522 in
837 2488 903 2521 illis
924 2488 1106 2534 Excerptis
1132 2491 1386 2526 Constantinum
1414 2490 1536 2535 Porph.
1560 2502 1625 2525 non
1650 2491 1759 2525 omnia

399 2558 487 2591 quae
508 2546 619 2591 ipsius
637 2547 777 2580 Antores
809 2544 844 2577 in
877 2544 1017 2587 singulis
1049 2546 1297 2580 narrationibus
1320 2547 1505 2591 scripsere,
1543 2547 1585 2581 ad
1619 2548 1758 2581 verbum

401 2603 582 2644 exhibere,
615 2602 674 2636 sed
704 2612 817 2635 eorum
836 2600 1069 2634 enarrationes
1101 2603 1298 2635 contrahere
1322 2605 1357 2635 et
1390 2613 1433 2635 ex
1464 2601 1530 2636 illis
1564 2615 1625 2648 pro
1660 2602 1759 2636 libitu

400 2658 556 2693 nonnulla
581 2659 721 2692 elidere.
767 2656 856 2690 Vide
890 2659 1000 2689 tamen
1034 2667 1119 2701 quae
1151 2657 1295 2692 diximus
1329 2658 1364 2691 in
1388 2658 1544 2691 Diatriba
1570 2659 1686 2691 nostrii
1707 2657 1760 2696 De

400 2713 568 2759 Scriptor.
587 2721 591 2724 “
610 2713 754 2751 Graecis
784 2711 888 2749 variis
920 2723 995 2760 cap.
1030 2723 1054 2749 1.
1090 2713 1146 2750 ubi
1181 2715 1224 2749 de
1255 2715 1463 2752 Antiocheno
1486 2713 1658 2762 Chronog·
1683 2712 1759 2750 Mo-

405 2770 525 2806 nacho,
