1838 3230
409 152 1039 199 CHRONOGRAPHIA.
1095 153 1145 209 L,
1176 152 1291 198 XVI.
1489 157 1587 205 409

108 271 327 331 Ἀμάντιος
347 270 454 318 εἶπεν
483 272 620 333 αὐτῷ,
657 274 730 323 Εἲς
758 272 830 316 τόν
860 274 990 316 αἰῶνα
1021 274 1143 329 ζῆθι,
1179 277 1374 328 βασιλεῦ’·
1405 271 1590 318 ἐνύπνιον

115 343 194 401 γὰρ
214 341 322 388 εἶδον
345 342 456 400 κάγὼ
474 342 518 386 ἔν
534 339 665 400 ταύτῃ
690 345 742 399 τῇ
765 343 878 384 νυκτὶ
897 340 958 384 ὅτι
978 340 1033 392 ὥς
1064 340 1243 398 ἑστηκὼς
1270 342 1380 399 κάγὼ
1409 344 1589 387 ἐναντίον

117 416 195 456 τοῦ
210 410 408 470 ὖμετίρου
426 409 603 468 κράτους
621 410 795 454 ὄπισθέν
813 428 895 464 μου
917 411 1054 454 ἐλθὼν
1069 417 1233 468 χοῖρος,
1258 409 1393 469 ὥσπερ
1412 409 1592 469 σύαγρος

116 480 269 538 μέγας,
313 481 381 524 καὶ
410 477 663 537 δραξάμενος
692 483 751 537 τῷ
788 477 963 533 στόματι
996 479 1071 534 τὴν
1112 480 1242 537 ἀρχὴν
1270 485 1345 536 τῆς
1376 479 1592 535 χλαμύδος

85 551 187 599 (ικαὶ
205 543 372 600 τινᾶξας
391 546 595 605 κατήγαγὲ
612 565 663 603 με
685 549 742 597 εἷς
761 547 809 591 τὸ
831 547 984 606 ἔδαφος
1007 552 1081 603 τῆς
1109 553 1196 603 γῆς,
1233 551 1300 592 καὶ
1331 548 1520 605 ἀνήλωσὲ
1539 567 1590 605 με

117 618 350 661 κατεσθίων
387 618 455 660 καὶ
494 621 758 660 καταπατῶν.
830 618 897 659 καὶ
927 615 1309 672 προσκαλεσάμενος
1344 616 1365 661 ὃ
1397 619 1593 673 βασιλεῦς

117 684 314 742 Πρόκλον
346 685 418 729 τὸν
433 685 619 728 Ἀσιανὸν
657 683 902 742 φιλόσοφον,
938 685 1010 728 τὸν
1036 686 1323 742 ὂνειροκρίτην,
1364 686 1464 730 ὄντα
1483 685 1590 731 πάνυ

118 752 356 808 ἐπιτήδειον,
394 751 500 797 εἶπεν
519 754 633 813 αὐτῷ
665 753 740 810 [τὸ
773 751 927 809 ὅραμα,
955 752 1106 808 ὁμοίως
1130 755 1174 797 δὲ
1202 757 1269 798 καὶ
1292 754 1531 810 Ἀμάντιος”
1569 754 1591 799 ὅ

118 824 164 866 δὲ
183 821 425 880 ἐσαφήνισεν
453 822 617 878 αὐτοῖς]
647 823 723 878 τὴν
745 827 817 865 τοῦ
848 820 1062 879 ὁράματος
1091 822 1267 879 δύναμιν
1300 826 1368 868 καὶ
1391 823 1455 869 ὅτι
1486 825 1592 881 μετὰ

63 907 108 943 10
112 888 264 950 χρόνον
285 895 542 935 τελειοῦνται.

214 957 264 1003 Ὁ
286 960 331 1002 δὲ
363 960 487 1010 αὐτὸς
513 959 710 1015 βασιλεῦς·
736 957 1005 1011 Ἀναστάσιος
1031 961 1137 1015 μετὰ
1169 960 1246 1011 τὰς
1271 959 1441 1019 πρώτας
1459 962 1589 1006 αὐτοῦ
1613 958 1646 993 Ε

118 1027 276 1085 δωρεὰς
296 1026 419 1072 πάλιν
449 1027 577 1080 ἄλλας
605 1028 840 1083 κατέπεμψε
877 1033 977 1071 πᾶσι
1006 1036 1091 1079 τοῖς
1117 1028 1330 1073 ὗποτελέσι
1355 1035 1430 1086 τῆς
1458 1031 1588 1075 αὐτοῦ

110 1098 336 1147 πολιτείας.
407 1096 535 1141 ἔκτισε
563 1099 608 1140 δὲ
637 1099 705 1140 καὶ
734 1100 790 1147 εἷς
817 1096 992 1153 ἑκάστην
1009 1095 1126 1142 πόλιν
1146 1102 1221 1154 τῆς
1246 1097 1474 1154 Ῥωμανίας
1495 1099 1587 1143 διά-
1613 1108 1643 1142 V
1666 1106 1712 1144 46

118 1182 231 1222 φορα
252 1167 456 1220 κτίσματα
490 1168 556 1209 καὶ
574 1167 683 1222 τείχη
706 1157 775 1208 καὶ
799 1164 997 1222 ἀγωγούς,
1046 1169 1112 1209 καὶ
1133 1168 1297 1222 λιμένας
1320 1167 1593 1226 ἀνακαθάρας

65 1243 108 1278 15
120 1236 187 1276 καὶ
215 1231 395 1290 δημόσια
424 1235 579 1292 λουτρὰ
599 1237 642 1278 ἐκ
663 1236 864 1290 θεμελίων
896 1233 1171 1291 οἰκοδομήσας
1180 1269 1195 1290 ,
1233 1238 1299 1280 καὶ
1324 1237 1431 1280 ἄλλα
1454 1238 1587 1282 πολλὰ
1610 1245 1644 1280 Ο
1669 1247 1738 1282 129

117 1303 161 1346 ἐν
181 1300 332 1360 ἑκάστῃ
354 1304 530 1360 παρέσχε
550 1302 674 1347 πόλει.

219 1372 306 1415 Καὶ
320 1370 406 1426 μετ’
431 1372 564 1429 ὀλίγον
585 1369 736 1430 χρόνον
759 1369 1033 1430 ἀρρωστήσας
1055 1371 1248 1427 ἀνέκειτο,
1286 1376 1352 1417 καὶ
1375 1374 1590 1431 ἀστραπῆς

117 1440 184 1483 καὶ
202 1443 382 1496 βροντῆς
397 1441 612 1498 γενομένης
632 1438 811 1497 μεγάλης
829 1439 953 1495 πάνυ,
989 1444 1195 1498 θροηθεὶς
1214 1440 1235 1485 ὃ
1259 1442 1383 1494 αὐτὸς
1397 1445 1591 1498 βασιλεὺς

110 1506 379 1559 Ἀναστάσιος
411 1509 593 1555 ἀπέδωκε
624 1509 673 1554 τὸ
697 1514 881 1565 πνεῦμα,
930 1508 988 1554 ὢν
1019 1511 1215 1555 ἐνιαυτῶν
1250 1510 1489 1568 ἐνενήκοντα
1521 1516 1590 1556 καὶ

62 1581 259 1634 Ξομηνῶν
287 1577 415 1622 πέντε.

209 1688 245 1723 8.
283 1685 328 1723 τὸ
350 1706 397 1713 ·-
420 1683 552 1729 αὐτοῖς
574 1686 692 1723 addidi
716 1699 759 1722 ex
783 1686 911 1722 Chron.
934 1699 972 1733 p.
995 1687 1076 1725 331.
1099 1688 1140 1722 A.
1280 1690 1336 1726 16.
1373 1687 1479 1726 πόλει
1502 1691 1588 1734 Ch„

208 1730 318 1770 πόλιν
340 1735 408 1769 Ox.
525 1735 581 1770 19.
610 1732 850 1779 ἐννενήκοντα
874 1733 943 1770 Ox-

119 1824 294 1861 Amautius
316 1825 370 1868 ei,
403 1824 478 1867 „In
499 1829 686 1868 aeternum,
709 1825 834 1871 inquit,
859 1824 956 1858 vivas
978 1823 1186 1870 Imperator.
1231 1825 1432 1861 Insomnium
1456 1830 1494 1862 et
1522 1839 1588 1872 ego

121 1882 257 1917 quoque
280 1872 346 1905 hac
369 1871 443 1918 ipsa
466 1876 566 1906 nocte
589 1872 704 1906 habui.
764 1872 853 1905 Dum
887 1870 975 1904 enim
1009 1870 1193 1915 Majestate
1215 1872 1341 1907 Vestra
1372 1885 1485 1908 coram
1518 1880 1590 1908 sta-

118 1928 212 1958 rem,
234 1928 359 1963 porcus
381 1916 539 1963 quidam,
560 1917 709 1962 ingentis
734 1916 812 1963 apri
836 1916 983 1962 speciem
1003 1927 1090 1962 prae
1112 1930 1148 1951 se
1170 1918 1305 1960 ferens,
1341 1930 1363 1953 a
1385 1924 1485 1964 tergo
1508 1919 1590 1954 mihi

119 1963 239 1996 venire
261 1963 353 1997 visus
377 1967 451 2005 est;
485 1964 544 2008 qui
568 1970 749 1998 extremam
775 1961 959 2008 chlamydis
982 1973 1076 1997 oram
1107 1963 1143 1997 in
1176 1975 1213 1998 os
1235 1964 1423 2010 arripiens,
1446 1965 1589 2000 vellica-

118 2008 182 2043 bat
204 2008 390 2050 mordicus3
427 2020 548 2053 meque
579 2010 686 2055 ipsum
712 2009 866 2043 deorsum
890 2020 1014 2054 agens,
1044 2008 1202 2045 dentibus
1232 2011 1408 2046 lacerabat
1438 2016 1474 2046 et
1507 2023 1590 2056 pro-

118 2054 291 2089 culcatum
322 2055 465 2100 pedibus
494 2058 604 2090 totum
634 2056 835 2090 devorabat.
902 2055 1097 2089 Accersitus
1135 2055 1246 2101 igitur
1285 2057 1329 2091 ab
1371 2058 1591 2103 Imperatore

119 2099 287 2142 Proclus‚
310 2101 451 2135 Asianus
474 2101 716 2147 Philosophus,
748 2099 981 2145 sagacissimus
1006 2100 1207 2136 somniorum
1232 2103 1428 2147 conjector,
1451 2103 1590 2138 visionis

119 2145 187 2180 vim
210 2146 414 2191 Imperatori
437 2148 615 2192 exposuit;
638 2147 736 2182 brevi
755 2146 886 2181 scilicet
909 2158 968 2181 eos
990 2147 1189 2183 interituros
1213 2160 1296 2183 esse.

211 2191 402 2237 Imperator
424 2198 538 2228 autem
560 2193 776 2234 Anastasius,
811 2195 953 2239 praeter
984 2204 1024 2227 ea
1056 2204 1145 2239 quae
1175 2206 1280 2240 supra
1310 2193 1588 2235 memoravimus3

119 2236 223 2272 etiam
247 2237 316 2272 alia
337 2238 562 2283 vectigalibus
584 2239 650 2274 suis
674 2238 825 2273 omnibus
847 2249 985 2273 munera
1007 2238 1193 2275 distribuit.
1254 2239 1347 2281 Quin
1374 2244 1409 2274 et
1432 2251 1495 2285 per
1517 2239 1587 2273 sin·

120 2282 218 2327 gulas
240 2283 341 2319 etiam
364 2284 551 2320 Romaniae
574 2286 674 2320 urbes
704 2284 803 2319 varia
834 2283 943 2318 erexit
971 2284 1149 2327 aedificia,
1193 2286 1346 2329 moenia,
1389 2290 1426 2320 et
1458 2297 1586 2330 aquae-

121 2329 265 2370 ductus3
295 2333 417 2375 portus
441 2331 543 2366 etiam
565 2330 792 2377 repurgavit3
825 2334 860 2364 et
882 2330 1014 2364 Balnea
1037 2331 1175 2377 publica
1198 2334 1243 2367 ab
1267 2331 1348 2377 ipsis
1380 2331 1483 2366 etiam
1507 2332 1586 2365 fun-

121 2372 285 2409 dmentss
308 2376 496 2419 excitavit3
521 2377 734 2423 plurimaque
757 2385 820 2422 per
843 2376 944 2411 urbes
967 2376 1034 2411 alia
1056 2377 1179 2423 passim
1202 2378 1354 2412 donavit.

212 2419 315 2455 Haud
337 2421 440 2466 longo
465 2427 578 2458 autem
601 2429 680 2470 post
702 2428 872 2469 tempore,
895 2433 938 2457 ex
960 2423 1078 2458 morbo
1105 2423 1289 2465 decubuit3
1312 2422 1510 2467 tonitruque
1532 2422 1585 2458 in-

122 2465 236 2519 ςιίιίᾶἑ
253 2466 346 2502 facto
381 2468 607 2514 fulmineque,
643 2470 876 2503 consternatus
897 2467 978 2504 inde
999 2468 1194 2515 Imperator
1215 2469 1410 2506 Anastasius
1433 2468 1588 2516 spiritum

122 2508 267 2554 efflmt,
290 2523 393 2548 annos
415 2520 515 2550 natus
537 2526 581 2550 xc
606 2520 643 2552 et
663 2525 794 2550 meuses
816 2525 851 2549 v.
