1838 3230
278 165 378 212 384
688 163 974 214 IOANN'IS
1003 166 1336 215 MALALAE

279 278 479 337 ἐπάρχους
509 285 589 325 τῶν
620 282 896 339 πραιτωρῖων,
943 288 1009 328 καὶ
1040 287 1092 330 τὰ
1121 290 1351 333 κωδικίλλια
1382 291 1470 346 μέν’
1488 297 1570 336 τῶν
1602 293 1731 340 αὖε-οὕ

277 348 486 406 ἀρχόντων
513 354 595 393 τῶν
624 349 808 406 μεγάλων
823 351 902 395 ἀπὸ
927 358 1000 396 τοῦ
1019 357 1219 408 βασιλέως
1237 357 1431 413 Ζήνωνος
1457 361 1626 416 ἐδέχετο,
1648 381 1731 418 μη-

277 417 385 462 νύων
405 417 515 475 αὐτῷ
542 419 633 460 τίνα
658 417 781 472 ἤθελε
809 425 1093 477 προαχθῆναι·
1129 427 1194 467 καὶ
1225 426 1323 476 τούς
1343 429 1563 483 σκηπίονας
1585 430 1631 473 δὲ
1650 435 1730 474 τῶν

277 484 446 529 ’ὑπάτων
467 485 528 528 ἐπὶ
547 490 620 528 τοῦ
639 487 839 539 βασιλέως
858 488 982 532 αὐτοῦ
1001 489 1237 545 ἐλάμβανεν.

329 577 339 600 5
369 554 435 596 'H
465 551 591 607 μόνον
628 555 672 596 δὲ
702 555 791 611 ρὴξ
830 556 979 612 ἐγένετο
1018 557 1038 601 ὃ
1081 560 1203 611 αὐτὸς
1238 564 1502 618 Θευδερίχος,
1549 569 1764 621 προσῆλ-5

225 635 257 671 Ι)
281 627 357 666 θεν
393 621 505 679 αὐτῷ
543 622 618 674 μία
654 620 787 678 χήρα,
833 626 1072 681 συγκλητικὴ
1103 625 1281 683 Ῥώμης,
1329 629 1498 685 ὀνόματι
1528 630 1731 687 Ἰουβενα-

276 692 366 743 Ma,
416 687 665 732 διδάσκουσα
700 691 823 733 αὐτὸν
860 692 920 734 ὅτι
954 693 1170 749 τριάκοντα
1198 697 1266 752 ἔτη
1299 697 1376 753 ἔχω
1401 700 1638 756 δικαζομένη
1655 718 1731 756 με-

275 759 328 802 τὰ
365 762 439 800 τοῦ
466 759 675 813 πατρικίου
709 761 893 816 Φίρμου·
942 761 1047 808 ἀλλὰ
1081 762 1308 809 εὖλύτωσόν
1333 784 1397 820 με.
1468 770 1534 810 καὶ
1563 769 1731 823 ἐνεγκὼν

272 826 371 876 τοὺς
384 824 617 881 δικολόγους
633 831 714 870 τῶν
736 827 976 885 ἀμφοτέρων
994 835 1128 887 μερῶν
1149 830 1252 876 εἶπεν
1271 834 1423 887 αὐτοῖς,
1443 835 1561 891 Εἷμῆ
1577 836 1644 878 διὰ
1658 841 1731 892 τῆς

275 894 417 951 αὔριον
435 896 502 937 καὶ
523 899 596 949 τῆς
611 895 694 949 μετ’
719 895 846 951 αὐτῆς
865 895 1011 941 δώσετε
1032 899 1170 949 αὐτοῖς
1194 901 1264 944 τὸν
1286 901 1382 956 ὅρον
1398 905 1464 944 καὶ
1483 902 1730 955 ἀπαλλάξειε
1742 915 1786 950 10

275 961 438 1015 αὐτούς,
466 962 746 1020 ἀποκεφαλίζω
761 962 881 1018 ὑμᾶς.
934 969 1000 1008 καὶ
1021 969 1266 1019 καθίσαντες
1284 970 1349 1014 διδ
1373 974 1455 1013 τῶν
1473 969 1547 1015 δύο
1568 970 1731 1029 ἡμερῶν

274 1030 389 1075 εἶπαν
402 1031 453 1073 τὰ
465 1033 663 1074 δοκοῦντα
676 1039 761 1082 τοῖς
772 1031 924 1087 νόμοις,
950 1034 1167 1085 δεδωκότες
1186 1037 1325 1088 αὐτοῖς
1341 1037 1438 1095 ὅρον
1455 1041 1521 1082 καὶ
1541 1038 1731 1085 ἀπαλλά-

276 1103 413 1154 ξαντες
433 1096 594 1148 αὗτούς.
662 1102 727 1142 καὶ
747 1099 894 1153 ἅψασα
914 1102 1063 1158 κηροῦς
1076 1104 1324 1156 Ἰουβεναλία
1344 1111 1580 1163 προσῆλθεν
1599 1107 1727 1166 αὐτῷ,

155 1178 187 1212 O
211 1178 257 1213 96
281 1168 573 1222 εὖχαριστοῦσα
603 1166 666 1210 ὅτι
695 1167 907 1224 εὖλυτώθη
936 1175 1010 1226 τῆς
1039 1172 1173 1226 δίκης·
1210 1175 1276 1216 καὶ
1297 1172 1572 1230 ἠγανάκτησεν
1601 1174 1622 1218 ὃ
1653 1175 1731 1219 αὖ·

273 1237 344 1285 τὰς
373 1236 615 1290 Θευδερίχος
648 1236 752 1278 κατὰ
789 1242 870 1280 τῶν
899 1237 1129 1294 δικολόγων,
1168 1243 1235 1283 καὶ
1263 1242 1422 1298 ἀγαγὼν
1448 1242 1598 1294 αὐτοὺς
1624 1242 1729 1287 εἶπεν
1741 1252 1785 1288 15

218 1313 253 1347 Ε
276 1304 436 1355 αὐτοῖς,
483 1302 568 1345 Διὰ
599 1304 660 1355 τί,
707 1303 730 1345 ὃ
759 1303 972 1359 ἐποιήσατε
1003 1309 1058 1355 εἷς
1085 1306 1158 1350 δύο
1190 1307 1344 1366 ἡμέρας
1376 1312 1444 1352 καὶ
1473 1309 1729 1367 ἀπηλλάξατε

263 1369 443 1423 αὐτούς,
481 1372 535 1420 εἷς
568 1369 785 1427 τριάκοντα
817 1372 886 1427 ἔτη
917 1373 990 1415 οὐκ
1019 1374 1231 1429 ἐποιήσατε
1242 1397 1256 1430 ,·
1293 1380 1360 1420 καὶ
1387 1379 1555 1432 πέμψας
1588 1380 1730 1423 ἀπεκε-

273 1438 419 1498 φάλισε
451 1438 548 1488 τοὺς
570 1437 800 1495 δικολόγους
827 1445 909 1483 τῶν
927 1442 1168 1498 ἀμφοτέρων
1199 1449 1350 1500 μερῶν,
1388 1448 1454 1488 καὶ
1477 1447 1628 1502 ἐγένετο
1649 1446 1730 1504 φό-

260 1513 345 1563 ,βος
362 1505 501 1556 πολύς.
572 1509 637 1549 καὶ
652 1508 811 1562 ἐποίησε
835 1507 1015 1559 διάταξιν
1036 1512 1125 1567 περὶ
1145 1509 1315 1555 ἑκάστου
1334 1511 1474 1567 νόμου.

279 1587 294 1606 -“
306 1603 308 1606 -
338 1614 342 1619 .
371 1577 457 1618 Καὶ
489 1574 665 1625 ἐξελθὼν
695 1575 775 1618 ἀπὸ
796 1581 868 1631 τῆς
892 1575 1048 1632 Ῥώμης
1083 1578 1213 1637 ᾤκησε
1243 1580 1318 1635 τὴν
1339 1579 1575 1635 Ῥάβενναν,
1612 1579 1785 1626 πόλιν20

271 1641 485 1702 παράλιον,
525 1643 597 1693 ἕως
618 1642 805 1687 θανάτου
828 1644 968 1689 αὐτοῦ.
1041 1649 1108 1689 καὶ
1133 1647 1238 1702 μετὰ
1263 1646 1450 1692 θάνατον
1484 1649 1612 1693 αὐτοῦ
1646 1650 1730 1706 ἐγέ-

364 1764 398 1799 1.
421 1760 657 1798 κωδικιοὶλλια
679 1764 759 1806 ΟΧ.,
782 1764 990 1800 mocula-Ma
1013 1765 1078 1801 Ch.
1168 1766 1202 1801 4.
1227 1766 1260 1803 5.
1283 1765 1495 1816 ἐλάμβανεν.
1515 1764 1573 1803 ”H
1589 1765 1729 1814 μόνον]

362 1806 561 1855 ἐλάμβανε·
584 1807 698 1854 μόνον
721 1810 789 1844 Ox.
879 1812 913 1846 7.
939 1813 993 1847 17.
1016 1809 1213 1856 τριάκοντα
1237 1813 1322 1859 ἔτη]
1346 1841 1370 1857 ,,
1380 1815 1465 1851 Chr.
1490 1814 1588 1848 Alex.
1611 1815 1730 1856 habet,

364 1856 448 1898 τρία
472 1854 571 1899 ἐ’τη.“
596 1855 658 1890 Ch.
758 1858 813 1891 10.
836 1854 912 1900 μετ’
936 1854 1070 1903 αὐτῆς]
1096 1858 1170 1902 μετ’
1195 1857 1312 1906 αὐτὴν
1337 1860 1400 1894 ch.
1491 1861 1574 1896 ibid.
1597 1858 1730 1896 δώσετε

365 1900 431 1936 Ch.
444 1926 455 1943 ‚
478 1899 602 1936 δόσετε
619 1902 688 1936 Ox.
794 1904 848 1937 11.
873 1900 1011 1945 αὐτούς
1036 1904 1122 1947 Ch„
1147 1905 1274 1940 Chron.
1295 1918 1329 1953 p.
1345 1908 1424 1943 327.
1442 1905 1485 1947 C,
1507 1902 1636 1947 mimis·
1658 1907 1727 1942 ΟΧ·

363 1944 420 1980 14.
453 1945 715 1990 εὐχαριστοῠσα
738 1947 823 1989 Ch„
854 1945 1100 1993 εὖχαριστῶσα
1124 1951 1191 1985 Ox.
1320 1953 1403 1986 ibid.
1434 1948 1626 1996 εὔλυτοῖθη
1649 1952 1727 1995 ch„

365 1990 581 2043 εὐλυτώθην
599 1993 665 2027 ΟΧ.
735 1995 788 2030 15.
812 1995 906 2030 κατὰ
923 1995 1069 2038 ebron„
1091 1995 1182 2042 μετὰ
1200 1997 1268 2032 ΟΧ.
1365 1998 1422 2033 20.
1442 1994 1639 2043 Ῥαβεννοὶν
1658 1997 1727 2032 ΟΧ.

286 1793 301 1816 ,4

273 2092 486 2138 nopolitanos
510 2097 544 2128 et
567 2094 747 2129 Praetorio
772 2096 973 2131 Praefectos
993 2097 1191 2143 designans3
1231 2110 1252 2133 a
1275 2098 1412 2133 Zenone
1435 2098 1482 2132 Im
1508 2101 1646 2133 eratore
1668 2097 1728 2133 iti-

276 2138 351 2172 dem
374 2138 636 2182 Magistratuum
660 2152 789 2175 suorum
813 2142 1046 2186 primariorum
1069 2146 1211 2178 omnium
1234 2143 1437 2185 ecdicium,
1503 2143 1649 2178 onsulum
1673 2147 1727 2178 et-

275 2183 341 2217 iam
365 2184 550 2229 scipiones,
584 2185 770 2229 (indicatis
794 2188 907 2232 prius,
939 2200 1021 2233 quos
1042 2189 1086 2222 ad
1110 2189 1307 2234 dignitatem
1329 2189 1429 2222 ullam
1451 2193 1629 2233 provectos
1652 2188 1726 2234 ipse

275 2228 406 2273 vellet)
435 2230 579 2275 accepit.
623 2230 682 2263 Jus
706 2242 788 2264 vero
815 2232 955 2277 Regium
979 2234 1069 2278 apud
1093 2234 1364 2268 Theuderichum
1387 2233 1491 2268 solum
1513 2234 1680 2268 remansit.

365 2275 506 2309 Accedit
529 2280 639 2309 autem
662 2275 705 2309 ad
729 2287 803 2310 eum
826 2278 978 2312 Patricia
1001 2281 1165 2323 quaedam
1189 2279 1358 2320 Romana,
1380 2278 1513 2312 nomine
1534 2279 1725 2321 sav-anana,

273 2319 420 2354 foemina
441 2320 560 2357 vidua.
585 2321 636 2354 his
659 2320 770 2354 verbis
794 2333 867 2356 eum
890 2323 1124 2368 interpellans:
1149 2349 1173 2367 ,‚
1184 2325 1338 2365 Causam,
1364 2323 1396 2367 [o
1420 2323 1509 2367 Rex]
1535 2334 1623 2368 quae
1646 2324 1726 2358 mihi

274 2375 348 2398 cum
367 2365 516 2399 Patricio
535 2365 647 2399 Firmo
670 2365 858 2400 intercessit
879 2368 961 2402 totis
981 2370 1050 2412 jam
1071 2381 1140 2404 xxx
1162 2370 1269 2411 annis,
1293 2370 1348 2403 Tu
1370 2367 1451 2402 mihi
1474 2369 1634 2413 expedi.“
1656 2373 1726 2404 Ac-

273 2409 403 2443 cersitis
433 2410 551 2456 itaque
574 2411 745 2456 utriusque
775 2411 889 2446 Partis
913 2413 1118 2456 Causidicis;
1159 2414 1268 2456 „Nisi
1299 2413 1434 2458 (inquit
1456 2413 1528 2457 eis)
1560 2414 1651 2449 intra
1673 2414 1727 2448 bi-

273 2454 376 2488 duum
398 2455 512 2489 litibus
535 2455 608 2491 istis
630 2457 674 2490 ad
697 2456 821 2490 exitum
844 2458 1037 2501 perductis,
1073 2460 1220 2494 Clientes
1244 2460 1343 2493 hosce
1365 2459 1577 2501 dimiseritis,
1613 2459 1726 2513 capite

275 2511 334 2533 vos
357 2499 538 2545 plectam.“
598 2502 708 2536 Causa
738 2501 855 2546 itaque
887 2513 950 2546 per
976 2504 1111 2539 biduum
1143 2505 1293 2549 agitata,
1329 2503 1496 2538 Causidici
1527 2507 1725 2540 sententiam

273 2545 373 2588 juxta
396 2546 487 2590 leges
511 2547 669 2581 ferebant
693 2550 729 2581 et
750 2546 920 2592 litigantes
945 2548 1151 2583 dimiserunt.
1198 2549 1376 2583 Juvenalia
1397 2549 1514 2593 itaque
1538 2549 1644 2584 cereis
1666 2561 1726 2584 ac-

277 2590 402 2631 censis,
428 2592 471 2625 ad
494 2592 621 2636 Regem
645 2592 762 2633 venit;
804 2592 1002 2636 gratiasque
1025 2594 1057 2626 ei
1081 2595 1170 2639 egit,
1193 2593 1283 2639 quod
1307 2605 1328 2628 a
1351 2594 1428 2628 Lite
1452 2595 1605 2630 absoluta
1627 2598 1724 2629 esset.

278 2635 535 2672 Theuderichus
559 2642 670 2672 autem
688 2636 874 2671 Causidicis
897 2637 1089 2681 indignatus
1112 2644 1174 2680 est,
1198 2638 1436 2684 accersitisque
1454 2639 1558 2674 dixit:
1582 2639 1725 2681 „Qum-.-

279 2691 360 2723 sum‚
380 2692 478 2725 quam
497 2694 561 2717 uno
579 2683 680 2717 biduo
703 2682 904 2724 extricastis,
928 2694 1058 2716 causam
1077 2683 1112 2717 in
1130 2689 1220 2718 totos
1238 2684 1381 2728 triginta
1398 2696 1500 2719 annos
1523 2683 1727 2719 traxistis?“

280 2725 475 2760 Causidicos
497 2727 613 2773 itaque
644 2726 814 2773 utriusque
836 2727 949 2762 Partis
972 2728 1085 2772 capite
1106 2729 1297 2763 truncavit:
1340 2735 1513 2774 metusque
1543 2730 1622 2763 inde
1644 2728 1726 2764 reli-

281 2771 356 2814 quis
377 2771 513 2806 incessit
535 2773 663 2818 ingens.
709 2775 891 2807 Decretum
913 2772 1015 2807 etiam
1039 2773 1082 2808 de
1105 2774 1242 2819 singulis
1264 2774 1412 2818 Legibus
1434 2774 1552 2809 edidit.

372 2815 503 2852 Deinde
526 2819 631 2855 Roma
653 2819 782 2864 relicta,
805 2818 1001 2861 Ravennae,
1024 2818 1101 2854 urbi
1123 2819 1324 2863 maritimae,
1348 2820 1391 2856 ad
1407 2819 1501 2856 vitae
1518 2819 1646 2856 exitum
1664 2817 1725 2854 ba·-
