1838 3230
450 146 1079 196 CHRONOGRAPHIA.
1138 147 1185 189 L.
1218 148 1309 191 VII.
1516 155 1607 201 181

145 286 224 324 μος
243 267 369 325 μέγας
385 268 427 310 ἓν
447 271 498 325 τῇ
515 265 649 324 Ῥώμῃ
666 267 728 308 ἐπὶ
742 263 916 322 χρόνων,
950 267 1017 308 καὶ
1038 267 1180 309 πολλοὶ
1200 264 1451 324 ἐσφάγησαν.
1509 273 1612 311 ταῦ-

145 354 199 380 τα
225 337 271 380 δὲ
290 333 576 393 συνεγράψατο
601 333 622 378 ὁ
646 334 776 391 σοφὸς
794 335 965 390 Σέρβιος
984 332 1004 377 ὅ
1023 333 1232 389 Ῥωμαίων
1250 333 1517 394 συγγραφεύς.

245 403 295 448 ‘O
321 405 367 448 δὲ
389 402 617 461 Ταρκύνιος
636 400 838 458 ἐξεβλήθη
857 407 931 458 τῆς
956 404 1166 457 βασιλείας
1199 408 1258 463 τῷ
1288 402 1427 464 τρόπῳ
1459 402 1607 464 τούτῳ.

145 474 325 528 πολέμου
356 473 595 528 κινηθέντος
619 472 662 514 ἐν
687 475 739 528 τῇ
765 469 899 528 Ῥώμῃ
930 472 972 513 ἐκ
1001 475 1076 514 τοῦ
1105 470 1254 522 ἔθνους
1279 477 1361 515 τῶν
1386 474 1610 529 λεγομένων

110 543 372 598 5Ἀρδηνῶν,
417 540 557 595 λαβὼν
584 537 785 595 βοήθειαν
815 538 836 582 ὅ
869 538 1098 596 Ταρκύνιος
1127 540 1319 594 βασιλεῦς
1351 537 1456 596 ἦλθε
1488 546 1609 585 πολε-
1633 554 1666 588 0
1690 555 1759 591 230

141 615 234 666 μῶν
264 610 339 666 τὴν
361 608 567 666 Ἀρὸηνιῦν
583 607 738 665 χώραν.
810 610 876 651 καὶ
896 606 1077 665 εὑρόντες
1099 609 1239 666 καιρὸν
1259 610 1297 652 οἱ
1316 610 1459 665 ἐχθροὶ
1481 610 1608 654 αὐτοῦ

142 679 183 722 οἳ
204 680 459 735 συγκλητικοὶ
475 681 663 734 Βροῦτος
693 675 713 719 ὁ
733 681 848 727 θεῖος
877 682 952 733 τῆς
969 679 1238 734 Λουκρητίας
1264 679 1331 719 καὶ
1355 681 1610 729 Κολλατῖνος
1632 692 1664 726 1)

143 745 166 790 ὅ
185 747 289 804 ἀνὴρ
314 747 463 801 αὐτῆς,
494 744 794 789 κατεσκεύασαν
824 746 936 804 αὐτῷ
948 778 961 798 ,
997 746 1364 802 συμποιησαμένων
1383 746 1523 797 αὐτοῖς
1539 750 1607 790 καὶ

141 819 226 859 τῶν
248 815 382 858 ἄλλων
403 819 679 871 συγκλητικῶν
700 815 766 856 καὶ
788 818 869 857 τῶν
891 819 966 869 τῆς
986 812 1140 864 πόλεως
1169 813 1332 857 πάντων
1367 817 1423 864 εἷς
1453 816 1499 858 τὸ
1529 816 1606 858 αὗ-

88 898 133 934 10
144 884 214 928 τὸν
242 884 494 939 ἐκβληθῆναι
521 887 595 937 τῆς
619 883 851 936 βασιλείας,
879 884 1087 932 πείσαντες
1115 890 1342 937 συμμαχεῖν
1374 884 1514 933 αὐτοῖς
1549 886 1605 934 εἶς

139 953 188 996 τὸ
207 953 265 1008 μὴ
286 953 488 1003 δέξασθαι
506 956 580 995 τοῦ
599 956 744 994 λοιποῦ
768 951 839 994 τὸν
862 949 1089 1007 Ταρκύνιον
1117 951 1289 1004 βασιλέα
1323 953 1379 1001 εἷς
1407 951 1482 1006 τὴν
1504 950 1605 994 Ῥώ-

139 1039 222 1078 μην
251 1016 564 1078 ὑποστρέφοντα
606 1020 678 1062 τὸν
716 1019 893 1076 στρατὸν
928 1019 1000 1062 τὸν
1032 1017 1293 1076 φυλάττοντα
1329 1019 1376 1061 τὸ
1407 1018 1604 1063 παλάτιον

141 1093 209 1133 καὶ
228 1089 302 1145 τὴν
321 1088 438 1132 πόλιν
456 1086 615 1144 Ῥώμην
642 1092 725 1131 τῶν
745 1087 968 1144 λεγομένων
987 1090 1242 1143 Κελεριανῶν
1252 1120 1264 1140 ,
1303 1087 1464 1144 ἀνδρῶν
1481 1106 1603 1143 μαχι-

139 1156 342 1214 μωτάτων
373 1159 415 1201 ἓν
446 1157 647 1211 πολέμοις.
717 1158 783 1199 καὶ
811 1153 977 1211 γνόντος
996 1160 1070 1198 τοῦ
1092 1156 1323 1212 Ταρκυνίου
1340 1156 1387 1199 τὸ
1408 1173 1604 1213 τρακτευ-

87 1239 131 1274 15
142 1227 220 1270 θεν
239 1227 325 1270 κατ’
348 1226 476 1269 αὐτοῦ
498 1225 612 1282 παρὰ
631 1228 705 1279 τῆς
726 1222 950 1280 συγκλήτου
969 1225 1035 1266 καὶ
1054 1228 1127 1266 τοῦ
1149 1229 1330 1280 στρατοῦ
1350 1226 1416 1267 καὶ
1434 1230 1508 1267 τοῦ
1529 1224 1604 1279 δῆ-

138 1313 238 1351 μου,
273 1295 441 1350 πέμψας
461 1294 584 1343 αὐτὸς
600 1290 848 1335 ὖπενόθευσε
867 1294 934 1335 καὶ
956 1292 1083 1335 αὐτὸν
1102 1293 1173 1335 τὸν
1192 1292 1282 1335 υἱὸν
1303 1298 1376 1336 τοῦ
1397 1291 1602 1350 Βρούτου,

138 1364 212 1407 τὸν
242 1365 362 1421 φίλον
391 1362 492 1406 ὄντα
521 1364 587 1405 καὶ
621 1359 890 1418 συννεώτερον
910 1366 983 1404 τοῦ
1002 1362 1095 1404 υἱοῦ
1115 1361 1243 1404 αὐτοῦ
1259 1360 1469 1419 Ἄῤῥουνς.
1539 1364 1606 1404 καὶ

138 1434 320 1483 πεισθεὶς
347 1429 593 1481 συνετάξατο
624 1430 841 1487 ἐρχομένου
874 1434 947 1472 τοῦ
974 1429 1102 1472 αὐτοῦ
1134 1431 1366 1486 Ταρκυνίου
1396 1429 1500 1472 κατὰ
1529 1434 1603 1484 τῆς
1625 1447 1656 1481 Ε

133 1499 292 1556 Ῥώμης
325 1502 548 1558 προδοῦναι
577 1499 650 1553 τὴν
676 1497 793 1541 πόλιν
822 1500 888 1541 καὶ
919 1497 990 1541 τὸν
1022 1498 1125 1540 ἴδιον
1155 1498 1311 1554 πατέρα
1333 1497 1516 1554 φονεύειν
1535 1499 1605 1541 τὸν

82 1573 342 1627 2οΒροῦτον.
411 1573 534 1612 τοῦτο
565 1569 608 1610 δὲ
630 1567 749 1623 γνοὺς
776 1565 797 1610 ὅ
821 1569 967 1616 δοῦλος
997 1571 1071 1610 τοῦ
1096 1565 1288 1623 Βρούτου
1319 1568 1544 1618 Βινὸίκιος,
1583 1565 1604 1608 ὁ

140 1636 366 1694 συνδιάγων
404 1642 462 1696 τῷ
501 1636 578 1694 υἱῷ
611 1636 738 1679 αὐτοῦ
753 1669 767 1688 ,
814 1633 1015 1690 ἀνήγγειλε
1044 1633 1184 1694 λάθρᾳ
1215 1639 1274 1693 τῷ
1308 1636 1396 1693 ἲὸίῳ
1426 1633 1602 1691 δεσπότῃ
1627 1650 1660 1683 0
1684 1651 1751 1687 231

140 1705 316 1765 Βρούτῳ
346 1705 419 1760 τὴν
450 1705 681 1760 μέλλουσαν
698 1705 883 1760 γίνεσθαι
902 1703 987 1745 κατ’
1011 1702 1138 1747 αὐτοῦ
1159 1703 1377 1757 ἐπιβουλὴν
1398 1702 1510 1758 παρὰ
1529 1707 1604 1745 τοῦ

139 1777 232 1819 υἷοῦ
264 1775 406 1817 αὐτοῦ.
475 1774 543 1816 καὶ
572 1772 725 1822 εὐθέως
758 1769 938 1821 ἀκούσας
967 1769 987 1814 ὅ
1017 1774 1204 1827 Βροῦτος
1225 1771 1387 1825 συνέσχε
1407 1770 1478 1813 τὸν
1498 1770 1601 1814 ἴδιον

233 1873 265 1908 1.
296 1868 460 1916 χρόνων]
484 1869 601 1904 Malim
623 1867 766 1914 χρόνον.
899 1867 933 1901 7.
966 1869 1211 1910 Κολλαντῖνος
1235 1868 1302 1902 Ox.
1327 1866 1384 1901 hic
1407 1870 1444 1902 et
1466 1879 1501 1913 p.
1525 1879 1598 1912 seq.

228 1930 261 1954 v.
284 1921 318 1956 9.
343 1919 566 1958 Κολλατῖνος
591 1922 642 1951 est
663 1916 753 1949 infra
776 1925 810 1962 p.
836 1915 889 1951 79.
914 1913 961 1949 D.

138 1997 314 2034 conscivit.
361 1996 446 2032 Inde
467 1996 590 2031 bellum
616 1994 717 2029 civile
738 1994 855 2040 ingens
882 1994 1010 2029 Romae
1032 1996 1183 2030 coortum
1206 1995 1276 2028 est:
1313 1993 1348 2028 in
1372 2005 1439 2038 quo
1464 1993 1598 2038 plurimi

138 2045 346 2080 ceciderunt.
391 2043 489 2078 Haec
512 2046 622 2076 autem
645 2040 804 2083 Servius,
828 2041 962 2087 sapiens
978 2041 1205 2076 Romanorum
1228 2039 1395 2085 scriptor,
1418 2039 1599 2074 memoriae

136 2089 323 2127 mandavit.

230 2137 372 2180 Ejectus
396 2137 508 2169 autem
531 2133 598 2168 fuit
621 2146 640 2168 e
663 2145 769 2177 regno
793 2145 852 2168 suo
875 2132 1099 2178 Tarquinius,
1127 2133 1193 2166 hoc
1216 2130 1326 2166 modo.
1375 2131 1502 2165 Bellum
1524 2130 1598 2163 Ro—

137 2182 245 2218 manis
268 2181 458 2216 intulerunt
479 2180 651 2215 Ardeani=
684 2178 893 2224 Tarquinius
915 2179 1022 2224 igitur
1044 2190 1126 2220 rex,
1158 2177 1263 2223 copiis
1287 2177 1458 2217 collectis,
1482 2174 1596 2219 regio-

138 2240 213 2264 nem
245 2239 362 2262 eorum
395 2226 532 2260 invasit.
581 2226 730 2271 Tempus
760 2225 877 2270 itaque
909 2225 1001 2259 nacti
1031 2227 1275 2269 opportunum,
1320 2223 1378 2266 qui
1412 2221 1444 2256 ei
1475 2220 1595 2254 infensi

137 2281 258 2316 erant,
281 2275 419 2314 Brutus,
444 2272 625 2306 Lucretiae
649 2271 847 2312 avunculus,
874 2275 910 2305 et
932 2270 1118 2306 Collatinus
1142 2269 1289 2314 ejusdem
1312 2269 1463 2308 maritus,
1487 2268 1595 2300 Sena—

137 2319 221 2356 torii
243 2319 368 2355 ordinis
401 2317 489 2359 viri;
532 2330 599 2353 una
622 2329 695 2351 cum
726 2315 936 2352 senatoribus
971 2315 1128 2362 reliquis,
1163 2316 1359 2360 populoque
1382 2314 1468 2348 adeo
1493 2311 1593 2352 omni,

138 2365 311 2401 consilium
333 2364 516 2406 inierunt,v
542 2363 707 2409 quomodo
730 2362 952 2407 Tarquinium
976 2374 996 2396 e
1018 2373 1123 2407 regno
1147 2361 1380 2395 deturbarent.
1427 2358 1595 2401 conjura-

137 2411 240 2446 tionis
263 2410 366 2446 etiam
389 2409 496 2445 socios
518 2410 710 2444 habuerunt
732 2408 947 2444 Flexumines
969 2408 1063 2450 illos,
1087 2407 1146 2453 qui
1171 2406 1339 2441 Celeriani
1360 2404 1594 2444 vocabantun

136 2457 314 2492 bellicosos
337 2456 448 2497 viros,
472 2455 620 2497 Palatii,
646 2461 750 2499 atque
773 2455 866 2489 urbis
889 2454 1064 2495 custodes;
1099 2466 1120 2488 a
1143 2452 1264 2498 quibus
1287 2450 1525 2490 obtinuerunt,
1548 2459 1592 2482 ne

138 2502 359 2547 Tarquinium
373 2513 488 2546 regem
509 2501 667 2547 deinceps
688 2500 722 2534 in
744 2501 860 2534 urbem
882 2499 1110 2535 admitterent.
1159 2496 1370 2542 Tarquinius
1385 2500 1496 2529 autem
1516 2505 1591 2528 cer-

137 2547 206 2582 tior
228 2547 338 2582 factus
360 2547 404 2582 de
428 2547 499 2588 his,
522 2558 612 2592 quae
634 2552 753 2580 contra
770 2559 806 2580 se
828 2551 983 2587 senatus,
1007 2544 1195 2586 exercitus,
1221 2542 1394 2586 omnisque
1417 2539 1502 2575 adeo
1526 2551 1589 2585 po-

137 2593 255 2640 pulus,
278 2593 576 2627 machinabantur:
602 2593 700 2627 Bruti
723 2591 846 2633 filium,
871 2591 1008 2626 Aruntis
1030 2590 1095 2625 filii
1118 2590 1168 2624 sui
1191 2588 1349 2628 amicum,
1373 2590 1409 2620 et
1430 2597 1452 2619 a
1475 2585 1588 2631 pueris

138 2637 305 2679 sodalem,
336 2639 372 2672 in
396 2643 510 2692 partes
533 2649 609 2673 suas
633 2637 807 2683 corrupit3
839 2638 1014 2684 ipsumque
1036 2636 1262 2682 paciscentem
1286 2632 1424 2674 habuit,
1456 2631 1507 2666 uti
1527 2643 1587 2665 ve-

138 2683 245 2718 nienti
278 2683 466 2728 Tarquinio
490 2689 608 2718 contra
639 2685 796 2726 Romam,
833 2684 952 2718 urbem
984 2683 1057 2727 ipse
1089 2680 1270 2726 proderet;
1308 2678 1449 2712 Brutum
1473 2677 1587 2718 etiam,

137 2734 270 2775 patrem
289 2739 403 2771 suum,
438 2729 513 2764 neci
536 2730 645 2764 daret.
690 2730 786 2763 Haec
807 2741 890 2764 vero
912 2728 973 2763 ubi
994 2725 1212 2762 intellexisset
1233 2724 1333 2758 Bruti
1355 2734 1490 2766 servus,
1529 2723 1587 2769 qui

136 2775 243 2810 filium
279 2775 529 2818 assentabatur,
565 2775 696 2810 nomine
729 2774 924 2815 Vindicius3
962 2771 1241 2816 conspirationem
1263 2774 1392 2812 totam,
1428 2780 1529 2815 quam
1552 2768 1585 2802 in

138 2832 212 2856 eum
236 2819 323 2855 filius
345 2819 551 2856 machinatus
574 2826 644 2863 est,
680 2821 823 2856 Domino
848 2819 995 2866 aperuit.
1042 2817 1187 2860 Brutus,
1224 2815 1274 2851 liis
1295 2814 1437 2858 auditis,
1473 2813 1584 2849 statim
