1838 3230
301 186 400 234 238
461 251 469 262 .
699 183 986 231 IOANNlS
1015 186 1350 233 MALALAE

300 294 496 358 ἆκηκουῖα
530 303 574 345 δὲ
607 305 681 345 τοῦ
708 303 1024 357 θαυμαζομένου
1061 306 1246 360 Χριστοῦ
1285 307 1337 350 τὰ
1373 306 1550 364 Ϊάματα,
1599 309 1647 365 ἃς
1662 319 1746 358 ἠ-

301 371 423 425 κρούς
452 372 678 424 ἐξανίστησι
712 372 777 412 καὶ
806 372 987 428 τυφλοὺς
1004 370 1124 416 πάλιν
1146 376 1200 424 εἰς
1220 373 1326 431 φάος
1350 377 1474 421 ἕλκων
1507 380 1574 422 καὶ
1599 381 1767 435 δοιίμοωι

244 444 277 479 D
299 456 373 488 νας
401 440 443 481 ἐκ
469 443 631 494 βροτῶν
662 437 897 482 ἀπελαύνων
929 442 995 482 καὶ
1025 439 1180 492 πάντας
1202 443 1297 493 τούς
1325 445 1366 486 ἓν
1395 444 1530 496 νόσοις
1545 463 1746 505 μαραινο-
1800 452 1802 454 ’

150 513 182 548 0
205 514 274 550 307
295 508 442 562 μένους
471 506 576 564 λόγῳ
611 505 848 563 θεραπεύει,
896 508 996 564 πρὸς
1030 509 1153 552 αὐτὸν
1187 506 1260 553 οὖν
1290 511 1400 567 κάγὼ
1434 511 1489 564 ὥς
1518 515 1620 572 πρὸς
1643 516 1745 564 θεὸν

297 575 486 631 ἔδραμον.
558 576 624 616 καὶ
644 583 938 631 προσεσχηκυῖα
961 576 1007 619 τὸ
1027 577 1206 632 περιέχον
1230 579 1353 623 αὐτὸν
1375 585 1558 636 πλῆθος,
1594 582 1774 631 δειλαί-5

296 659 405 686 σασα
425 644 470 685 δὲ
490 644 650 693 ἐξειπεῖν
672 643 783 701 αὐτῷ
804 645 870 686 καὶ
900 643 975 699 τὴν
996 643 1197 700 ἀήττητόν
1217 665 1298 700 μου
1317 646 1452 702 νόσον,
1488 648 1548 705 μή
1566 668 1654 702 πως
1671 651 1744 696 τὸν

292 711 505 766 μολυσμὸν
530 715 603 753 τοῦ
632 709 796 760 πάθους
828 711 1179 768 ἀποστρεφόμενος
1218 714 1392 773 ὅργισθῇ
1425 717 1510 760 κατ’
1543 719 1642 772 ἐμοῦ
1676 722 1743 762 καὶ

293 779 415 822 πλέον
442 797 512 834 μοι
542 779 693 836 ἐπέλθῃ
715 777 740 833 ἡ
767 780 895 835 πληγὴ
915 784 987 835 τῆς
1007 779 1153 833 νόσου,
1191 783 1277 825 κατ’
1301 785 1479 840 ἐμαυτὴν
1501 785 1742 843 ἐλογισάμην

232 886 234 888 .
294 846 356 891 ὅτι
391 849 426 890 εἲ
463 849 680 902 δυνηθείην
710 846 905 902 ἅψασθαι
939 853 1012 890 τοῦ
1045 850 1270 904 κρασπέδου
1298 856 1371 894 τοῦ
1404 853 1565 906 ἱματίου
1595 855 1737 908 αὐτοῦ,

290 913 455 965 πάντως
476 914 724 970 ῗαθήσομαι·
751 917 816 957 καὶ
835 914 975 975 λάθρα
997 919 1051 966 εἷς
1070 917 1115 959 τὸ
1139 920 1226 974 περὶ
1248 919 1371 962 αὐτὸν
1393 919 1612 964 εἲσδύνασα
1633 927 1738 979 πλῆ-
1751 933 1794 966 10

290 988 372 1036 θος
392 982 568 1039 ἐσύλησα
589 984 662 1038 τὴν
681 984 801 1035 ἴασιν,
826 988 900 1026 τοῦ
919 985 1145 1040 κρασπέδου
1165 986 1290 1030 αὐτοῦ
1310 985 1499 1043 ἁψαμένη
1513 1003 1524 1012 ·
1552 991 1619 1033 καὶ
1636 1006 1739 1033 στα-

290 1053 424 1106 λείσης
442 1070 522 1105 μου
541 1057 614 1107 τῆς
629 1056 755 1107 πηγῆς
768 1056 840 1094 τοῦ
855 1054 1026 1106 αἵματος
1040 1053 1180 1108 γέγονα
1195 1060 1444 1112 παραχρῆμα
1455 1054 1580 1112 ὑγιής.
1616 1058 1740 1109 αὐτὸς

235 1129 270 1165 Ε
295 1121 338 1162 δὲ
356 1124 525 1174 μᾶλλον,
551 1118 606 1170 ὥς
626 1120 823 1176 προγνοὺς
841 1125 915 1174 τῆς
935 1122 1033 1174 ἐμῆς
1052 1124 1223 1175 καρδίας
1237 1123 1283 1165 τὸ
1297 1122 1517 1179 βούλευμα,
1533 1125 1736 1182 ἄνέκραξε,

290 1190 365 1236 Τίς
375 1205 455 1242 μου
470 1187 633 1243 ἥψατο,·
654 1186 821 1242 δύναμις
832 1189 907 1243 γὰρ
920 1189 1089 1242 ἐξῆλθεν
1100 1190 1163 1231 ἀπ’
1178 1192 1289 1245 ἐμοῦ.
1327 1192 1403 1246 ε’γώ
1415 1193 1458 1234 δὲ
1470 1193 1657 1249 ὠχριῶσα
1669 1197 1736 1237 καὶ

282 1256 496 1307 στένουσα,
518 1256 591 1310 τὴν
611 1255 730 1299 νόσον
749 1257 1010 1311 θρασυτέραν
1031 1255 1296 1314 ὑποστρέφειν
1317 1259 1376 1302 ἐπ’
1399 1261 1467 1313 ἐμὲ
1486 1262 1730 1317 λογιζομένη,
1746 1273 1788 1308 15

281 1329 568 1379 προσπεσοῦσα
594 1324 702 1380 αὐτῷ
722 1323 795 1377 τὴν
815 1327 888 1378 γῆν
908 1323 1120 1380 ἐπλήρωσα
1143 1325 1341 1382 δακρύων,
1371 1327 1446 1382 τὴν
1463 1326 1618 1383 τόλμαν
1636 1332 1734 1379 ἐξει-

280 1397 427 1434 ποῦσα.
465 1390 485 1434 ὃ
501 1393 544 1434 δὲ
558 1390 612 1442 ὥς
625 1391 782 1447 ἀγαθὸς
798 1395 1106 1447 σπλαγχνισθεὶς
1119 1394 1176 1434 ἐπ’
1192 1396 1278 1447 ἐμοὶ
1297 1393 1566 1451 ἐπεσφράγισέ
1571 1414 1642 1449 μοι
1657 1397 1732 1452 τὴν

106 1473 108 1476 ·
138 1460 171 1496 V
194 1464 260 1500 101
284 1459 405 1514 ἴασιν,
435 1458 612 1517 εἰρηκώς,
647 1457 814 1515 Θάρσει,
846 1457 1039 1517 θυγάτερ,
1070 1459 1096 1516 ἦ
1127 1463 1257 1512 πίστις
1288 1479 1362 1504 σου
1386 1464 1539 1506 σέσωκέ
1557 1478 1623 1506 σε·
1654 1482 1731 1508 πο-

370 1617 402 1651 1.
426 1610 480 1659 ὃς]
505 1609 552 1653 ὥς
567 1609 707 1647 Ioannes
725 1617 759 1648 et
778 1613 980 1659 διανίστησι
996 1634 1042 1639 —-
1059 1616 1148 1659 φῶς.
1224 1617 1258 1651 3.
1282 1613 1418 1661 νόσοις]
1441 1615 1537 1661 νόσῳ
1555 1636 1600 1643 -
1615 1619 1729 1661 θερα-

367 1659 500 1701 πεύων,
524 1658 620 1704 κοῖγώ
646 1658 736 1702 πρὸς
761 1657 872 1694 αὐτὸν
895 1661 1046 1695 Ioannes.
1116 1663 1150 1696 5.
1172 1662 1223 1707 τῷ
1245 1661 1446 1706 περιέχοντι
1470 1661 1606 1708 πλήθει
1628 1663 1730 1698 Ioan-

367 1719 435 1740 nes.
482 1706 590 1747 Idem,
614 1705 737 1739 omissis
762 1705 801 1740 δὲ
826 1724 870 1730 -
893 1704 1020 1745 νόσον,
1045 1705 1094 1750 μή
1119 1705 1184 1741 τὸν
1206 1706 1245 1742 §a
1266 1711 1333 1743 τοῦ
1357 1706 1508 1749 πάθους
1530 1709 1727 1753 μολυσμὸν.

368 1754 399 1787 8.
423 1751 550 1794 πλέον]
575 1753 706 1786 πλείων
731 1752 879 1785 loannes.
973 1753 1045 1785 ibid
1079 1749 1165 1787 καθ’
1191 1754 1280 1795 Ox„
1303 1751 1392 1789 καθ’
1416 1753 1552 1798 ἑαυτήν
1574 1755 1728 1797 Ioannes,

368 1798 425 1842 qui
449 1797 557 1842 paullo
581 1802 660 1831 ante
681 1795 767 1831 καθ’
792 1797 894 1840 ἐμοῦ.
968 1800 1001 1834 9.
1026 1799 1060 1832 εἰ
1067 1799 1079 1842 ]
1104 1797 1167 1834 ἐὰν
1192 1799 1341 1834 Ioannes.
1388 1799 1480 1834 Idem
1504 1798 1634 1841 αὐτοῦ,
1658 1812 1727 1835 σω-

366 1843 547 1887 θήσομαι·
582 1837 627 1877 οὗ
659 1843 720 1877 καὶ
753 1841 934 1887 ἁψαμένη.
1026 1846 1080 1879 11.
1116 1845 1323 1889 σταλείσης]
1359 1848 1553 1890 σταθείσης
1575 1846 1726 1884 Ioannes.

368 1890 421 1923 13.
454 1888 504 1944 zo}
532 1887 762 1935 βουλεύματα
794 1890 947 1924 Ioannes.
1072 1890 1126 1925 14.
1163 1889 1315 1935 δύναμις
1347 1889 1408 1926 ἀπ’
1441 1891 1533 1936 ἐμοῦ
1561 1890 1723 1948 ἐξῆλθεν.

365 1931 432 1978 ἐγώ
458 1947 527 1969 ουν
549 1932 755 1978 ὠχριάσασα
777 1954 821 1959 -
847 1933 1089 1979 ἀποστρέφειν
1112 1936 1263 1971 Ioannes.
1381 1938 1435 1972 17.
1468 1936 1510 1982 ὁ]
1544 1935 1657 1979 αυτὸς
1676 1955 1723 1963 -

363 1978 420 2015 ἐπ’
443 1979 523 2026 ἐμοὶ
545 1979 778 2027 ἐπεσφράγιζέ
798 1994 871 2026 μου
893 1981 1046 2016 Ioannes.
1092 1981 1236 2016 correxi
1259 1983 1328 2017 Ox.
1350 1980 1423 2027 ἐμὲ.

275 2118 415 2154 cultates
437 2127 526 2151 meas
550 2128 679 2158 omnes,
707 2122 742 2151 et
765 2117 916 2152 fortunas
938 2118 974 2151 in
996 2116 1141 2151 medicos
1163 2116 1325 2162 profudi3
1358 2116 1541 2151 remedium
1562 2128 1643 2152 vero
1665 2117 1720 2152 in-

273 2163 350 2199 veni
373 2162 505 2197 nullum.
553 2163 623 2196 Ubi
646 2174 727 2196 vero
752 2163 796 2196 ad
819 2174 870 2196 me
894 2163 1101 2208 pervenisset
1122 2162 1248 2196 Christi
1270 2162 1358 2196 illius
1380 2163 1490 2202 fama,
1515 2162 1572 2207 qui
1595 2163 1629 2196 in
1649 2163 1719 2197 Mi,

270 2209 395 2245 raculis
417 2212 529 2242 tantus
552 2212 649 2248 erat,
677 2212 716 2241 ut
738 2212 884 2242 mortuos
907 2209 1128 2249 resuscitare,
1153 2207 1258 2241 visum
1282 2206 1391 2241 coecis
1414 2208 1610 2249 restituere,
1636 2208 1718 2242 dae·-

271 2266 384 2290 monus
407 2265 427 2287 e
449 2253 638 2287 mortalium
663 2254 860 2298 corporibus
883 2254 1027 2297 ejicere,
1056 2264 1267 2298 quoscunque
1290 2252 1433 2296 denique
1455 2254 1587 2287 morbos
1610 2254 1716 2288 verbo

269 2302 340 2336 solo
374 2310 493 2333 sanare
527 2297 697 2344 potuerit3
739 2298 815 2342 ipsa
848 2310 983 2343 quoque
1006 2298 1049 2332 ad
1080 2298 1191 2340 illum,
1230 2303 1390 2342 tanquam
1413 2298 1545 2331 Numen
1568 2298 1716 2342 confugi.

267 2346 421 2381 Turbam
444 2349 556 2378 autem
579 2343 848 2377 animadvertens
875 2343 1162 2384 circumstantem,
1199 2344 1343 2377 verebar
1364 2342 1414 2376 illi
1437 2344 1586 2376 morbum
1608 2355 1715 2379 meum

266 2390 482 2426 insanabilem
506 2400 687 2430 enarrare3
710 2400 752 2422 ne
776 2389 865 2422 forte
887 2389 1081 2433 spurcitiem
1101 2388 1179 2422 mali
1200 2393 1392 2429 aversatus,
1414 2387 1467 2422 ira
1489 2389 1524 2421 in
1547 2399 1599 2423 me
1622 2400 1716 2423 com-

265 2441 480 2477 moveretur3
522 2440 557 2469 et
579 2435 709 2468 morbus
732 2445 784 2467 me
806 2434 885 2467 inde
908 2435 1039 2467 saevior
1072 2434 1254 2478 affligeret.
1301 2434 1432 2468 Mecum
1453 2432 1559 2477 igitur
1582 2435 1616 2468 in
1640 2434 1714 2468 ani·-

264 2493 317 2517 mo
348 2485 526 2526 reputans,
562 2480 653 2525 quod
676 2479 704 2513 si
735 2479 854 2513 liceret
877 2480 931 2512 vel
954 2479 1116 2513 fimbriam
1147 2478 1338 2513 vestimenti
1369 2478 1561 2522 attingere,
1600 2479 1712 2514 statim

265 2527 552 2568 convalescerem,
577 2525 709 2559 occulte
731 2529 851 2558 memet
873 2525 995 2557 turbae
1018 2524 1262 2565 immiscebam3
1299 2528 1334 2557 et
1356 2524 1490 2558 fimbria
1513 2525 1583 2568 ejus
1605 2528 1711 2566 tacta,

265 2573 427 2607 medelam
457 2572 623 2605 suffurata
652 2582 740 2611 sum,
772 2569 924 2603 substitit
945 2569 1030 2602 enim
1053 2570 1223 2613 sanguinis
1245 2568 1310 2602 mei
1331 2568 1461 2610 fluxus,
1493 2575 1528 2603 et
1559 2569 1711 2614 protinus

265 2623 384 2652 sanata
407 2617 474 2650 fui:
498 2617 556 2650 ille
578 2627 660 2650 vero
684 2614 792 2649 cordis
815 2615 880 2648 mei
903 2615 1042 2648 consilia
1067 2614 1352 2660 praesentiscens,
1377 2614 1467 2648 elata
1489 2626 1587 2656 voce,
1613 2614 1709 2656 Quis,

264 2663 396 2707 inquit,
426 2673 479 2695 me
501 2661 644 2706 tetigit?
677 2661 792 2694 Virtus
816 2659 901 2694 enim
924 2671 965 2693 ex
988 2671 1039 2693 me
1063 2659 1198 2704 prodiit.
1245 2660 1322 2703 Ego
1344 2671 1427 2694 vero
1451 2660 1581 2704 pallore
1603 2659 1710 2693 suffu-

265 2719 322 2748 sa,
345 2707 582 2751 ingemiscens3
606 2706 775 2748 reverita,
796 2717 839 2739 ne
861 2706 896 2738 in
919 2716 970 2739 me
993 2705 1149 2750 repetitis
1171 2704 1299 2738 viribus
1322 2711 1533 2749 grassaretur
1556 2705 1708 2745 morbus;

265 2752 310 2786 ad
331 2754 432 2797 pedes
457 2753 527 2796 ejus
553 2753 757 2797 provoluta,
790 2754 824 2785 et
846 2755 970 2785 terram
992 2749 1168 2794 lachrymis
1191 2751 1375 2795 complens,
1409 2749 1579 2785 audaciam
1602 2761 1709 2784 meam

265 2798 463 2841 profitebar.
509 2799 554 2831 At
578 2798 653 2839 ille,
688 2808 750 2842 pro
782 2796 991 2841 benignitate
1021 2807 1080 2829 sua
1104 2795 1169 2829 mei
1198 2796 1372 2837 misertus,
1408 2796 1603 2841 praestitam
1626 2793 1706 2828 mihi

265 2842 489 2877 valetudinem
510 2843 765 2884 corroboravit,
797 2843 862 2878 hoc
889 2842 1000 2877 dicto=
1041 2840 1184 2875 Confide
1206 2841 1297 2883 filia,
1335 2840 1420 2875 fides
1442 2845 1501 2875 tua
1522 2844 1558 2874 te
1581 2839 1705 2874 salvam
