1838 3230
259 185 324 232 78
654 181 938 226 IOANNIS
967 183 1307 229 MALALAE

263 297 488 358 ζωγρεῦσας
514 302 636 358 πατρὶ
663 298 855 358 προσάξει
881 303 1024 359 δῶρον.
1095 303 1223 359 αὐτῆς
1241 302 1353 346 ἔσται
1373 301 1499 359 δόμος
1507 337 1522 359 ,
1559 302 1710 362 Μαρία

263 371 308 413 δὲ
330 369 512 424 τοῦνομα
540 369 678 424 αὐτῆς.
750 371 816 411 καὶ
834 369 1065 427 γράψαντες
1085 372 1156 414 τὸν
1175 372 1363 429 χρησμὸν
1385 374 1423 415 οἱ
1441 372 1570 430 ἥρωες
1589 375 1632 416 ἓν
1649 375 1712 417 λί-

262 444 331 497 θῳ
343 471 357 492 ,
392 437 483 491 ’ἤτοι
510 435 739 495 μαρμάρῳ,
774 439 959 492 χαλκέοις
983 437 1235 495 γράμμασιν,
1274 440 1428 496 ἔθηκαν
1447 443 1503 491 εἷς
1521 441 1567 485 τὸ
1586 439 1714 498 «imfe-

264 512 398 563 θυρον
419 510 492 550 τοῦ
513 510 628 556 ναοῦ,
654 505 892 557 καλέσαντες
908 507 979 550 τὸν
998 506 1106 551 οἶκον
1121 507 1232 558 Ῥεάς
1249 510 1405 566 μητρὸς
1424 514 1547 553 θεῶν.
1603 508 1714 560 ὅστις
1746 539 1756 544 -

215 583 250 618 Ε
274 574 382 624 οἶκος
408 575 511 629 μετὰ
538 572 713 629 χρόνους
738 575 913 625 πολλοὺς
931 576 1081 631 ἐγένετο
1103 577 1291 633 ἐκκλησία
1308 582 1382 634 τῆς
1401 576 1516 634 ἇγιάς
1529 578 1597 621 καὶ
1615 581 1749 623 &eo-5

266 642 389 687 τόκου
412 643 587 697 Μαρίας
606 640 686 685 ὕπὸ
711 640 904 697 Ζήνωνος
922 645 1134 698 βασιλέως.

375 712 427 754 Οἳ
461 711 504 753 δὲ
528 709 794 767 Ἀργοναῦται
815 713 858 754 ἐκ
875 716 948 767 τῆς
972 711 1269 768 Ἑλλησπόντου
1289 711 1582 770 ἐξορμήσαντες
1601 713 1720 756 κατί-

269 784 449 823 πλευσαν
489 779 555 821 ἐπὶ
595 779 670 828 τὰς
707 782 972 836 Πριγκιπιόυς
1007 780 1175 836 νήσους·
1223 782 1408 824 κάκεῖθεν
1439 782 1624 837 ἀνῆλθον
1649 781 1722 824 τὸν

271 845 541 904 Χαλκηδόνος
558 852 707 900 πλοῦν,
746 853 919 904 περᾶσαι
939 848 1178 903 βουλόμενοι
1197 850 1268 893 τὸν
1288 848 1495 893 ἀνάπλουν
1514 853 1589 905 τῆς
1605 852 1724 892 Πον-

272 921 385 972 τικῆς
417 914 648 971 θαλάσσης.
720 918 787 958 καὶ
818 916 1132 973 ἐπολεμήθησαν
1163 916 1282 960 πάλιν
1313 916 1393 960 ὕπὸ
1425 922 1499 961 τοῦ
1524 915 1781 972 ἈμύκουῚΟ

276 988 342 1029 καὶ
363 984 621 1041 φοβηθέντες
643 989 715 1027 τοῦ
735 984 883 1041 ἀνδρὸς
901 985 975 1040 τὴν
996 985 1167 1040 δύναμιν
1185 986 1409 1043 κατέφυγον
1430 988 1472 1029 ἓν
1488 983 1625 1044 κόλπῳ
1650 987 1729 1028 τινὶ

156 1062 189 1097 V
211 1061 257 1098 32
280 1052 469 1111 κατάλσῳ
481 1086 494 1106 ,
533 1051 751 1111 δασυτάτῳ
769 1052 875 1096 πάνυ
896 1056 962 1096 καὶ
979 1055 1102 1112 ἀγρίῳ
1118 1069 1128 1078 ·
1163 1056 1229 1096 καὶ
1250 1053 1474 1098 ἐθεάσαντο
1495 1055 1536 1096 ἓν
1553 1053 1730 1113 ὀπτασίᾳ

278 1121 450 1177 δύναμίν
469 1138 559 1164 τινα
581 1119 635 1171 ὡς
654 1123 698 1163 ἐκ
718 1126 791 1163 τοῦ
814 1122 991 1178 οὐρανοῦ
1011 1121 1353 1179 προσπελάσασαν
1368 1123 1470 1180 πρὸς
1488 1121 1638 1171 αὐτοὺς
1657 1120 1731 1175 ἀνῇ-

280 1191 378 1248 ὄρός
407 1194 586 1247 φοβεροῦ
615 1189 811 1246 φέροντος
839 1197 925 1239 τοῖς
958 1190 1083 1245 ὤμοις
1113 1191 1313 1248 πτέρυγας
1343 1189 1399 1241 ὥς
1430 1191 1574 1244 ἀετοῦ,
1622 1188 1733 1238 ὅστις

280 1257 545 1316 ἐχρημάτισεν
564 1258 703 1308 αὐτοῖς
723 1258 796 1313 τὴν
816 1258 921 1300 κατὰ
943 1264 1017 1302 τοῦ
1033 1257 1209 1313 Ἀμύκου
1230 1261 1356 1314 νίκην.
1413 1261 1552 1309 οἵτινες
1567 1254 1733 1316 θαῤῥή-
1745 1268 1789 1305 15

157 1339 189 1374 O
213 1338 260 1375 96
285 1345 429 1378 σαντες
452 1326 675 1380 συνέβαλον
699 1331 757 1384 τῷ
780 1324 940 1385 Ἀμύκῳ
954 1341 964 1350 ·
999 1329 1065 1370 καὶ
1084 1325 1316 1383 νικήσαντες
1335 1326 1460 1370 αὐτὸν
1484 1328 1552 1370 καὶ
1572 1325 1734 1382 εὔχαρι-

283 1401 473 1445 στοῦντες
507 1395 667 1438 ἔκτισαν
691 1395 732 1436 ἓν
755 1399 813 1453 τῷ
834 1394 944 1453 αὐτῷ
963 1393 1073 1454 τόπῳ
1097 1394 1198 1438 ὅπου
1225 1395 1299 1451 τὴν
1319 1393 1490 1450 δύναμιν
1509 1392 1736 1450 ἑωράκασιν

285 1464 415 1522 ἱερόν,
453 1462 674 1520 στήσαντες
702 1463 784 1505 ε’κεῒ
808 1460 1025 1518 ἐκτῦπωμα
1054 1468 1129 1519 τῆς
1148 1462 1246 1520 ’παρ’
1269 1463 1404 1506 αὐτῶν
1419 1463 1646 1517 θεαθείσης
1662 1463 1737 1503 δυ-

285 1533 465 1589 νάμεως,
502 1532 741 1580 καλέσαντες
761 1531 831 1574 τὸν
851 1531 975 1574 αὐτὸν
994 1530 1119 1575 τόπον
1138 1530 1164 1588 ἢ
1184 1531 1231 1574 τὸ
1254 1531 1360 1588 ἱερὸν
1377 1531 1477 1574 αὐτὸ
1497 1529 1735 1583 Σωσθένην,

289 1602 393 1646 διότι
423 1602 505 1644 ἐκεῖ
521 1597 716 1658 φυγόντες
747 1598 987 1655 ἐσώθησαν·
1024 1599 1136 1650 ὅστις
1163 1598 1287 1650 τόπος
1310 1598 1439 1649 οὕτως
1460 1599 1645 1654 κέκληται
1666 1597 1797 1646 ἕωςὲο

289 1676 365 1732 τῆς
386 1674 471 1714 νῦν.
542 1666 641 1725 ὅπερ
671 1667 776 1725 ἱερὸν
805 1668 909 1733 μετὰ
935 1668 982 1711 τὸ
1009 1672 1248 1723 βασιλεῦσαι
1281 1666 1504 1720 Βυζάντιον
1538 1663 1740 1723 ἐθεάσατο

382 1769 417 1804 3.
449 1763 629 1812 μαρμάρῳ
662 1764 749 1806 eh„
780 1762 960 1810 μαρμύρῳ
992 1765 1060 1800 Ox.
1152 1766 1236 1800 ibid.
1272 1764 1325 1805 εἰς
1346 1761 1388 1800 τὸ
1420 1763 1616 1804 Oedi-enus,
1647 1757 1742 1796 αὐτὸ

385 1814 454 1848 ΟΧ.
569 1814 601 1848 8.
642 1812 885 1855 Πρινκιπίους
916 1813 984 1846 Ox.
1095 1811 1177 1846 ibid.
1214 1807 1381 1857 οἷνῆλθον
1410 1809 1476 1846 τὸν
1508 1805 1746 1854 Χαλκηδόνος

383 1859 525 1940 ἷεέἕιῐυ]
542 1856 679 1938 egeni,
717 1861 780 1892 aut
817 1857 1024 1904 praepositio
1065 1856 1255 1902 hujusmodi
1296 1857 1366 1892 alia
1402 1856 1459 1891 hic
1496 1855 1612 1890 deesse
1647 1852 1745 1888 vide-

299 1996 362 2021 ceu
394 1983 523 2028 sagitta
554 1981 774 2023 flammifera,
812 1981 957 2016 medium
980 1981 1175 2028 penetrabit
1209 1982 1343 2023 orbem,
1380 1982 1555 2024 totumque
1576 1976 1748 2024 captivum

300 2029 473 2071 obtinens,
495 2027 593 2063 Patri
614 2027 702 2061 dono
727 2027 843 2062 dabit:
874 2028 1010 2073 Virgini
1034 2028 1111 2062 huic
1134 2028 1297 2062 sacranda
1319 2028 1371 2062 est
1392 2026 1525 2067 domus3
1551 2023 1667 2059 Maria
1686 2034 1749 2058 ve-

301 2089 340 2112 ro
363 2086 483 2109 nomen
506 2075 621 2118 ejus.“
667 2073 876 2118 Responsum
899 2074 963 2108 hoc
984 2073 1091 2108 aereis
1110 2073 1219 2108 literis
1241 2082 1403 2107 marmore
1426 2074 1621 2111 exaratum,
1643 2068 1695 2103 illi
1714 2067 1750 2102 in

304 2121 479 2167 superiore
509 2123 633 2164 portae
655 2118 744 2152 Fani
773 2118 886 2152 limine
916 2124 1122 2165 posuerunt3
1154 2119 1362 2162 Domumque
1393 2116 1500 2162 ipsam
1532 2116 1651 2150 Rheae
1680 2125 1751 2149 ma-

304 2168 368 2202 tris
389 2167 536 2200 Deorum
568 2168 744 2199 vocarunt.
792 2164 892 2204 Quae
916 2165 1049 2208 quidem
1072 2165 1216 2206 Domus,
1250 2164 1352 2208 longo
1377 2167 1453 2207 post
1473 2165 1650 2207 tempore,
1682 2159 1752 2194 Ze-

307 2225 395 2249 none
416 2212 621 2257 imperante,
643 2209 679 2243 in
701 2209 887 2243 Ecclesiam
910 2210 948 2244 S.
970 2210 1121 2254 Virginis
1144 2209 1333 2255 Deiparae,
1358 2207 1509 2250 Mariae,
1532 2208 1628 2241 facta
1651 2209 1714 2240 est.

394 2259 611 2302 Argonautae
633 2266 714 2289 vero
738 2266 779 2289 ex
805 2255 1025 2301 Hellesponto
1050 2257 1239 2297 solventes,
1273 2254 1317 2288 ad
1340 2253 1514 2298 Principes
1535 2251 1662 2287 Insulas
1683 2250 1752 2284 iter

265 2311 271 2317 ⁴
305 2304 522 2339 direxerunt:
546 2301 625 2336 hinc
647 2311 730 2335 vero
754 2301 936 2342 abeuntes,
961 2305 996 2335 et
1020 2301 1321 2336 Chalcedonensem
1343 2299 1480 2334 Pontici
1501 2298 1600 2332 maris
1626 2296 1753 2339 Traje-

307 2354 396 2385 ctum
419 2348 565 2383 transire
595 2346 764 2388 volentes,
800 2347 843 2381 ab
867 2347 1016 2391 Amyco,
1050 2347 1141 2392 ipsos
1164 2346 1266 2380 armis
1289 2349 1449 2391 petente,
1506 2341 1644 2379 rohibiti
1666 2345 1752 2375 sunt.

307 2396 416 2439 Cujus
438 2393 573 2439 quidem
594 2392 810 2426 formidantes
833 2392 1040 2437 potentiam,
1071 2392 1107 2426 in
1128 2391 1233 2427 sinum
1257 2391 1440 2435 quendam,
1496 2393 1640 2423 esertum
1673 2386 1755 2420 satis

307 2440 413 2486 atque
434 2439 615 2479 incultum,
657 2437 912 2482 nemoribusque
948 2437 1108 2479 obsitum,
1149 2437 1380 2471 subduxerunt
1402 2447 1485 2469 sese.
1530 2433 1622 2468 Ecce
1644 2437 1756 2466 autem

310 2490 480 2532 spectrum
513 2483 678 2529 quoddam
710 2483 851 2517 coelitus
884 2483 1074 2528 delapsum,
1112 2482 1186 2516 visu
1209 2482 1363 2516 terribile
1394 2478 1606 2523 humerisque
1629 2487 1756 2523 pennas

312 2543 433 2576 gerens
456 2530 641 2576 aquilinus,
673 2527 739 2563 sibi
771 2528 1046 2574 appropinquare
1068 2527 1253 2572 conspicati
1275 2529 1360 2560 sunt.
1406 2526 1460 2560 Ab
1482 2525 1548 2559 hoc
1571 2526 1681 2558 autem
1703 2521 1758 2555 di-

315 2578 441 2611 vinitus
472 2575 634 2611 admoniti
662 2574 705 2609 de
737 2573 896 2615 victoria,
930 2585 1028 2618 quam
1058 2574 1101 2607 ab
1124 2574 1250 2617 Amyco
1282 2571 1492 2616 reportaturi
1514 2573 1635 2610 erant,
1669 2567 1758 2602 vires

315 2623 549 2656 resumebant:
595 2619 792 2665 praelioque
824 2631 897 2654 cum
919 2631 959 2653 eo
995 2618 1163 2653 commisso
1192 2619 1351 2661 Amycum
1374 2616 1545 2650 devictum
1574 2613 1759 2649 interfece-

316 2672 408 2702 runt.
455 2669 568 2701 Grata
590 2666 712 2700 deinde
742 2666 928 2707 solventes,
963 2665 1122 2709 templum
1146 2662 1388 2703 condiderunt,
1418 2662 1495 2696 loco
1518 2659 1658 2701 eodem,
1691 2668 1760 2713 (juo

321 2716 488 2758 spectrum
518 2712 600 2758 ipsis
622 2724 695 2747 sese
726 2711 945 2753 exhibueram
977 2714 1121 2745 statuam
1153 2708 1254 2743 etiam
1284 2707 1469 2752 erigentes,
1505 2717 1594 2751 quae
1615 2713 1762 2750 speciem

320 2758 415 2792 visae
438 2769 459 2791 a
480 2770 516 2792 se
538 2757 716 2802 potestatis
738 2757 918 2792 referebat.
963 2756 1090 2790 Fanum
1113 2759 1224 2789 autem
1246 2754 1373 2799 ipsum,
1416 2747 1459 2787 ab
1483 2752 1590 2786 salute
1611 2749 1660 2785 ibi
1682 2759 1762 2794 par-

320 2807 378 2845 ta,
401 2803 611 2838 Sosthenium
631 2804 858 2838 nominarunt:
893 2813 959 2846 quo
981 2801 1112 2836 nomine
1135 2800 1235 2834 etiam
1258 2799 1302 2832 ad
1323 2799 1411 2832 hunc
1432 2809 1538 2843 usque
1560 2796 1648 2830 diem
1670 2794 1763 2828 locus

323 2848 389 2884 iste
416 2852 571 2883 vocatur.
618 2849 794 2895 Templum
815 2848 881 2883 hoc
911 2847 1050 2890 deinde,
1093 2857 1166 2882 cum
1189 2844 1390 2890 Byzantium
1413 2842 1544 2890 imperii
1567 2841 1663 2876 sedes
1687 2838 1764 2873 fieri
