<?xml version="1.0" encoding="UTF-8"?>
<!DOCTYPE html PUBLIC "-//W3C//DTD XHTML 1.0 Transitional//EN"
    "http://www.w3.org/TR/xhtml1/DTD/xhtml1-transitional.dtd">
<html xmlns="http://www.w3.org/1999/xhtml" xml:lang="en" lang="en">
 <head>
  <title>
</title>
<meta http-equiv="Content-Type" content="text/html;charset=utf-8" />
  <meta name='ocr-system' content='tesseract 3.04.00' />
  <meta name='ocr-capabilities' content='ocr_page ocr_carea ocr_par ocr_line ocrx_word'/>
</head>
<body>
  <div class='ocr_page' id='page_1' title='image "./corpusscriptorum28niebuoft_0436.png"; bbox 0 0 1838 3230; ppageno 0'>
   <div class='ocr_carea' id='block_1_1' title="bbox 280 205 1348 262">
    <p class='ocr_par' dir='ltr' id='par_1_1' title="bbox 280 205 1348 262">
     <span class='ocr_line' id='line_1_1' title="bbox 280 205 1348 262; baseline -0.012 0"><span class='ocrx_word' id='word_1_1' title='bbox 280 210 380 262; x_wconf 82' lang='lat'><em>354</em></span> <span class='ocrx_word' id='word_1_2' title='bbox 679 205 977 252; x_wconf 81' lang='lat' dir='ltr'><strong>IOANNIS</strong></span> <span class='ocrx_word' id='word_1_3' title='bbox 1006 207 1348 251; x_wconf 85' lang='lat' dir='ltr'><strong>MALALAE</strong></span> 
     </span>
    </p>
   </div>
   <div class='ocr_carea' id='block_1_2' title="bbox 149 322 1792 1908">
    <p class='ocr_par' dir='ltr' id='par_1_2' title="bbox 149 322 1792 1908">
     <span class='ocr_line' id='line_1_2' title="bbox 282 322 1742 385; baseline -0.002 -14"><span class='ocrx_word' id='word_1_4' title='bbox 282 328 419 371; x_wconf 78' lang='grc' dir='ltr'><em>αὐτῶν</em></span> <span class='ocrx_word' id='word_1_5' title='bbox 437 328 490 370; x_wconf 82' lang='grc' dir='ltr'><em>τὰ</em></span> <span class='ocrx_word' id='word_1_6' title='bbox 506 327 680 385; x_wconf 78' lang='grc' dir='ltr'><em>πατρῷα</em></span> <span class='ocrx_word' id='word_1_7' title='bbox 689 358 703 378; x_wconf 87' lang='grc'>,</span> <span class='ocrx_word' id='word_1_8' title='bbox 740 324 911 381; x_wconf 83' lang='grc' dir='ltr'><em>λέγουσα</em></span> <span class='ocrx_word' id='word_1_9' title='bbox 928 325 1055 381; x_wconf 76' lang='grc' dir='ltr'><em>μηδὲν</em></span> <span class='ocrx_word' id='word_1_10' title='bbox 1072 324 1361 382; x_wconf 73' lang='grc' dir='ltr'><em>ἡμαρτηκέναι,</em></span> <span class='ocrx_word' id='word_1_11' title='bbox 1395 324 1450 376; x_wconf 81' lang='grc' dir='ltr'><em>ὥς</em></span> <span class='ocrx_word' id='word_1_12' title='bbox 1465 326 1531 368; x_wconf 78' lang='grc' dir='ltr'><em>καὶ</em></span> <span class='ocrx_word' id='word_1_13' title='bbox 1547 322 1661 378; x_wconf 67' lang='grc' dir='ltr'><em>ὑμεῖς</em></span> <span class='ocrx_word' id='word_1_14' title='bbox 1677 324 1742 369; x_wconf 78' lang='grc' dir='ltr'><em>οἷ’-</em></span> 
     </span>
     <span class='ocr_line' id='line_1_3' title="bbox 282 390 1740 452; baseline -0.003 -12"><span class='ocrx_word' id='word_1_15' title='bbox 282 399 400 449; x_wconf 85' lang='grc' dir='ltr'><em>δατε,</em></span> <span class='ocrx_word' id='word_1_16' title='bbox 437 395 541 452; x_wconf 85' lang='grc' dir='ltr'><em>πρὸς</em></span> <span class='ocrx_word' id='word_1_17' title='bbox 570 395 640 438; x_wconf 84' lang='grc' dir='ltr'><em>τὸν</em></span> <span class='ocrx_word' id='word_1_18' title='bbox 667 394 770 437; x_wconf 74' lang='grc' dir='ltr'><em>ἴδιον</em></span> <span class='ocrx_word' id='word_1_19' title='bbox 796 391 912 448; x_wconf 73' lang='grc' dir='ltr'><em>ὑμῶν</em></span> <span class='ocrx_word' id='word_1_20' title='bbox 935 394 1111 451; x_wconf 88' lang='grc' dir='ltr'><em>πατέρα·</em></span> <span class='ocrx_word' id='word_1_21' title='bbox 1147 395 1214 436; x_wconf 82' lang='grc' dir='ltr'><em>καὶ</em></span> <span class='ocrx_word' id='word_1_22' title='bbox 1234 394 1307 436; x_wconf 76' lang='grc' dir='ltr'><em>οὐκ</em></span> <span class='ocrx_word' id='word_1_23' title='bbox 1328 392 1421 437; x_wconf 81' lang='grc' dir='ltr'><em>οἶδα</em></span> <span class='ocrx_word' id='word_1_24' title='bbox 1441 393 1510 436; x_wconf 78' lang='grc' dir='ltr'><em>διὰ</em></span> <span class='ocrx_word' id='word_1_25' title='bbox 1529 393 1572 436; x_wconf 81' lang='grc' dir='ltr'><em>τί</em></span> <span class='ocrx_word' id='word_1_26' title='bbox 1585 390 1740 449; x_wconf 74' lang='grc' dir='ltr'><em>ἄπορόν</em></span> 
     </span>
     <span class='ocr_line' id='line_1_4' title="bbox 280 459 1740 520; baseline -0.002 -13"><span class='ocrx_word' id='word_1_27' title='bbox 280 483 331 520; x_wconf 87' lang='grc' dir='ltr'><em>με</em></span> <span class='ocrx_word' id='word_1_28' title='bbox 357 464 539 507; x_wconf 87' lang='grc' dir='ltr'><em>κατέλιπε</em></span> <span class='ocrx_word' id='word_1_29' title='bbox 561 463 720 516; x_wconf 81' lang='grc' dir='ltr'><em>μέλλων</em></span> <span class='ocrx_word' id='word_1_30' title='bbox 741 465 931 504; x_wconf 85' lang='grc' dir='ltr'><em>τελευτᾶν</em></span> <span class='ocrx_word' id='word_1_31' title='bbox 949 463 1014 504; x_wconf 82' lang='grc' dir='ltr'><em>καὶ</em></span> <span class='ocrx_word' id='word_1_32' title='bbox 1038 461 1228 518; x_wconf 73' lang='grc' dir='ltr'><em>εὐπορίας</em></span> <span class='ocrx_word' id='word_1_33' title='bbox 1248 459 1373 517; x_wconf 78' lang='grc' dir='ltr'><em>τύχην</em></span> <span class='ocrx_word' id='word_1_34' title='bbox 1390 461 1493 516; x_wconf 76' lang='grc' dir='ltr'><em>μετὰ</em></span> <span class='ocrx_word' id='word_1_35' title='bbox 1513 460 1588 516; x_wconf 88' lang='grc' dir='ltr'><em>τὴν</em></span> <span class='ocrx_word' id='word_1_36' title='bbox 1611 460 1740 504; x_wconf 76' lang='grc' dir='ltr'><em>αὐτοῦ</em></span> 
     </span>
     <span class='ocr_line' id='line_1_5' title="bbox 280 529 1742 589; baseline -0.002 -14"><span class='ocrx_word' id='word_1_37' title='bbox 280 533 471 589; x_wconf 78' lang='grc' dir='ltr'><em>νέκρωσιν</em></span> <span class='ocrx_word' id='word_1_38' title='bbox 503 531 732 586; x_wconf 76' lang='grc' dir='ltr'><em>ἐχαρίσατο.</em></span> <span class='ocrx_word' id='word_1_39' title='bbox 804 530 843 572; x_wconf 84' lang='grc' dir='ltr'><em>οἶ</em></span> <span class='ocrx_word' id='word_1_40' title='bbox 871 530 916 572; x_wconf 74' lang='grc' dir='ltr'><em>δὲ</em></span> <span class='ocrx_word' id='word_1_41' title='bbox 934 529 1061 585; x_wconf 74' lang='grc' dir='ltr'><em>αὐτῆς</em></span> <span class='ocrx_word' id='word_1_42' title='bbox 1080 530 1248 587; x_wconf 81' lang='grc' dir='ltr'><em>ἀδελφοὶ</em></span> <span class='ocrx_word' id='word_1_43' title='bbox 1266 530 1424 584; x_wconf 66' lang='grc' dir='ltr'><em>ἐζιιειναν</em></span> <span class='ocrx_word' id='word_1_44' title='bbox 1442 530 1643 583; x_wconf 72' lang='grc' dir='ltr'><strong><em>ἀπειθεῖς,</em></strong></span> <span class='ocrx_word' id='word_1_45' title='bbox 1671 530 1742 572; x_wconf 81' lang='grc' dir='ltr'><em>καὶ</em></span> 
     </span>
     <span class='ocr_line' id='line_1_6' title="bbox 226 595 1772 658; baseline -0.001 -14"><span class='ocrx_word' id='word_1_46' title='bbox 226 610 259 645; x_wconf 89' lang='lat' dir='ltr'>D</span> <span class='ocrx_word' id='word_1_47' title='bbox 281 599 536 658; x_wconf 75' lang='grc' dir='ltr'><em>ὀργισθέντες</em></span> <span class='ocrx_word' id='word_1_48' title='bbox 558 600 726 649; x_wconf 74' lang='grc' dir='ltr'><em>ἐδίωξαν</em></span> <span class='ocrx_word' id='word_1_49' title='bbox 744 596 872 653; x_wconf 72' lang='grc' dir='ltr'><em>αὐτὴν</em></span> <span class='ocrx_word' id='word_1_50' title='bbox 895 599 962 640; x_wconf 82' lang='grc' dir='ltr'><em>καὶ</em></span> <span class='ocrx_word' id='word_1_51' title='bbox 979 599 1022 640; x_wconf 72' lang='grc' dir='ltr'><em>ἐκ</em></span> <span class='ocrx_word' id='word_1_52' title='bbox 1040 602 1113 640; x_wconf 83' lang='grc' dir='ltr'><em>τοῦ</em></span> <span class='ocrx_word' id='word_1_53' title='bbox 1134 596 1326 655; x_wconf 76' lang='grc' dir='ltr'><em>πατρῴου</em></span> <span class='ocrx_word' id='word_1_54' title='bbox 1343 598 1469 654; x_wconf 80' lang='grc' dir='ltr'><em>αὐτῆς</em></span> <span class='ocrx_word' id='word_1_55' title='bbox 1482 597 1609 650; x_wconf 74' lang='grc' dir='ltr'><em>οἴκου,</em></span> <span class='ocrx_word' id='word_1_56' title='bbox 1634 595 1772 642; x_wconf 60' lang='grc' dir='ltr'><em>ἔνθαό</em></span> 
     </span>
     <span class='ocr_line' id='line_1_7' title="bbox 278 664 1740 722; baseline -0.002 -12"><span class='ocrx_word' id='word_1_57' title='bbox 278 669 487 722; x_wconf 83' lang='grc' dir='ltr'><em>συνέμενεν</em></span> <span class='ocrx_word' id='word_1_58' title='bbox 519 666 671 716; x_wconf 77' lang='grc' dir='ltr'><em>αὐτοῖς.</em></span> <span class='ocrx_word' id='word_1_59' title='bbox 743 668 809 708; x_wconf 87' lang='grc' dir='ltr'><em>καὶ</em></span> <span class='ocrx_word' id='word_1_60' title='bbox 839 666 1000 716; x_wconf 77' lang='grc' dir='ltr'><em>ἐδέξατο</em></span> <span class='ocrx_word' id='word_1_61' title='bbox 1031 665 1158 721; x_wconf 75' lang='grc' dir='ltr'><em>αὐτὴν</em></span> <span class='ocrx_word' id='word_1_62' title='bbox 1186 664 1212 721; x_wconf 79' lang='grc' dir='ltr'>ἡ</span> <span class='ocrx_word' id='word_1_63' title='bbox 1238 666 1394 722; x_wconf 84' lang='grc' dir='ltr'><em>ἀδελφὴ</em></span> <span class='ocrx_word' id='word_1_64' title='bbox 1421 671 1494 721; x_wconf 84' lang='grc' dir='ltr'><em>τῆς</em></span> <span class='ocrx_word' id='word_1_65' title='bbox 1526 665 1740 721; x_wconf 73' lang='grc' dir='ltr'><em>γενομένης</em></span> 
     </span>
     <span class='ocr_line' id='line_1_8' title="bbox 277 731 1736 791; baseline -0.001 -13"><span class='ocrx_word' id='word_1_66' title='bbox 277 736 405 791; x_wconf 79' lang='grc' dir='ltr'><em>αὐτῆς</em></span> <span class='ocrx_word' id='word_1_67' title='bbox 431 733 613 791; x_wconf 84' lang='grc' dir='ltr'><em>μητρός,</em></span> <span class='ocrx_word' id='word_1_68' title='bbox 645 732 701 784; x_wconf 83' lang='grc' dir='ltr'><em>ὥς</em></span> <span class='ocrx_word' id='word_1_69' title='bbox 729 732 932 791; x_wconf 82' lang='grc' dir='ltr'><em>ὄρφανήν,</em></span> <span class='ocrx_word' id='word_1_70' title='bbox 966 735 1034 776; x_wconf 84' lang='grc' dir='ltr'><em>καὶ</em></span> <span class='ocrx_word' id='word_1_71' title='bbox 1066 732 1121 783; x_wconf 82' lang='grc' dir='ltr'><em>ὥς</em></span> <span class='ocrx_word' id='word_1_72' title='bbox 1148 735 1355 791; x_wconf 72' lang='grc' dir='ltr'><em>παρθένον</em></span> <span class='ocrx_word' id='word_1_73' title='bbox 1375 733 1572 791; x_wconf 71' lang='grc' dir='ltr'><em>ἐφύλαξεν</em></span> <span class='ocrx_word' id='word_1_74' title='bbox 1595 731 1736 788; x_wconf 77' lang='grc' dir='ltr'><em>αὐτήν.</em></span> 
     </span>
     <span class='ocr_line' id='line_1_9' title="bbox 275 800 1737 859; baseline -0.002 -13"><span class='ocrx_word' id='word_1_75' title='bbox 275 802 416 858; x_wconf 71' lang='grc' dir='ltr'><em>ἥντινα</em></span> <span class='ocrx_word' id='word_1_76' title='bbox 445 807 633 857; x_wconf 81' lang='grc' dir='ltr'><em>λαβοῦσα</em></span> <span class='ocrx_word' id='word_1_77' title='bbox 660 802 839 857; x_wconf 81' lang='grc' dir='ltr'><em>ἀνῆλθεν</em></span> <span class='ocrx_word' id='word_1_78' title='bbox 865 803 907 844; x_wconf 77' lang='grc' dir='ltr'><em>ἒν</em></span> <span class='ocrx_word' id='word_1_79' title='bbox 937 801 1362 845; x_wconf 86' lang='grc' dir='ltr'><em>Κωνσταντινουηόλει</em></span> <span class='ocrx_word' id='word_1_80' title='bbox 1389 802 1492 859; x_wconf 82' lang='grc' dir='ltr'><em>πρὸς</em></span> <span class='ocrx_word' id='word_1_81' title='bbox 1512 801 1586 856; x_wconf 79' lang='grc' dir='ltr'><em>τὴν</em></span> <span class='ocrx_word' id='word_1_82' title='bbox 1609 800 1737 856; x_wconf 81' lang='grc' dir='ltr'><em>ι’ίλλην</em></span> 
     </span>
     <span class='ocr_line' id='line_1_10' title="bbox 275 868 1737 929; baseline -0.002 -15"><span class='ocrx_word' id='word_1_83' title='bbox 275 871 458 929; x_wconf 82' lang='grc' dir='ltr'><em>ἀδελφὴν</em></span> <span class='ocrx_word' id='word_1_84' title='bbox 480 875 552 914; x_wconf 83' lang='grc' dir='ltr'><em>τοῦ</em></span> <span class='ocrx_word' id='word_1_85' title='bbox 573 871 701 925; x_wconf 77' lang='grc' dir='ltr'><em>αὐτῆς</em></span> <span class='ocrx_word' id='word_1_86' title='bbox 718 869 874 926; x_wconf 84' lang='grc' dir='ltr'><em>πατρὸς</em></span> <span class='ocrx_word' id='word_1_87' title='bbox 894 871 959 912; x_wconf 81' lang='grc' dir='ltr'><em>καὶ</em></span> <span class='ocrx_word' id='word_1_88' title='bbox 980 871 1099 912; x_wconf 86' lang='grc' dir='ltr'><em>θείαν</em></span> <span class='ocrx_word' id='word_1_89' title='bbox 1118 869 1257 924; x_wconf 78' lang='grc' dir='ltr'><em>αὐτῆς.</em></span> <span class='ocrx_word' id='word_1_90' title='bbox 1328 872 1394 912; x_wconf 86' lang='grc' dir='ltr'><em>καὶ</em></span> <span class='ocrx_word' id='word_1_91' title='bbox 1425 874 1627 923; x_wconf 78' lang='grc' dir='ltr'><em>λαβοῦσαι</em></span> <span class='ocrx_word' id='word_1_92' title='bbox 1659 868 1737 911; x_wconf 78' lang='grc' dir='ltr'><em>αὖ-</em></span> 
     </span>
     <span class='ocr_line' id='line_1_11' title="bbox 156 934 1792 995; baseline -0.001 -13"><span class='ocrx_word' id='word_1_93' title='bbox 156 948 189 982; x_wconf 93' lang='grc' dir='ltr'>Ο</span> <span class='ocrx_word' id='word_1_94' title='bbox 212 947 259 984; x_wconf 83' lang='grc'><em>54</em></span> <span class='ocrx_word' id='word_1_95' title='bbox 280 940 356 995; x_wconf 83' lang='grc' dir='ltr'><em>τὴν</em></span> <span class='ocrx_word' id='word_1_96' title='bbox 388 944 556 994; x_wconf 74' lang='grc' dir='ltr'><em>ποιῆσαι</em></span> <span class='ocrx_word' id='word_1_97' title='bbox 594 938 759 989; x_wconf 81' lang='grc' dir='ltr'><em>ἀξίωσιν</em></span> <span class='ocrx_word' id='word_1_98' title='bbox 791 938 896 980; x_wconf 80' lang='grc' dir='ltr'><em>κατὰ</em></span> <span class='ocrx_word' id='word_1_99' title='bbox 933 942 1015 981; x_wconf 87' lang='grc' dir='ltr'><em>τῶν</em></span> <span class='ocrx_word' id='word_1_100' title='bbox 1048 936 1176 992; x_wconf 81' lang='grc' dir='ltr'><em>αὖτῆς</em></span> <span class='ocrx_word' id='word_1_101' title='bbox 1214 938 1402 994; x_wconf 78' lang='grc' dir='ltr'><em>ἀδελφῶν</em></span> <span class='ocrx_word' id='word_1_102' title='bbox 1432 934 1792 995; x_wconf 74' lang='grc' dir='ltr'><em>παρεσκεύασανΙΟ</em></span> 
     </span>
     <span class='ocr_line' id='line_1_12' title="bbox 277 1003 1737 1065; baseline -0.002 -15"><span class='ocrx_word' id='word_1_103' title='bbox 277 1007 406 1063; x_wconf 75' lang='grc' dir='ltr'><em>αὐτὴν</em></span> <span class='ocrx_word' id='word_1_104' title='bbox 433 1011 676 1064; x_wconf 74' lang='grc' dir='ltr'><em>προσελθεῖν</em></span> <span class='ocrx_word' id='word_1_105' title='bbox 703 1011 754 1064; x_wconf 82' lang='grc' dir='ltr'><em>τῇ</em></span> <span class='ocrx_word' id='word_1_106' title='bbox 788 1003 1056 1063; x_wconf 80' lang='grc' dir='ltr'><em>εὖσεβεστάτῃ</em></span> <span class='ocrx_word' id='word_1_107' title='bbox 1078 1007 1269 1062; x_wconf 78' lang='grc' dir='ltr'><em>δεσποίνῃ</em></span> <span class='ocrx_word' id='word_1_108' title='bbox 1291 1008 1547 1065; x_wconf 71' lang='grc' dir='ltr'><em>Πουλχερίᾳ,</em></span> <span class='ocrx_word' id='word_1_109' title='bbox 1579 1005 1737 1062; x_wconf 82' lang='grc' dir='ltr'><em>ἀδελφῇ</em></span> 
     </span>
     <span class='ocr_line' id='line_1_13' title="bbox 279 1071 1735 1130; baseline -0.003 -11"><span class='ocrx_word' id='word_1_110' title='bbox 279 1077 504 1119; x_wconf 83' lang='grc' dir='ltr'><em>Θεοδοσίου</em></span> <span class='ocrx_word' id='word_1_111' title='bbox 524 1075 737 1128; x_wconf 81' lang='grc' dir='ltr'><em>βασιλέως.</em></span> <span class='ocrx_word' id='word_1_112' title='bbox 786 1077 853 1117; x_wconf 82' lang='grc' dir='ltr'><em>καὶ</em></span> <span class='ocrx_word' id='word_1_113' title='bbox 872 1074 920 1129; x_wconf 78' lang='grc' dir='ltr'><em>δὴ</em></span> <span class='ocrx_word' id='word_1_114' title='bbox 941 1077 1230 1130; x_wconf 81' lang='grc' dir='ltr'><em>προσελθοῦσα</em></span> <span class='ocrx_word' id='word_1_115' title='bbox 1250 1075 1428 1124; x_wconf 75' lang='grc' dir='ltr'><em>ἐδίδαξεν</em></span> <span class='ocrx_word' id='word_1_116' title='bbox 1448 1071 1503 1124; x_wconf 83' lang='grc' dir='ltr'><em>ῶς</em></span> <span class='ocrx_word' id='word_1_117' title='bbox 1519 1072 1735 1128; x_wconf 83' lang='grc' dir='ltr'><em>βιαζομένη</em></span> 
     </span>
     <span class='ocr_line' id='line_1_14' title="bbox 275 1138 1736 1199; baseline -0.001 -13"><span class='ocrx_word' id='word_1_118' title='bbox 275 1143 389 1199; x_wconf 80' lang='grc' dir='ltr'><em>παρὰ</em></span> <span class='ocrx_word' id='word_1_119' title='bbox 407 1147 489 1186; x_wconf 88' lang='grc' dir='ltr'><em>τῶν</em></span> <span class='ocrx_word' id='word_1_120' title='bbox 514 1144 627 1186; x_wconf 76' lang='grc' dir='ltr'><em>ἰδίων</em></span> <span class='ocrx_word' id='word_1_121' title='bbox 645 1142 772 1198; x_wconf 76' lang='grc' dir='ltr'><em>αὐτῆς</em></span> <span class='ocrx_word' id='word_1_122' title='bbox 791 1143 994 1199; x_wconf 81' lang='grc' dir='ltr'><em>ἀδελφῶν,</em></span> <span class='ocrx_word' id='word_1_123' title='bbox 1018 1142 1277 1197; x_wconf 73' lang='grc' dir='ltr'><em>διαλεγομένη</em></span> <span class='ocrx_word' id='word_1_124' title='bbox 1297 1143 1528 1197; x_wconf 76' lang='grc' dir='ltr'><em>ἓλλογίμως.</em></span> <span class='ocrx_word' id='word_1_125' title='bbox 1575 1143 1641 1184; x_wconf 80' lang='grc' dir='ltr'><em>καὶ</em></span> <span class='ocrx_word' id='word_1_126' title='bbox 1659 1138 1736 1184; x_wconf 74' lang='grc' dir='ltr'><em>ἕω-</em></span> 
     </span>
     <span class='ocr_line' id='line_1_15' title="bbox 276 1206 1736 1268; baseline -0.002 -14"><span class='ocrx_word' id='word_1_127' title='bbox 276 1218 424 1268; x_wconf 82' lang='grc' dir='ltr'><em>ρακυῖα</em></span> <span class='ocrx_word' id='word_1_128' title='bbox 448 1210 574 1265; x_wconf 77' lang='grc' dir='ltr'><em>αὐτὴν</em></span> <span class='ocrx_word' id='word_1_129' title='bbox 595 1209 619 1265; x_wconf 77' lang='grc' dir='ltr'><strong><em>ἦ</em></strong></span> <span class='ocrx_word' id='word_1_130' title='bbox 643 1210 746 1265; x_wconf 78' lang='grc' dir='ltr'><em>αὐτὴ</em></span> <span class='ocrx_word' id='word_1_131' title='bbox 768 1212 1001 1266; x_wconf 87' lang='grc' dir='ltr'><em>Πουλχερία</em></span> <span class='ocrx_word' id='word_1_132' title='bbox 1020 1210 1195 1267; x_wconf 78' lang='grc' dir='ltr'><em>εὐπρεπῆ</em></span> <span class='ocrx_word' id='word_1_133' title='bbox 1219 1212 1284 1252; x_wconf 86' lang='grc' dir='ltr'><em>καὶ</em></span> <span class='ocrx_word' id='word_1_134' title='bbox 1305 1208 1513 1266; x_wconf 72' lang='grc' dir='ltr'><em>ἐλλόγιμον</em></span> <span class='ocrx_word' id='word_1_135' title='bbox 1524 1242 1537 1262; x_wconf 88' lang='grc'>,</span> <span class='ocrx_word' id='word_1_136' title='bbox 1574 1206 1736 1265; x_wconf 74' lang='grc' dir='ltr'><em>ἐπηρώ-</em></span> 
     </span>
     <span class='ocr_line' id='line_1_16' title="bbox 221 1276 1790 1335; baseline -0.002 -12"><span class='ocrx_word' id='word_1_137' title='bbox 221 1292 255 1327; x_wconf 83' lang='grc' dir='ltr'><strong>Ε</strong></span> <span class='ocrx_word' id='word_1_138' title='bbox 277 1296 374 1335; x_wconf 86' lang='grc' dir='ltr'><em>τησε</em></span> <span class='ocrx_word' id='word_1_139' title='bbox 403 1279 478 1328; x_wconf 82' lang='grc' dir='ltr'><em>τὰς</em></span> <span class='ocrx_word' id='word_1_140' title='bbox 497 1279 623 1333; x_wconf 80' lang='grc' dir='ltr'><em>αὐτῆς</em></span> <span class='ocrx_word' id='word_1_141' title='bbox 648 1280 766 1328; x_wconf 87' lang='grc' dir='ltr'><em>θείας</em></span> <span class='ocrx_word' id='word_1_142' title='bbox 786 1281 819 1320; x_wconf 82' lang='grc' dir='ltr'><em>εἲ</em></span> <span class='ocrx_word' id='word_1_143' title='bbox 838 1279 921 1320; x_wconf 73' lang='grc' dir='ltr'><em>ἐστὶ</em></span> <span class='ocrx_word' id='word_1_144' title='bbox 944 1278 1163 1334; x_wconf 78' lang='grc' dir='ltr'><em>παρθένος.</em></span> <span class='ocrx_word' id='word_1_145' title='bbox 1235 1279 1301 1320; x_wconf 84' lang='grc' dir='ltr'><em>καὶ</em></span> <span class='ocrx_word' id='word_1_146' title='bbox 1319 1276 1519 1333; x_wconf 68' lang='grc' dir='ltr'><em>ἐδιδάχθη</em></span> <span class='ocrx_word' id='word_1_147' title='bbox 1537 1277 1632 1335; x_wconf 75' lang='grc' dir='ltr'><em>παρ’</em></span> <span class='ocrx_word' id='word_1_148' title='bbox 1658 1276 1733 1319; x_wconf 80' lang='grc' dir='ltr'><em>αὖ·</em></span> <span class='ocrx_word' id='word_1_149' title='bbox 1747 1286 1790 1320; x_wconf 83' lang='grc'><em>15</em></span> 
     </span>
     <span class='ocr_line' id='line_1_17' title="bbox 272 1343 1731 1403; baseline -0.001 -13"><span class='ocrx_word' id='word_1_150' title='bbox 272 1352 356 1391; x_wconf 87' lang='grc' dir='ltr'><em>τῶν</em></span> <span class='ocrx_word' id='word_1_151' title='bbox 376 1346 439 1390; x_wconf 81' lang='grc' dir='ltr'><em>ὅτι</em></span> <span class='ocrx_word' id='word_1_152' title='bbox 461 1347 668 1403; x_wconf 81' lang='grc' dir='ltr'><em>παρθένος</em></span> <span class='ocrx_word' id='word_1_153' title='bbox 689 1347 797 1389; x_wconf 69' lang='grc' dir='ltr'><em>ἐστὶν</em></span> <span class='ocrx_word' id='word_1_154' title='bbox 819 1345 918 1401; x_wconf 78' lang='grc' dir='ltr'><em>ἁγνὴ</em></span> <span class='ocrx_word' id='word_1_155' title='bbox 940 1350 1199 1401; x_wconf 87' lang='grc' dir='ltr'><em>φυλαχθεῒσα</em></span> <span class='ocrx_word' id='word_1_156' title='bbox 1219 1344 1298 1388; x_wconf 74' lang='grc' dir='ltr'><em>ὑπὸ</em></span> <span class='ocrx_word' id='word_1_157' title='bbox 1321 1350 1394 1388; x_wconf 80' lang='grc' dir='ltr'><em>τοῦ</em></span> <span class='ocrx_word' id='word_1_158' title='bbox 1417 1346 1543 1400; x_wconf 82' lang='grc' dir='ltr'><em>αὐτῆς</em></span> <span class='ocrx_word' id='word_1_159' title='bbox 1561 1343 1731 1401; x_wconf 84' lang='grc' dir='ltr'><em>πατρός,</em></span> 
     </span>
     <span class='ocr_line' id='line_1_18' title="bbox 273 1412 1733 1472; baseline -0.001 -15"><span class='ocrx_word' id='word_1_160' title='bbox 273 1413 503 1472; x_wconf 77' lang='grc' dir='ltr'><em>φιλοσόφου</em></span> <span class='ocrx_word' id='word_1_161' title='bbox 524 1415 741 1470; x_wconf 85' lang='grc' dir='ltr'><em>γεναμένου</em></span> <span class='ocrx_word' id='word_1_162' title='bbox 761 1415 802 1457; x_wconf 77' lang='grc' dir='ltr'><em>ἓν</em></span> <span class='ocrx_word' id='word_1_163' title='bbox 826 1412 1010 1465; x_wconf 80' lang='grc' dir='ltr'><em>Ἑλλάδι,</em></span> <span class='ocrx_word' id='word_1_164' title='bbox 1047 1415 1114 1456; x_wconf 82' lang='grc' dir='ltr'><em>καὶ</em></span> <span class='ocrx_word' id='word_1_165' title='bbox 1135 1413 1202 1455; x_wconf 84' lang='grc' dir='ltr'><em>διά</em></span> <span class='ocrx_word' id='word_1_166' title='bbox 1227 1412 1356 1468; x_wconf 86' lang='grc' dir='ltr'><em>λόγων</em></span> <span class='ocrx_word' id='word_1_167' title='bbox 1379 1417 1541 1456; x_wconf 86' lang='grc' dir='ltr'><em>πολλῶν</em></span> <span class='ocrx_word' id='word_1_168' title='bbox 1564 1417 1733 1470; x_wconf 86' lang='grc' dir='ltr'><em>φιλοσο-</em></span> 
     </span>
     <span class='ocr_line' id='line_1_19' title="bbox 273 1479 1733 1539; baseline -0.002 -14"><span class='ocrx_word' id='word_1_169' title='bbox 273 1484 371 1539; x_wconf 86' lang='grc' dir='ltr'><em>φίας</em></span> <span class='ocrx_word' id='word_1_170' title='bbox 398 1482 637 1537; x_wconf 84' lang='grc' dir='ltr'><em>ἀναχθεῖσα.</em></span> <span class='ocrx_word' id='word_1_171' title='bbox 709 1484 774 1525; x_wconf 83' lang='grc' dir='ltr'><em>καὶ</em></span> <span class='ocrx_word' id='word_1_172' title='bbox 803 1479 1026 1525; x_wconf 81' lang='grc' dir='ltr'><em>κελεύσασα</em></span> <span class='ocrx_word' id='word_1_173' title='bbox 1055 1481 1183 1536; x_wconf 79' lang='grc' dir='ltr'><em>αὐτὴν</em></span> <span class='ocrx_word' id='word_1_174' title='bbox 1211 1480 1299 1535; x_wconf 78' lang='grc' dir='ltr'><em>ἅμα</em></span> <span class='ocrx_word' id='word_1_175' title='bbox 1324 1488 1415 1530; x_wconf 85' lang='grc' dir='ltr'><em>ταῖς</em></span> <span class='ocrx_word' id='word_1_176' title='bbox 1437 1481 1582 1531; x_wconf 81' lang='grc' dir='ltr'><em>αὐταῖς</em></span> <span class='ocrx_word' id='word_1_177' title='bbox 1600 1482 1733 1530; x_wconf 86' lang='grc' dir='ltr'><em>θείαις</em></span> 
     </span>
     <span class='ocr_line' id='line_1_20' title="bbox 271 1549 1728 1606; baseline -0.002 -13"><span class='ocrx_word' id='word_1_178' title='bbox 271 1551 341 1593; x_wconf 81' lang='grc' dir='ltr'><em>διὰ</em></span> <span class='ocrx_word' id='word_1_179' title='bbox 363 1551 706 1606; x_wconf 80' lang='grc' dir='ltr'><em>κουβικουλαρίων</em></span> <span class='ocrx_word' id='word_1_180' title='bbox 728 1554 990 1606; x_wconf 84' lang='grc' dir='ltr'><em>φυλαχθῆναι</em></span> <span class='ocrx_word' id='word_1_181' title='bbox 1009 1551 1076 1592; x_wconf 83' lang='grc' dir='ltr'><em>καὶ</em></span> <span class='ocrx_word' id='word_1_182' title='bbox 1094 1557 1336 1605; x_wconf 85' lang='grc' dir='ltr'><em>περιμεῖναι,</em></span> <span class='ocrx_word' id='word_1_183' title='bbox 1374 1553 1575 1602; x_wconf 78' lang='grc' dir='ltr'><em>λαβοῦσα,</em></span> <span class='ocrx_word' id='word_1_184' title='bbox 1613 1549 1728 1605; x_wconf 82' lang='grc' dir='ltr'><em>φησί,</em></span> 
     </span>
     <span class='ocr_line' id='line_1_21' title="bbox 269 1610 1787 1674; baseline -0.001 -14"><span class='ocrx_word' id='word_1_185' title='bbox 269 1619 347 1674; x_wconf 87' lang='grc' dir='ltr'><em>τὴν</em></span> <span class='ocrx_word' id='word_1_186' title='bbox 370 1619 506 1674; x_wconf 80' lang='grc' dir='ltr'><em>δέησιν</em></span> <span class='ocrx_word' id='word_1_187' title='bbox 527 1618 621 1673; x_wconf 72' lang='grc' dir='ltr'><em>παρ’</em></span> <span class='ocrx_word' id='word_1_188' title='bbox 645 1610 772 1673; x_wconf 78' lang='grc' dir='ltr'><em>αὐτῆς</em></span> <span class='ocrx_word' id='word_1_189' title='bbox 791 1620 956 1672; x_wconf 75' lang='grc' dir='ltr'><em>εἰσῆλθε</em></span> <span class='ocrx_word' id='word_1_190' title='bbox 974 1617 1076 1673; x_wconf 82' lang='grc' dir='ltr'><em>πρὸς</em></span> <span class='ocrx_word' id='word_1_191' title='bbox 1098 1617 1169 1660; x_wconf 84' lang='grc' dir='ltr'><em>τὸν</em></span> <span class='ocrx_word' id='word_1_192' title='bbox 1190 1617 1293 1659; x_wconf 69' lang='grc' dir='ltr'><em>ἴδιον</em></span> <span class='ocrx_word' id='word_1_193' title='bbox 1315 1616 1443 1672; x_wconf 76' lang='grc' dir='ltr'><em>αὐτῆς</em></span> <span class='ocrx_word' id='word_1_194' title='bbox 1463 1615 1640 1674; x_wconf 79' lang='grc' dir='ltr'><em>ἀδελφὸν</em></span> <span class='ocrx_word' id='word_1_195' title='bbox 1657 1617 1728 1659; x_wconf 78' lang='grc' dir='ltr'><em>τὸν</em></span> <span class='ocrx_word' id='word_1_196' title='bbox 1739 1624 1787 1658; x_wconf 76' lang='grc'><em>20</em></span> 
     </span>
     <span class='ocr_line' id='line_1_22' title="bbox 270 1679 1730 1744; baseline -0.002 -15"><span class='ocrx_word' id='word_1_197' title='bbox 270 1687 441 1741; x_wconf 82' lang='grc' dir='ltr'><em>βασιλέα</em></span> <span class='ocrx_word' id='word_1_198' title='bbox 476 1684 698 1729; x_wconf 86' lang='grc' dir='ltr'><em>Θεοδόσιον</em></span> <span class='ocrx_word' id='word_1_199' title='bbox 729 1688 796 1729; x_wconf 85' lang='grc' dir='ltr'><em>καὶ</em></span> <span class='ocrx_word' id='word_1_200' title='bbox 826 1684 931 1728; x_wconf 74' lang='grc' dir='ltr'><em>εἶπεν</em></span> <span class='ocrx_word' id='word_1_201' title='bbox 967 1685 1077 1744; x_wconf 76' lang='grc' dir='ltr'><em>αὐτῷ</em></span> <span class='ocrx_word' id='word_1_202' title='bbox 1114 1684 1175 1728; x_wconf 80' lang='grc' dir='ltr'><em>ὅτι</em></span> <span class='ocrx_word' id='word_1_203' title='bbox 1205 1679 1351 1742; x_wconf 73' lang='grc' dir='ltr'><em>Ηῦρον</em></span> <span class='ocrx_word' id='word_1_204' title='bbox 1390 1685 1589 1741; x_wconf 81' lang='grc' dir='ltr'><em>νεωτέραν</em></span> <span class='ocrx_word' id='word_1_205' title='bbox 1623 1683 1730 1727; x_wconf 85' lang='grc' dir='ltr'><em>πάνυ</em></span> 
     </span>
     <span class='ocr_line' id='line_1_23' title="bbox 149 1745 1731 1812; baseline -0.004 -12"><span class='ocrx_word' id='word_1_206' title='bbox 149 1767 181 1801; x_wconf 89' lang='lat' dir='ltr'>V</span> <span class='ocrx_word' id='word_1_207' title='bbox 203 1768 247 1804; x_wconf 77' lang='lat'><em>21</em></span> <span class='ocrx_word' id='word_1_208' title='bbox 272 1754 503 1812; x_wconf 64' lang='grc' dir='ltr'><em>εὔμορφον,</em></span> <span class='ocrx_word' id='word_1_209' title='bbox 541 1755 774 1811; x_wconf 83' lang='grc' dir='ltr'><em>καθαρίαν,</em></span> <span class='ocrx_word' id='word_1_210' title='bbox 811 1753 1024 1807; x_wconf 76' lang='grc' dir='ltr'><em>εὕστολον,</em></span> <span class='ocrx_word' id='word_1_211' title='bbox 1051 1745 1295 1810; x_wconf 36' lang='grc' dir='ltr'><em>’ἐλλόγιμοῃ</em></span> <span class='ocrx_word' id='word_1_212' title='bbox 1328 1751 1586 1808; x_wconf 83' lang='grc' dir='ltr'><em>Ἑλλαδικήν,</em></span> <span class='ocrx_word' id='word_1_213' title='bbox 1621 1769 1731 1809; x_wconf 80' lang='grc' dir='ltr'><em>παρ-</em></span> 
     </span>
     <span class='ocr_line' id='line_1_24' title="bbox 360 1857 1728 1908; baseline -0.001 -10"><span class='ocrx_word' id='word_1_214' title='bbox 360 1866 395 1901; x_wconf 77' lang='grc'><em>2.</em></span> <span class='ocrx_word' id='word_1_215' title='bbox 429 1863 526 1899; x_wconf 79' lang='grc' dir='ltr'><em>ἴδιον</em></span> <span class='ocrx_word' id='word_1_216' title='bbox 549 1860 676 1907; x_wconf 77' lang='grc' dir='ltr'><em>ὑμῶν]</em></span> <span class='ocrx_word' id='word_1_217' title='bbox 709 1861 835 1899; x_wconf 85' lang='grc' dir='ltr'><em>κοινὸν</em></span> <span class='ocrx_word' id='word_1_218' title='bbox 857 1858 963 1908; x_wconf 71' lang='grc' dir='ltr'><em>ἡμῶν</em></span> <span class='ocrx_word' id='word_1_219' title='bbox 987 1861 1115 1898; x_wconf 90' lang='lat' dir='ltr'>Chron.</span> <span class='ocrx_word' id='word_1_220' title='bbox 1231 1863 1265 1898; x_wconf 82' lang='lat'><em>3.</em></span> <span class='ocrx_word' id='word_1_221' title='bbox 1300 1859 1475 1907; x_wconf 71' lang='grc' dir='ltr'><em>εὐπορίας</em></span> <span class='ocrx_word' id='word_1_222' title='bbox 1497 1857 1633 1905; x_wconf 82' lang='grc' dir='ltr'><em>τύχην]</em></span> <span class='ocrx_word' id='word_1_223' title='bbox 1666 1859 1728 1896; x_wconf 77' lang='grc' dir='ltr'><em>καὶ</em></span> 
     </span>
    </p>
   </div>
   <div class='ocr_carea' id='block_1_3' title="bbox 361 1905 1725 2000">
    <p class='ocr_par' dir='ltr' id='par_1_3' title="bbox 361 1905 1725 2000">
     <span class='ocr_line' id='line_1_25' title="bbox 361 1905 1725 1953; baseline -0.004 -9"><span class='ocrx_word' id='word_1_224' title='bbox 361 1908 536 1953; x_wconf 78' lang='grc' dir='ltr'><em>εὐπορίας</em></span> <span class='ocrx_word' id='word_1_225' title='bbox 569 1913 689 1953; x_wconf 71' lang='grc' dir='ltr'><em>τυχεῖν</em></span> <span class='ocrx_word' id='word_1_226' title='bbox 722 1909 849 1942; x_wconf 87' lang='lat' dir='ltr'>Chron.</span> <span class='ocrx_word' id='word_1_227' title='bbox 989 1909 1044 1943; x_wconf 89' lang='lat'><em>18.</em></span> <span class='ocrx_word' id='word_1_228' title='bbox 1085 1905 1282 1947; x_wconf 78' lang='grc' dir='ltr'><em>κελεύσασα</em></span> <span class='ocrx_word' id='word_1_229' title='bbox 1321 1908 1408 1950; x_wconf 63' lang='lat' dir='ltr'><em>Ch„</em></span> <span class='ocrx_word' id='word_1_230' title='bbox 1449 1905 1620 1948; x_wconf 75' lang='grc' dir='ltr'><em>κελεύσας</em></span> <span class='ocrx_word' id='word_1_231' title='bbox 1658 1906 1725 1940; x_wconf 86' lang='lat' dir='ltr'><em>Ox.</em></span> 
     </span>
     <span class='ocr_line' id='line_1_26' title="bbox 361 1952 912 2000; baseline -0.004 -11"><span class='ocrx_word' id='word_1_232' title='bbox 361 1956 444 1990; x_wconf 78' lang='lat' dir='ltr'>ibid.</span> <span class='ocrx_word' id='word_1_233' title='bbox 468 1953 621 2000; x_wconf 73' lang='grc' dir='ltr'><em>αὐταῖς]</em></span> <span class='ocrx_word' id='word_1_234' title='bbox 646 1952 762 1999; x_wconf 66' lang='grc' dir='ltr'><em>αὐτῆς</em></span> <span class='ocrx_word' id='word_1_235' title='bbox 785 1955 912 1989; x_wconf 84' lang='lat' dir='ltr'>Chron.</span> 
     </span>
    </p>
   </div>
   <div class='ocr_carea' id='block_1_4' title="bbox 264 2040 1725 2909">
    <p class='ocr_par' dir='ltr' id='par_1_4' title="bbox 264 2040 1725 2909">
     <span class='ocr_line' id='line_1_27' title="bbox 267 2040 1725 2091; baseline -0.001 -13"><span class='ocrx_word' id='word_1_236' title='bbox 267 2044 381 2090; x_wconf 80' lang='lat' dir='ltr'><em>„Ego</em></span> <span class='ocrx_word' id='word_1_237' title='bbox 405 2045 513 2087; x_wconf 86' lang='lat' dir='ltr'>enim,</span> <span class='ocrx_word' id='word_1_238' title='bbox 546 2046 677 2091; x_wconf 86' lang='lat' dir='ltr'>inquit,</span> <span class='ocrx_word' id='word_1_239' title='bbox 709 2045 743 2080; x_wconf 91' lang='lat' dir='ltr'>in</span> <span class='ocrx_word' id='word_1_240' title='bbox 767 2056 969 2080; x_wconf 88' lang='lat' dir='ltr'>communem</span> <span class='ocrx_word' id='word_1_241' title='bbox 992 2047 1143 2079; x_wconf 86' lang='lat' dir='ltr'>nostrum</span> <span class='ocrx_word' id='word_1_242' title='bbox 1165 2045 1344 2079; x_wconf 83' lang='lat' dir='ltr'>Parentem</span> <span class='ocrx_word' id='word_1_243' title='bbox 1367 2042 1450 2077; x_wconf 88' lang='lat' dir='ltr'>nihil</span> <span class='ocrx_word' id='word_1_244' title='bbox 1474 2040 1640 2082; x_wconf 87' lang='lat' dir='ltr'>commisi,</span> <span class='ocrx_word' id='word_1_245' title='bbox 1674 2041 1725 2076; x_wconf 84' lang='lat' dir='ltr'><em>uti</em></span> 
     </span>
     <span class='ocr_line' id='line_1_28' title="bbox 268 2086 1724 2136; baseline -0.003 -11"><span class='ocrx_word' id='word_1_246' title='bbox 268 2102 329 2125; x_wconf 87' lang='lat' dir='ltr'><em>vos</em></span> <span class='ocrx_word' id='word_1_247' title='bbox 353 2092 459 2136; x_wconf 88' lang='lat' dir='ltr'>probe</span> <span class='ocrx_word' id='word_1_248' title='bbox 481 2091 603 2125; x_wconf 84' lang='lat' dir='ltr'>nostis:</span> <span class='ocrx_word' id='word_1_249' title='bbox 643 2103 706 2125; x_wconf 84' lang='lat' dir='ltr'>nec</span> <span class='ocrx_word' id='word_1_250' title='bbox 729 2091 810 2125; x_wconf 84' lang='lat' dir='ltr'>satis</span> <span class='ocrx_word' id='word_1_251' title='bbox 832 2091 922 2132; x_wconf 89' lang='lat' dir='ltr'>scio,</span> <span class='ocrx_word' id='word_1_252' title='bbox 958 2102 1026 2135; x_wconf 86' lang='lat' dir='ltr'>qua</span> <span class='ocrx_word' id='word_1_253' title='bbox 1049 2091 1185 2124; x_wconf 86' lang='lat' dir='ltr'>tandem</span> <span class='ocrx_word' id='word_1_254' title='bbox 1209 2101 1308 2124; x_wconf 85' lang='lat' dir='ltr'>causa</span> <span class='ocrx_word' id='word_1_255' title='bbox 1331 2089 1518 2128; x_wconf 82' lang='lat' dir='ltr'>adductus,</span> <span class='ocrx_word' id='word_1_256' title='bbox 1543 2086 1724 2121; x_wconf 82' lang='lat' dir='ltr'>moriturus</span> 
     </span>
     <span class='ocr_line' id='line_1_29' title="bbox 269 2135 1725 2181; baseline -0.003 -11"><span class='ocrx_word' id='word_1_257' title='bbox 269 2141 392 2181; x_wconf 86' lang='lat' dir='ltr'>pater,</span> <span class='ocrx_word' id='word_1_258' title='bbox 431 2137 523 2170; x_wconf 82' lang='lat' dir='ltr'>nulla</span> <span class='ocrx_word' id='word_1_259' title='bbox 544 2136 626 2170; x_wconf 90' lang='lat' dir='ltr'>mihi</span> <span class='ocrx_word' id='word_1_260' title='bbox 647 2137 816 2171; x_wconf 84' lang='lat' dir='ltr'>vobiscum</span> <span class='ocrx_word' id='word_1_261' title='bbox 839 2148 996 2171; x_wconf 87' lang='lat' dir='ltr'>concessa</span> <span class='ocrx_word' id='word_1_262' title='bbox 1019 2135 1218 2170; x_wconf 86' lang='lat' dir='ltr'>Patrimonii</span> <span class='ocrx_word' id='word_1_263' title='bbox 1242 2139 1354 2176; x_wconf 84' lang='lat' dir='ltr'><strong>sorte,</strong></span> <span class='ocrx_word' id='word_1_264' title='bbox 1389 2142 1553 2179; x_wconf 81' lang='lat' dir='ltr'>prospera</span> <span class='ocrx_word' id='word_1_265' title='bbox 1576 2144 1628 2166; x_wconf 90' lang='lat' dir='ltr'><em>me</em></span> <span class='ocrx_word' id='word_1_266' title='bbox 1649 2143 1725 2166; x_wconf 84' lang='lat' dir='ltr'><em>mea</em></span> 
     </span>
     <span class='ocr_line' id='line_1_30' title="bbox 267 2177 1724 2226; baseline -0.004 -10"><span class='ocrx_word' id='word_1_267' title='bbox 267 2182 337 2216; x_wconf 79' lang='lat' dir='ltr'>frui</span> <span class='ocrx_word' id='word_1_268' title='bbox 357 2182 533 2222; x_wconf 76' lang='lat' dir='ltr'>Fortuna,</span> <span class='ocrx_word' id='word_1_269' title='bbox 568 2186 644 2226; x_wconf 89' lang='lat' dir='ltr'>post</span> <span class='ocrx_word' id='word_1_270' title='bbox 666 2195 701 2216; x_wconf 90' lang='lat' dir='ltr'>se</span> <span class='ocrx_word' id='word_1_271' title='bbox 725 2187 888 2216; x_wconf 86' lang='lat' dir='ltr'>mortuum</span> <span class='ocrx_word' id='word_1_272' title='bbox 907 2183 1083 2226; x_wconf 84' lang='lat' dir='ltr'>juberet.“</span> <span class='ocrx_word' id='word_1_273' title='bbox 1129 2183 1175 2215; x_wconf 87' lang='lat' dir='ltr'>At</span> <span class='ocrx_word' id='word_1_274' title='bbox 1197 2182 1319 2214; x_wconf 80' lang='lat' dir='ltr'>fratres</span> <span class='ocrx_word' id='word_1_275' title='bbox 1351 2179 1387 2213; x_wconf 87' lang='lat' dir='ltr'>in</span> <span class='ocrx_word' id='word_1_276' title='bbox 1409 2177 1576 2213; x_wconf 79' lang='lat' dir='ltr'>sententia</span> <span class='ocrx_word' id='word_1_277' title='bbox 1599 2177 1724 2222; x_wconf 84' lang='lat' dir='ltr'>persti-</span> 
     </span>
     <span class='ocr_line' id='line_1_31' title="bbox 268 2222 1723 2273; baseline -0.005 -12"><span class='ocrx_word' id='word_1_278' title='bbox 268 2231 401 2269; x_wconf 77' lang='lat' dir='ltr'>terunt3</span> <span class='ocrx_word' id='word_1_279' title='bbox 438 2226 586 2272; x_wconf 85' lang='lat' dir='ltr'>iratique</span> <span class='ocrx_word' id='word_1_280' title='bbox 612 2227 713 2261; x_wconf 86' lang='lat' dir='ltr'>etiam</span> <span class='ocrx_word' id='word_1_281' title='bbox 736 2239 779 2261; x_wconf 83' lang='lat' dir='ltr'>ex</span> <span class='ocrx_word' id='word_1_282' title='bbox 803 2228 941 2262; x_wconf 87' lang='lat' dir='ltr'>aedibus</span> <span class='ocrx_word' id='word_1_283' title='bbox 966 2226 1134 2273; x_wconf 88' lang='lat' dir='ltr'>paternis,</span> <span class='ocrx_word' id='word_1_284' title='bbox 1158 2226 1216 2260; x_wconf 90' lang='lat' dir='ltr'>ubi</span> <span class='ocrx_word' id='word_1_285' title='bbox 1240 2237 1312 2260; x_wconf 89' lang='lat' dir='ltr'>cum</span> <span class='ocrx_word' id='word_1_286' title='bbox 1337 2224 1385 2259; x_wconf 91' lang='lat' dir='ltr'><em>eis</em></span> <span class='ocrx_word' id='word_1_287' title='bbox 1410 2222 1626 2264; x_wconf 82' lang='lat' dir='ltr'><strong>convixerat,</strong></span> <span class='ocrx_word' id='word_1_288' title='bbox 1650 2224 1723 2266; x_wconf 87' lang='lat' dir='ltr'>eje-</span> 
     </span>
     <span class='ocr_line' id='line_1_32' title="bbox 269 2268 1722 2317; baseline -0.004 -10"><span class='ocrx_word' id='word_1_289' title='bbox 269 2276 401 2307; x_wconf 87' lang='lat' dir='ltr'>cerunt.</span> <span class='ocrx_word' id='word_1_290' title='bbox 446 2272 568 2317; x_wconf 85' lang='lat' dir='ltr'>Itaque</span> <span class='ocrx_word' id='word_1_291' title='bbox 592 2273 725 2317; x_wconf 89' lang='lat' dir='ltr'>accepit</span> <span class='ocrx_word' id='word_1_292' title='bbox 747 2273 837 2306; x_wconf 84' lang='lat' dir='ltr'>illam</span> <span class='ocrx_word' id='word_1_293' title='bbox 860 2273 923 2307; x_wconf 89' lang='lat' dir='ltr'>sibi</span> <span class='ocrx_word' id='word_1_294' title='bbox 945 2276 1129 2307; x_wconf 81' lang='lat' dir='ltr'><strong>matertera</strong></span> <span class='ocrx_word' id='word_1_295' title='bbox 1152 2272 1244 2315; x_wconf 79' lang='lat' dir='ltr'>ejus3</span> <span class='ocrx_word' id='word_1_296' title='bbox 1278 2274 1404 2315; x_wconf 83' lang='lat' dir='ltr'>atque,</span> <span class='ocrx_word' id='word_1_297' title='bbox 1439 2279 1500 2302; x_wconf 91' lang='lat' dir='ltr'>ceu</span> <span class='ocrx_word' id='word_1_298' title='bbox 1526 2268 1722 2313; x_wconf 86' lang='lat' dir='ltr'>parentibus</span> 
     </span>
     <span class='ocr_line' id='line_1_33' title="bbox 268 2313 1722 2363; baseline -0.003 -10"><span class='ocrx_word' id='word_1_299' title='bbox 268 2319 386 2353; x_wconf 86' lang='lat' dir='ltr'>orbam</span> <span class='ocrx_word' id='word_1_300' title='bbox 410 2322 446 2352; x_wconf 92' lang='lat' dir='ltr'><em>et</em></span> <span class='ocrx_word' id='word_1_301' title='bbox 466 2317 650 2363; x_wconf 87' lang='lat' dir='ltr'>virginem,</span> <span class='ocrx_word' id='word_1_302' title='bbox 672 2321 786 2352; x_wconf 77' lang='lat' dir='ltr'>tutata</span> <span class='ocrx_word' id='word_1_303' title='bbox 809 2322 868 2352; x_wconf 90' lang='lat' dir='ltr'>est.</span> <span class='ocrx_word' id='word_1_304' title='bbox 917 2317 1239 2362; x_wconf 81' lang='lat' dir='ltr'>Constantinopolim</span> <span class='ocrx_word' id='word_1_305' title='bbox 1264 2316 1385 2350; x_wconf 88' lang='lat' dir='ltr'>deinde</span> <span class='ocrx_word' id='word_1_306' title='bbox 1409 2314 1569 2356; x_wconf 85' lang='lat' dir='ltr'>adduxit,</span> <span class='ocrx_word' id='word_1_307' title='bbox 1593 2313 1638 2347; x_wconf 85' lang='lat' dir='ltr'>ad</span> <span class='ocrx_word' id='word_1_308' title='bbox 1662 2325 1722 2348; x_wconf 89' lang='lat' dir='ltr'><em>co·-</em></span> 
     </span>
     <span class='ocr_line' id='line_1_34' title="bbox 268 2358 1722 2409; baseline -0.004 -12"><span class='ocrx_word' id='word_1_309' title='bbox 268 2369 407 2408; x_wconf 86' lang='lat' dir='ltr'>gnatam</span> <span class='ocrx_word' id='word_1_310' title='bbox 431 2363 550 2405; x_wconf 83' lang='lat' dir='ltr'>aliam,</span> <span class='ocrx_word' id='word_1_311' title='bbox 585 2362 726 2407; x_wconf 85' lang='lat' dir='ltr'>virginis</span> <span class='ocrx_word' id='word_1_312' title='bbox 748 2363 882 2397; x_wconf 87' lang='lat' dir='ltr'>amitam</span> <span class='ocrx_word' id='word_1_313' title='bbox 906 2364 1014 2409; x_wconf 86' lang='lat' dir='ltr'>patris</span> <span class='ocrx_word' id='word_1_314' title='bbox 1035 2364 1104 2407; x_wconf 82' lang='lat' dir='ltr'>ejus</span> <span class='ocrx_word' id='word_1_315' title='bbox 1127 2374 1283 2397; x_wconf 84' lang='lat' dir='ltr'>sororem.</span> <span class='ocrx_word' id='word_1_316' title='bbox 1329 2361 1404 2394; x_wconf 82' lang='lat' dir='ltr'><em>Hae</em></span> <span class='ocrx_word' id='word_1_317' title='bbox 1427 2370 1532 2400; x_wconf 77' lang='lat' dir='ltr'>vern,</span> <span class='ocrx_word' id='word_1_318' title='bbox 1556 2370 1656 2392; x_wconf 84' lang='lat' dir='ltr'>causa</span> <span class='ocrx_word' id='word_1_319' title='bbox 1677 2358 1722 2392; x_wconf 86' lang='lat' dir='ltr'><em>il-</em></span> 
     </span>
     <span class='ocr_line' id='line_1_35' title="bbox 268 2404 1720 2454; baseline -0.003 -12"><span class='ocrx_word' id='word_1_320' title='bbox 268 2409 332 2443; x_wconf 86' lang='lat' dir='ltr'>lius</span> <span class='ocrx_word' id='word_1_321' title='bbox 355 2413 527 2454; x_wconf 85' lang='lat' dir='ltr'>suscepta,</span> <span class='ocrx_word' id='word_1_322' title='bbox 564 2409 607 2442; x_wconf 85' lang='lat' dir='ltr'>ad</span> <span class='ocrx_word' id='word_1_323' title='bbox 632 2408 839 2444; x_wconf 84' lang='lat' dir='ltr'>Pulcheriam</span> <span class='ocrx_word' id='word_1_324' title='bbox 872 2411 1076 2452; x_wconf 79' lang='lat' dir='ltr'>Augustam,</span> <span class='ocrx_word' id='word_1_325' title='bbox 1118 2405 1304 2442; x_wconf 77' lang='lat' dir='ltr'>Theodosii</span> <span class='ocrx_word' id='word_1_326' title='bbox 1326 2404 1541 2451; x_wconf 87' lang='lat' dir='ltr'>Imperatoris</span> <span class='ocrx_word' id='word_1_327' title='bbox 1572 2415 1720 2439; x_wconf 88' lang='lat' dir='ltr'>sororem</span> 
     </span>
     <span class='ocr_line' id='line_1_36' title="bbox 268 2449 1720 2499; baseline -0.003 -11"><span class='ocrx_word' id='word_1_328' title='bbox 268 2454 526 2499; x_wconf 84' lang='lat' dir='ltr'>pientissimam‚</span> <span class='ocrx_word' id='word_1_329' title='bbox 548 2455 673 2488; x_wconf 81' lang='lat' dir='ltr'>fratres</span> <span class='ocrx_word' id='word_1_330' title='bbox 696 2465 770 2488; x_wconf 85' lang='lat' dir='ltr'>suos</span> <span class='ocrx_word' id='word_1_331' title='bbox 795 2453 851 2496; x_wconf 88' lang='lat' dir='ltr'>[de</span> <span class='ocrx_word' id='word_1_332' title='bbox 872 2454 967 2488; x_wconf 85' lang='lat' dir='ltr'>bonis</span> <span class='ocrx_word' id='word_1_333' title='bbox 991 2454 1156 2498; x_wconf 86' lang='lat' dir='ltr'>paternis]</span> <span class='ocrx_word' id='word_1_334' title='bbox 1181 2453 1441 2498; x_wconf 74' lang='lat' dir='ltr'>postulaturum,</span> <span class='ocrx_word' id='word_1_335' title='bbox 1475 2449 1598 2484; x_wconf 85' lang='lat' dir='ltr'>adduci</span> <span class='ocrx_word' id='word_1_336' title='bbox 1619 2461 1720 2484; x_wconf 89' lang='lat' dir='ltr'>cura-</span> 
     </span>
     <span class='ocr_line' id='line_1_37' title="bbox 267 2495 1719 2541; baseline -0.003 -8"><span class='ocrx_word' id='word_1_337' title='bbox 267 2505 403 2534; x_wconf 80' lang='lat' dir='ltr'>verunt.</span> <span class='ocrx_word' id='word_1_338' title='bbox 446 2500 510 2534; x_wconf 80' lang='lat' dir='ltr'>Illa</span> <span class='ocrx_word' id='word_1_339' title='bbox 531 2511 614 2534; x_wconf 84' lang='lat' dir='ltr'>vero</span> <span class='ocrx_word' id='word_1_340' title='bbox 638 2499 681 2533; x_wconf 84' lang='lat' dir='ltr'>ad</span> <span class='ocrx_word' id='word_1_341' title='bbox 703 2498 913 2533; x_wconf 85' lang='lat' dir='ltr'>Pulcheriam</span> <span class='ocrx_word' id='word_1_342' title='bbox 937 2499 1103 2541; x_wconf 83' lang='lat' dir='ltr'>adducta,</span> <span class='ocrx_word' id='word_1_343' title='bbox 1134 2498 1287 2532; x_wconf 87' lang='lat' dir='ltr'>oratione</span> <span class='ocrx_word' id='word_1_344' title='bbox 1309 2495 1526 2531; x_wconf 82' lang='lat' dir='ltr'>disertissima</span> <span class='ocrx_word' id='word_1_345' title='bbox 1550 2495 1719 2540; x_wconf 80' lang='lat' dir='ltr'>exposuit,</span> 
     </span>
     <span class='ocr_line' id='line_1_38' title="bbox 269 2541 1720 2598; baseline -0.004 -19"><span class='ocrx_word' id='word_1_346' title='bbox 269 2556 336 2598; x_wconf 73' lang='lat' dir='ltr'><em>quo</em></span> <span class='ocrx_word' id='word_1_347' title='bbox 362 2548 463 2590; x_wconf 85' lang='lat' dir='ltr'>pacto</span> <span class='ocrx_word' id='word_1_348' title='bbox 487 2557 508 2579; x_wconf 85' lang='lat' dir='ltr'>a</span> <span class='ocrx_word' id='word_1_349' title='bbox 529 2544 694 2579; x_wconf 82' lang='lat' dir='ltr'>fratribus</span> <span class='ocrx_word' id='word_1_350' title='bbox 716 2543 781 2579; x_wconf 84' lang='lat' dir='ltr'>suis</span> <span class='ocrx_word' id='word_1_351' title='bbox 803 2544 962 2587; x_wconf 85' lang='lat' dir='ltr'>injuriose</span> <span class='ocrx_word' id='word_1_352' title='bbox 985 2544 1101 2578; x_wconf 83' lang='lat' dir='ltr'>habita</span> <span class='ocrx_word' id='word_1_353' title='bbox 1123 2544 1239 2578; x_wconf 78' lang='lat' dir='ltr'>fuerit.</span> <span class='ocrx_word' id='word_1_354' title='bbox 1291 2542 1417 2576; x_wconf 85' lang='lat' dir='ltr'>Videns</span> <span class='ocrx_word' id='word_1_355' title='bbox 1440 2545 1552 2575; x_wconf 86' lang='lat' dir='ltr'>autem</span> <span class='ocrx_word' id='word_1_356' title='bbox 1573 2541 1720 2588; x_wconf 81' lang='lat' dir='ltr'>Pulche-</span> 
     </span>
     <span class='ocr_line' id='line_1_39' title="bbox 266 2585 1718 2635; baseline -0.003 -11"><span class='ocrx_word' id='word_1_357' title='bbox 266 2600 320 2624; x_wconf 76' lang='lat' dir='ltr'>ria</span> <span class='ocrx_word' id='word_1_358' title='bbox 339 2590 582 2632; x_wconf 85' lang='lat' dir='ltr'>Athenaidem‚</span> <span class='ocrx_word' id='word_1_359' title='bbox 606 2592 712 2624; x_wconf 87' lang='lat' dir='ltr'>forma</span> <span class='ocrx_word' id='word_1_360' title='bbox 733 2589 795 2623; x_wconf 84' lang='lat' dir='ltr'>tali</span> <span class='ocrx_word' id='word_1_361' title='bbox 819 2594 856 2623; x_wconf 91' lang='lat' dir='ltr'><em>et</em></span> <span class='ocrx_word' id='word_1_362' title='bbox 877 2589 1068 2623; x_wconf 84' lang='lat' dir='ltr'>eruditione</span> <span class='ocrx_word' id='word_1_363' title='bbox 1090 2589 1296 2635; x_wconf 81' lang='lat' dir='ltr'>praeditam,</span> <span class='ocrx_word' id='word_1_364' title='bbox 1331 2591 1491 2632; x_wconf 86' lang='lat' dir='ltr'>cognatas</span> <span class='ocrx_word' id='word_1_365' title='bbox 1515 2587 1586 2630; x_wconf 86' lang='lat' dir='ltr'>ejus</span> <span class='ocrx_word' id='word_1_366' title='bbox 1606 2585 1718 2620; x_wconf 83' lang='lat' dir='ltr'>iuter-</span> 
     </span>
     <span class='ocr_line' id='line_1_40' title="bbox 267 2633 1717 2679; baseline -0.003 -11"><span class='ocrx_word' id='word_1_367' title='bbox 267 2635 418 2679; x_wconf 82' lang='lat' dir='ltr'>rogavit,</span> <span class='ocrx_word' id='word_1_368' title='bbox 442 2635 538 2679; x_wconf 82' lang='lat' dir='ltr'>virgo</span> <span class='ocrx_word' id='word_1_369' title='bbox 561 2640 659 2676; x_wconf 86' lang='lat' dir='ltr'>esset,</span> <span class='ocrx_word' id='word_1_370' title='bbox 681 2635 814 2670; x_wconf 68' lang='lat' dir='ltr'>necne?</span> <span class='ocrx_word' id='word_1_371' title='bbox 836 2635 1005 2668; x_wconf 82' lang='lat' dir='ltr'>Dicebant</span> <span class='ocrx_word' id='word_1_372' title='bbox 1027 2636 1103 2677; x_wconf 89' lang='lat' dir='ltr'>hae,</span> <span class='ocrx_word' id='word_1_373' title='bbox 1128 2634 1294 2678; x_wconf 84' lang='lat' dir='ltr'>virginem</span> <span class='ocrx_word' id='word_1_374' title='bbox 1317 2646 1387 2668; x_wconf 87' lang='lat' dir='ltr'>esse</span> <span class='ocrx_word' id='word_1_375' title='bbox 1409 2633 1586 2672; x_wconf 85' lang='lat' dir='ltr'>intactam,</span> <span class='ocrx_word' id='word_1_376' title='bbox 1611 2643 1632 2665; x_wconf 85' lang='lat' dir='ltr'>a</span> <span class='ocrx_word' id='word_1_377' title='bbox 1653 2641 1717 2675; x_wconf 79' lang='lat' dir='ltr'>pa-</span> 
     </span>
     <span class='ocr_line' id='line_1_41' title="bbox 269 2676 1716 2731; baseline -0.003 -17"><span class='ocrx_word' id='word_1_378' title='bbox 269 2684 324 2714; x_wconf 81' lang='lat' dir='ltr'><em>tre</em></span> <span class='ocrx_word' id='word_1_379' title='bbox 346 2692 406 2716; x_wconf 86' lang='lat' dir='ltr'><em>suo</em></span> <span class='ocrx_word' id='word_1_380' title='bbox 429 2681 631 2726; x_wconf 85' lang='lat' dir='ltr'>Philosopbo</span> <span class='ocrx_word' id='word_1_381' title='bbox 656 2682 793 2715; x_wconf 83' lang='lat' dir='ltr'>Graeco</span> <span class='ocrx_word' id='word_1_382' title='bbox 817 2680 1027 2722; x_wconf 84' lang='lat' dir='ltr'>custoditam,</span> <span class='ocrx_word' id='word_1_383' title='bbox 1051 2684 1087 2714; x_wconf 88' lang='lat' dir='ltr'><em>et</em></span> <span class='ocrx_word' id='word_1_384' title='bbox 1108 2679 1345 2725; x_wconf 85' lang='lat' dir='ltr'>Philosophiae</span> <span class='ocrx_word' id='word_1_385' title='bbox 1368 2676 1560 2731; x_wconf 82' lang='lat' dir='ltr'>praeceptis</span> <span class='ocrx_word' id='word_1_386' title='bbox 1583 2676 1716 2710; x_wconf 86' lang='lat' dir='ltr'>abunde</span> 
     </span>
     <span class='ocr_line' id='line_1_42' title="bbox 266 2721 1715 2771; baseline -0.003 -12"><span class='ocrx_word' id='word_1_387' title='bbox 266 2726 346 2760; x_wconf 83' lang='lat' dir='ltr'>satis</span> <span class='ocrx_word' id='word_1_388' title='bbox 367 2725 538 2760; x_wconf 86' lang='lat' dir='ltr'>imbutam.</span> <span class='ocrx_word' id='word_1_389' title='bbox 593 2726 755 2771; x_wconf 86' lang='lat' dir='ltr'>Cognatis</span> <span class='ocrx_word' id='word_1_390' title='bbox 776 2726 892 2771; x_wconf 87' lang='lat' dir='ltr'>itaque</span> <span class='ocrx_word' id='word_1_391' title='bbox 914 2726 1004 2769; x_wconf 80' lang='lat' dir='ltr'>ejus,</span> <span class='ocrx_word' id='word_1_392' title='bbox 1040 2737 1107 2759; x_wconf 88' lang='lat' dir='ltr'>una</span> <span class='ocrx_word' id='word_1_393' title='bbox 1130 2736 1202 2759; x_wconf 91' lang='lat' dir='ltr'>cum</span> <span class='ocrx_word' id='word_1_394' title='bbox 1234 2725 1388 2770; x_wconf 84' lang='lat' dir='ltr'>virgine,</span> <span class='ocrx_word' id='word_1_395' title='bbox 1427 2721 1715 2757; x_wconf 73' lang='lat' dir='ltr'>Cubiculariorum</span> 
     </span>
     <span class='ocr_line' id='line_1_43' title="bbox 267 2767 1715 2816; baseline -0.003 -12"><span class='ocrx_word' id='word_1_396' title='bbox 267 2772 326 2804; x_wconf 85' lang='lat' dir='ltr'><em>sub</em></span> <span class='ocrx_word' id='word_1_397' title='bbox 349 2783 432 2805; x_wconf 88' lang='lat' dir='ltr'>cura</span> <span class='ocrx_word' id='word_1_398' title='bbox 453 2771 577 2806; x_wconf 86' lang='lat' dir='ltr'>ibidem</span> <span class='ocrx_word' id='word_1_399' title='bbox 602 2784 734 2806; x_wconf 77' lang='lat' dir='ltr'>manere</span> <span class='ocrx_word' id='word_1_400' title='bbox 753 2772 870 2816; x_wconf 81' lang='lat' dir='ltr'>jussis,</span> <span class='ocrx_word' id='word_1_401' title='bbox 907 2771 1090 2804; x_wconf 81' lang='lat' dir='ltr'>Pulcheria</span> <span class='ocrx_word' id='word_1_402' title='bbox 1112 2774 1285 2816; x_wconf 85' lang='lat' dir='ltr'>acceptum</span> <span class='ocrx_word' id='word_1_403' title='bbox 1321 2772 1364 2805; x_wconf 84' lang='lat' dir='ltr'>ab</span> <span class='ocrx_word' id='word_1_404' title='bbox 1388 2781 1429 2804; x_wconf 89' lang='lat' dir='ltr'><em>ea</em></span> <span class='ocrx_word' id='word_1_405' title='bbox 1450 2767 1614 2802; x_wconf 86' lang='lat' dir='ltr'>Libellum</span> <span class='ocrx_word' id='word_1_406' title='bbox 1636 2777 1715 2810; x_wconf 79' lang='lat' dir='ltr'>sup-</span> 
     </span>
     <span class='ocr_line' id='line_1_44' title="bbox 266 2810 1714 2860; baseline -0.003 -12"><span class='ocrx_word' id='word_1_407' title='bbox 266 2815 386 2860; x_wconf 87' lang='lat' dir='ltr'>plicem</span> <span class='ocrx_word' id='word_1_408' title='bbox 409 2816 453 2850; x_wconf 85' lang='lat' dir='ltr'>ad</span> <span class='ocrx_word' id='word_1_409' title='bbox 477 2817 704 2851; x_wconf 86' lang='lat' dir='ltr'>Theodosium</span> <span class='ocrx_word' id='word_1_410' title='bbox 726 2818 866 2851; x_wconf 78' lang='lat' dir='ltr'>fratrem</span> <span class='ocrx_word' id='word_1_411' title='bbox 888 2817 1086 2857; x_wconf 81' lang='lat' dir='ltr'>deferebat3</span> <span class='ocrx_word' id='word_1_412' title='bbox 1129 2816 1182 2850; x_wconf 91' lang='lat' dir='ltr'>cui</span> <span class='ocrx_word' id='word_1_413' title='bbox 1207 2816 1306 2850; x_wconf 85' lang='lat' dir='ltr'>etiam</span> <span class='ocrx_word' id='word_1_414' title='bbox 1329 2816 1434 2849; x_wconf 88' lang='lat' dir='ltr'>dixit:</span> <span class='ocrx_word' id='word_1_415' title='bbox 1477 2810 1627 2855; x_wconf 81' lang='lat' dir='ltr'>„Inveni</span> <span class='ocrx_word' id='word_1_416' title='bbox 1649 2810 1714 2844; x_wconf 81' lang='lat' dir='ltr'>tibi</span> 
     </span>
     <span class='ocr_line' id='line_1_45' title="bbox 264 2855 1714 2909; baseline -0.003 -14"><span class='ocrx_word' id='word_1_417' title='bbox 264 2861 432 2906; x_wconf 83' lang='lat' dir='ltr'>virginem</span> <span class='ocrx_word' id='word_1_418' title='bbox 455 2862 720 2906; x_wconf 86' lang='lat' dir='ltr'>Graecanicam,</span> <span class='ocrx_word' id='word_1_419' title='bbox 753 2862 950 2909; x_wconf 85' lang='lat' dir='ltr'>Philosophi</span> <span class='ocrx_word' id='word_1_420' title='bbox 974 2862 1146 2907; x_wconf 83' lang='lat' dir='ltr'>cujusdam</span> <span class='ocrx_word' id='word_1_421' title='bbox 1169 2862 1289 2904; x_wconf 83' lang='lat' dir='ltr'>filiam,</span> <span class='ocrx_word' id='word_1_422' title='bbox 1314 2867 1463 2897; x_wconf 82' lang='lat' dir='ltr'>teneram</span> <span class='ocrx_word' id='word_1_423' title='bbox 1487 2863 1522 2894; x_wconf 79' lang='lat' dir='ltr'>et</span> <span class='ocrx_word' id='word_1_424' title='bbox 1544 2855 1714 2893; x_wconf 80' lang='lat' dir='ltr'>formosis-</span> 
     </span>
    </p>
   </div>
  </div>
 </body>
</html>
