1838 3230
274 167 375 214 286
716 164 950 212 IOANNIS
978 167 1259 215 MALALAE

269 287 474 338 χηστικῶν
493 284 559 327 καὶ
576 287 657 327 τῶν
680 289 832 328 λοιπῶν
853 286 1036 344 τέρψεων
1052 293 1133 332 τῶν
1157 290 1199 332 ἓν
1218 287 1464 346 Πανδήμοις
1480 292 1736 349 ἐπιτελουμέ-

273 369 367 395 νων.
438 353 504 395 καὶ
524 351 659 395 ἔκτοτε
679 354 914 411 παρεσχὲθη
935 360 986 414 τῇ
1016 356 1119 415 αὐτῇ
1139 362 1220 400 τῶν
1235 358 1470 414 Ἀντιοχέων
1491 359 1603 404 πόλει
1623 362 1737 417 παρὰ

271 424 347 463 τοῦ
366 422 564 476 δημοσίου
588 420 809 476 ἀμέμπτως
835 423 888 466 τὰ
907 424 1188 481 χορηγούμενα
1210 425 1316 485 λόγῳ
1334 432 1417 470 τῶν
1436 430 1736 486 προειρημένων

270 492 458 546 θεωριῶν
477 486 624 532 πάντα.
696 492 762 533 καὶ
782 491 1009 548 ἀνέστησαν
1028 498 1085 553 τῷ
1110 495 1499 556 βασιλεῖΚομμόδῳ
1522 498 1560 541 οἳ
1574 497 1732 542 Ἀντιο-

265 563 352 612 χεΐς
372 554 524 612 στήλην
537 562 694 612 χαλκῆν
712 559 817 602 κατὰ
835 561 961 615 μέσου
988 566 1062 618 τῆς
1085 561 1238 614 πόλεως
1260 565 1408 609 αὐτῶν.
1481 566 1545 608 ἐπὶ
1566 561 1639 610 οὖν
1659 571 1766 623 τῆςό

271 625 399 668 αὐτοῦ
418 627 630 678 βασιλείας
648 626 825 683 πρώτοις
844 630 1087 687 ἐπετελέσθη
1109 632 1161 674 τὰ
1176 631 1381 688 Ὀλύμπια
1399 639 1485 684 τοῖς
1509 635 1736 691 Ἀντιοχεῦ-

216 703 247 738 C
271 709 312 736 σι
334 691 483 751 Σύροις
504 693 583 737 ἀπὸ
602 697 722 747 θείας
745 696 872 740 αὐτοῦ
884 730 896 751 ,
934 696 989 748 ὥς
1012 701 1270 757 προείρηται,
1308 699 1524 753 κελεύσεως
1542 702 1658 754 ἴτους
1674 701 1735 755 σξ’

265 763 588 818 χρηματίζοντος
599 764 702 808 κατὰ
716 765 813 816 τοὺς
824 766 974 817 αὖτοὺς
986 767 1199 823 Ἀντιοχεῖς
1210 768 1371 826 Σύρους
1381 771 1423 813 ἓν
1432 775 1489 829 τῷ
1499 771 1593 827 παρ’
1608 771 1735 815 αὐτοῦ

270 831 476 874 κτισθέντι
498 830 664 891 Ξυστῷ.
734 832 943 890 ἠγόρασαν
966 837 1011 879 δὲ
1033 836 1085 879 τὰ
1107 836 1213 880 αὐτὰ
1235 836 1439 892 Ὀλύμπια
1463 840 1502 882 οἳ
1521 839 1736 896 Ἀντιοχεῖς

269 900 383 955 παρὰ
402 904 484 943 τῶν
493 902 683 945 Πισαίων
700 907 774 958 τῆς
792 901 986 954 Ἑλλάδος
1006 905 1072 947 ἐπ’
1100 903 1334 960 ἐνενήκοντα
1345 905 1558 965 περιόδους
1580 909 1735 965 ἀγῶνος
1746 917 1790 952 10

263 967 520 1023 Ὀλυμπίων,
559 968 613 1020 ὥς
633 969 734 1013 εἶναι
754 972 817 1014 ἐπὶ
842 971 909 1028 ξ’τη
927 971 1001 1026 τξ’,
1037 972 1207 1032 ἀγράφῳ
1233 972 1388 1034 πάκτῳ.

372 1040 458 1081 Καὶ
477 1038 626 1094 ἐγένετο
656 1039 696 1082 ἔν
715 1040 820 1098 αὐτῇ
840 1040 1060 1101 Ἀντιοχείᾳ
1095 1040 1326 1099 ἀλυτάρχης
1355 1044 1397 1086 ἓν
1425 1047 1477 1102 τῇ
1512 1042 1617 1102 αὐτῇ
1637 1045 1734 1104 θεία

120 1112 153 1146 O
177 1112 246 1148 376
270 1103 443 1150 κελεύσει
474 1106 722 1161 ὀνομασθεὶς
747 1114 909 1165 πρῶτος
926 1109 1142 1168 Ἀφρόνιος
1171 1109 1191 1154 ὃ
1222 1111 1301 1154 ἀπὸ
1323 1110 1530 1169 ἐπάρχων,
1567 1113 1735 1168 πολίτης

262 1172 499 1230 Ἀντιοχεύς.
547 1174 657 1226 ὅστις
674 1178 854 1234 φορέσας
874 1179 921 1221 τὸ
941 1184 1079 1234 σχῆμα
1097 1184 1170 1223 τοῦ
1194 1178 1426 1238 ἅλυτάρχου
1447 1180 1522 1230 τὰς
1537 1182 1612 1236 μὲν
1633 1178 1734 1236 ἡμέ-

269 1261 344 1300 ρας
366 1245 532 1298 ἕτιμᾶτο
552 1246 618 1286 καὶ
638 1253 916 1301 προσεκυνεῖτο
940 1246 994 1298 ὥς
1014 1248 1138 1298 αὐτὸς
1162 1247 1183 1291 ὃ
1205 1247 1332 1302 Ζεύς,
1369 1249 1428 1304 μὴ
1458 1249 1581 1292 ἀνιὼν
1609 1250 1655 1292 δὲ
1676 1250 1731 1299 εἷς
1746 1254 1788 1290 15

210 1316 241 1350 D
268 1310 378 1356 οἶκον
411 1312 485 1362 τὰς
517 1311 647 1363 αὐτὰς
676 1312 830 1369 ἧμέρας
856 1313 959 1370 μήτε
992 1318 1047 1366 εἷς
1078 1319 1215 1372 κλίνην
1251 1317 1509 1370 ἀναπίπτων,
1548 1317 1644 1360 ἄλλ’
1680 1319 1736 1368 εἷς

267 1378 431 1438 ἐξάερον
449 1378 664 1425 καθεύδων
685 1384 740 1432 εἷς
760 1382 912 1440 ἔδαφος
940 1382 1126 1440 ὑπεράνω
1144 1387 1274 1428 λίθων
1295 1387 1362 1428 καὶ
1378 1390 1579 1442 καθαρῶν
1599 1402 1734 1441 στρω-

266 1447 409 1504 μάτων
431 1451 498 1492 καὶ
520 1453 694 1506 θρυί’“νης
713 1449 891 1506 ψιάθου.
939 1450 1074 1510 ἐφόρει
1094 1454 1138 1496 δὲ
1159 1454 1308 1509 στολὴν
1330 1451 1550 1511 διάχρυσον
1573 1453 1733 1510 ὄίσπρην

268 1516 362 1561 ὡσεὶ
387 1518 487 1573 χιὼν
520 1520 586 1560 καὶ
621 1519 823 1575 στέφανον
857 1520 936 1563 ἀπὸ
966 1525 1163 1576 λυχνιτῶν
1203 1524 1268 1564 καὶ
1299 1521 1434 1565 ἄλλων
1461 1523 1627 1577 τιμίων,
1665 1523 1732 1564 καὶ

266 1592 420 1641 κατεῖχε
443 1583 601 1644 ῥάβδον
625 1588 803 1644 ἓβελίνην
816 1622 830 1642 ,
869 1593 1009 1647 φορῶν
1029 1592 1083 1640 εἷς
1104 1590 1202 1640 τούς
1231 1591 1359 1640 ἰδίους
1379 1588 1510 1640 πόδας
1529 1587 1730 1633 σανδάλια
1741 1604 1788 1639 20

358 1719 393 1754 6.
423 1714 634 1763 ἐπιτελὲσθη
659 1720 730 1755 Ox.
844 1721 878 1757 7.
911 1718 1014 1760 ἔτους
1037 1718 1099 1764 σέ.
1121 1722 1411 1766 χρηματίζοντος
1433 1718 1527 1757 κατὰ
1550 1718 1639 1761 τοῦς
1661 1717 1733 1756 αὖ-

357 1762 445 1804 τοὺς
464 1760 673 1810 Ἀντιοχεῖς]
707 1766 854 1808 „Error
875 1766 1075 1801 manifestus
1099 1773 1154 1802 est
1174 1768 1209 1802 in
1232 1780 1389 1803 numeroe
1427 1779 1534 1807 comt„
1553 1766 1641 1801 enim
1664 1769 1732 1801 Ae-

357 1821 418 1844 rae
442 1810 671 1846 Antiochenae
694 1823 800 1846 annus
824 1814 1012 1856 respondet
1030 1813 1230 1848 caracallae
1254 1815 1377 1860 Imper.
1401 1825 1488 1848 anno
1514 1823 1560 1854 11,
1595 1816 1634 1846 ut
1655 1813 1741 1847 Em:

355 1855 467 1890 sebius
504 1861 626 1902 putat;
662 1869 821 1892 annorum
852 1858 985 1893 scilicet
1016 1859 1060 1892 ad
1090 1859 1257 1895 minimum
1280 1872 1337 1894 xx.
1361 1860 1454 1894 facto
1487 1858 1731 1892 metachronis-

357 1904 449 1935 mo.“
474 1902 537 1936 Ch.
655 1907 710 1940 10.
733 1902 972 1949 ἐνενήκοντα]
1006 1901 1039 1945 ¹7¹
1063 1905 1131 1938 Ox·
1268 1908 1322 1942 12.
1354 1903 1549 1947 ἄλιτάρχης
1572 1904 1639 1939 Ox.
1665 1903 1730 1937 bis-

355 1944 643 2038 ggiffpodvgs]
673 1947 872 1997 Ἀφράνιος
907 1950 975 1986 vol.
998 1951 1044 1985 11.
1068 1963 1104 1996 p.
1129 1948 1187 1988 49.
1210 1951 1252 1987 C.
1366 1953 1423 1988 20.
1455 1948 1620 1997 ἐβελίνην
1644 1949 1732 1991 ch„

398 2005 414 2029 ε
456 2007 539 2039 ινην
598 2007 630 2030 x.

267 2105 387 2152 gavit3
423 2111 630 2152 caeteraque
653 2108 689 2143 id
711 2121 819 2154 genus
842 2110 995 2153 ludicra,
1016 2109 1140 2156 populo
1165 2109 1318 2145 exhiberi
1340 2109 1453 2145 solita.
1500 2109 1732 2153 Quaecunque

268 2152 374 2197 igitur
397 2153 441 2188 ad
465 2153 578 2187 Ludos
610 2154 686 2188 illos
709 2156 897 2191 antedictos
921 2156 1115 2191 necessaria
1150 2160 1269 2198 erant,
1305 2168 1346 2191 ea
1369 2155 1479 2191 omnia
1500 2155 1535 2189 in
1558 2157 1731 2200 posterum

268 2197 506 2241 Antiochenis‚
531 2210 572 2232 ex
595 2200 728 2234 aerario
753 2202 908 2246 publico,
932 2202 999 2236 rite
1020 2201 1239 2248 suppeditata
1262 2207 1351 2236 sunt.
1398 2201 1640 2236 Antiochenses
1662 2198 1731 2232 ita-

268 2257 337 2290 que
356 2245 558 2290 Imperatori
578 2245 759 2280 Commodo
775 2252 922 2281 statuam
942 2259 1086 2289 aeream,
1110 2246 1253 2282 urbisin
1272 2247 1395 2289 medio,
1418 2251 1611 2282 erexerunt.
1660 2245 1730 2278 An·

267 2302 311 2324 no
336 2296 447 2325 autem
471 2292 580 2326 Aerae
603 2292 831 2326 Antiochenae
856 2305 969 2335 ccnx,
993 2293 1108 2327 divino
1131 2293 1349 2338 Imperatoris
1371 2305 1413 2327 ex
1436 2292 1574 2332 Edicto,
1597 2289 1649 2324 uti
1672 2300 1730 2323 su-

266 2337 384 2382 perius
403 2337 550 2378 dictum,
586 2337 672 2372 Ludi
690 2338 861 2383 Olympici
880 2339 1081 2373 Antiochiae
1097 2338 1132 2372 in
1153 2340 1285 2383 Xysto,
1324 2351 1344 2373 a
1360 2337 1541 2372 Commodo
1562 2338 1730 2378 extructo,

267 2382 409 2428 primum
435 2383 610 2418 celebrata
638 2386 728 2418 sunt.
775 2383 889 2417 Ludos
910 2396 992 2418 vero
1020 2386 1124 2419 hosce
1142 2385 1339 2430 Olympicus
1358 2383 1603 2418 Antiochenses
1627 2393 1648 2415 a
1670 2379 1731 2435 ξί-

265 2428 355 2462 sacis
379 2429 491 2474 pretio
516 2430 610 2472 dato,
642 2441 685 2463 ex
708 2434 810 2475 pacto
836 2441 901 2463 non
925 2430 1067 2474 scripto,
1094 2430 1286 2465 habuerunt
1309 2429 1374 2465 sibi
1396 2439 1459 2475 per
1481 2439 1525 2462 xc
1550 2427 1730 2473 Olympia-

266 2473 327 2508 des
350 2475 595 2516 celebrandos,
619 2477 683 2510 hoc
706 2479 778 2517 est,
803 2474 837 2508 in
862 2486 966 2509 annos
991 2487 1112 2509 οπως.

355 2520 486 2555 Eodem
508 2533 551 2555 ex
574 2522 699 2556 Edicto
723 2521 968 2566 Imperatorio,
994 2521 1175 2554 Alitarcha
1199 2525 1269 2555 tum
1291 2518 1434 2564 primum
1458 2518 1655 2563 designatus
1675 2519 1730 2552 est

264 2565 475 2611 Aphronius,
505 2567 775 2613 Expraefectus,
810 2565 894 2600 civis
918 2566 1166 2600 Antiochenusz
1201 2565 1273 2606 cui,
1297 2564 1454 2609 quamdiu
1477 2565 1632 2598 habitum
1654 2563 1729 2597 Ali-

263 2613 406 2646 tarchae
429 2617 602 2657 gestaret,
637 2615 782 2648 honores
805 2611 910 2646 divini
934 2612 977 2645 ab
1002 2612 1154 2646 omnibus
1177 2611 1442 2652 deferebantur,
1465 2615 1626 2654 tanquam
1648 2608 1728 2642 Jovi

262 2655 342 2701 ipsi.
389 2659 433 2691 At
457 2669 586 2703 neque,
625 2671 688 2703 per
710 2662 818 2693 totum
840 2657 923 2692 illud
946 2661 1100 2702 tempus,
1139 2656 1269 2691 domum
1293 2656 1440 2700 aliquam
1465 2655 1587 2697 subiit,
1617 2665 1728 2708 neque

263 2701 352 2736 lecto
377 2715 452 2738 sese
474 2704 673 2740 reclinavit:
707 2705 769 2739 sed
793 2704 902 2745 humi,
925 2703 987 2737 sub
1010 2702 1066 2736 dio
1091 2701 1278 2743 dormiens,
1303 2701 1486 2736 substratis
1509 2701 1541 2735 ei
1564 2699 1727 2744 straguhs

263 2748 397 2783 mundis
430 2754 466 2784 et
489 2754 605 2786 storea
623 2752 768 2795 juncea,
817 2760 920 2795 super
941 2748 1111 2793 lapidibus
1141 2748 1370 2782 recumbebat.
1427 2745 1592 2782 Gestavit
1615 2749 1726 2779 autem

264 2794 384 2828 stolam
407 2794 598 2831 inauratam
621 2800 657 2830 et
685 2796 775 2830 nivis
796 2795 906 2830 instar
929 2793 1128 2835 candidam3
1175 2797 1280 2839 caput
1301 2804 1446 2836 corona,
1487 2791 1726 2838 Lychnitibus‚

265 2838 486 2885 Margaritis,
509 2842 653 2888 aliisque
671 2841 796 2888 lapillis
815 2839 976 2888 pretiosis
993 2839 1178 2885 insignita,
1200 2839 1354 2874 cinctus:
1385 2850 1485 2874 manu
1506 2838 1726 2881 vero-gesta—
