1838 3230
259 198 359 245 306
660 158 943 237 loANle
973 191 1316 243 MALALAE

263 314 435 372 φθονῶν
458 311 598 363 αὐτοῖς
617 310 870 369 ἔκαρτὲρησε.
941 313 1007 354 καὶ
1025 312 1129 367 μετὰ
1145 311 1193 355 τὸ
1217 312 1394 363 ἐξελθεῖν
1411 311 1484 355 τὸν
1499 305 1624 355 αὐτὸν
1642 316 1725 366 βα-

260 382 374 426 σιλέα
400 384 583 437 Καρῖνον
612 381 655 423 ἐκ
685 383 767 423 τῶν
795 382 1064 436 Κυρηστικῶν
1093 382 1148 430 εἷς
1176 380 1229 422 τὰ
1247 379 1434 437 Περσικὰ
1464 378 1612 439 δόλῳ-ὁ
1637 381 1725 423 ἔπι-

261 448 413 505 στάτης
436 453 518 492 τῶν
538 447 660 504 ἁγίων
684 450 837 502 Κοσμᾶ
863 449 930 490 καὶ
946 450 1164 503 Δαμιανοῢ
1183 448 1324 503 λαβὼν
1354 447 1504 500 αὐτοὺς
1519 447 1623 503 μετὰ
1641 451 1724 491 τῶν

262 519 376 561 ἰδίων
395 516 522 560 αὐτοῦ
548 513 782 573 ἀνθρώπων
802 517 844 559 ἐν
864 522 950 566 τοῖς
974 516 1106 573 ὄρεσιν
1129 514 1363 572 ἕκρήμνισεν
1384 514 1548 569 αὐτούς,
1578 513 1635 566 ὥς
1653 515 1725 559 ὅν·-

237 589 337 636 ’τας
358 586 401 628 ἐκ
419 588 493 627 τοῦ
515 582 719 640 δόγματος
743 588 826 628 τῶν
843 589 1108 642 χριστιανῶν,
1146 586 1213 627 καὶ
1245 582 1376 635 οὕτως
1399 585 1438 627 οἱ
1472 585 1618 627 δίκαιοι
1639 584 1757 631 ἔτει-5

262 651 508 708 λειώθησαν.

113 730 146 764 O
171 726 241 766 406
357 722 424 764 Ἐν
444 722 488 763 δὲ
506 724 565 779 τῷ
585 718 698 778 μέσῳ
712 716 848 778 χρόνῳ
867 723 941 762 τοῦ
966 719 1143 775 πολέμου
1164 718 1185 764 ὅ
1209 718 1331 770 αὐτὸς
1351 722 1532 777 Καρΐνος
1558 722 1724 780 τελευτᾷ

265 790 353 849 Mla)
378 787 551 847 θανάτῳ
565 821 577 841 ,
617 787 673 831 ὢν
692 788 886 830 ἐνιαυτῶν
906 785 984 842 λβ’.

210 870 240 904 c
363 857 489 901 Μετὰ
539 857 582 899 δὲ
613 856 688 910 τὴν
717 856 928 910 βασιλείαν
955 856 1138 911 Καρίνου
1169 856 1401 910 ἐβασίλευσε
1432 853 1726 909 Διοκλητιανός

262 926 331 982 ξ’τη
353 923 387 968 κ’
408 927 473 967 καὶ
491 929 626 979 μῆνας
644 921 704 967 θ’.
775 919 826 979 ἦν
850 924 894 966 δὲ
916 921 1096 980 μακρός,
1135 922 1300 975 λεπτός,
1339 921 1535 980 ξήροψις,
1574 920 1723 966 ὄλοπό-
1736 934 1781 968 10

264 999 349 1044 λιος
368 994 440 1048 τὴν
463 991 592 1048 κάραν
615 991 752 1035 καὶτὸ
772 992 940 1048 γένειον,
978 991 1118 1041 λευκὸς
1136 995 1192 1050 τῷ
1210 989 1382 1045 σώματι,
1418 988 1606 1046 γλαυκός,
1643 1008 1725 1032 πα-

259 1060 439 1118 χύρινυς,
474 1058 716 1117 ὖπόκυρτος,
752 1058 1040 1117 μεγαλόψυχος
1068 1057 1174 1103 πάνυ
1196 1061 1262 1101 καὶ
1282 1060 1553 1116 φιλοκτίστης.
1624 1057 1725 1114 ἀνη-

262 1128 442 1188 γορεύθη
466 1129 509 1171 δὲ
526 1128 718 1183 βασιλεὺς
735 1128 796 1170 ἐπὶ
818 1133 892 1184 τῆς
911 1126 1104 1178 ὑπατείας
1125 1124 1295 1171 Βάσσου
1314 1128 1379 1170 καὶ
1399 1129 1644 1170 Κυντιανοῢ.

363 1198 453 1240 Ἐπὶ
483 1197 527 1239 δὲ
555 1200 629 1251 τῆς
652 1196 777 1239 αὐτοῦ
798 1196 1007 1251 βασιλείας
1030 1196 1178 1252 ἐγένετο
1201 1193 1346 1245 σκότος
1369 1194 1470 1251 μέγα
1490 1199 1626 1238 πᾶσαν
1652 1193 1726 1250 τὴν

265 1264 443 1322 ἡμέραν·
479 1264 582 1319 μετὰ
609 1265 652 1307 δὲ
676 1265 768 1320 τριά
790 1264 859 1320 ἔτη
881 1269 956 1314 τῗς
973 1265 1183 1318 βασιλείας
1203 1264 1331 1306 αὐτοῦ
1353 1264 1512 1318 ἐποίησε
1531 1263 1725 1318 Καίσαρα
1738 1273 1781 1309 15

263 1333 336 1378 τὸν
374 1333 462 1375 υἱὸν
505 1332 632 1375 αἰτοῦ
669 1331 933 1385 Μαξιμιανόν
966 1332 1037 1374 τὸν
1077 1333 1143 1374 καὶ
1178 1329 1498 1389 Ἑρκουλλιανόν.
1569 1334 1651 1374 τῶν
1683 1331 1728 1373 δὲ

265 1405 440 1458 Περσῶν
472 1398 722 1455 κινησάντων
749 1398 1016 1454 ὁπλισάμενος
1046 1397 1067 1441 ὃ
1096 1398 1390 1454 Διοκλητιανὸς
1414 1396 1737 1456 ἐπεστράτευσεν

267 1469 355 1525 ἅμα
372 1473 431 1527 τῷ
451 1471 714 1527 Μαξιμιανῷ.
786 1470 851 1511 καὶ
870 1465 1125 1525 φθασάντων
1144 1471 1224 1510 τῶν
1243 1467 1379 1509 αὐτῶν
1390 1465 1633 1521 Ἀντιόχειαν
1652 1465 1726 1520 τὴν

266 1535 466 1593 μεγάλην,
505 1535 680 1591 ἔπεμψεν
714 1534 735 1579 ὅ
769 1536 892 1586 αὐτὸς
923 1535 1219 1590 Διοκλητιανὸς
1238 1534 1502 1589 Μαξιμιανὸν
1527 1534 1598 1577 τὸν
1618 1535 1726 1577 Καί-

214 1615 247 1651 Ι)
270 1622 381 1662 σαρα
406 1603 511 1647 κατὰ
540 1607 716 1661 Περσῶν
739 1605 805 1646 καὶ
833 1603 980 1658 ἔμεινεν
1004 1601 1026 1646 ὅ
1049 1602 1172 1653 αὐτὸς
1193 1601 1486 1658 Διοκλητιανός
1516 1603 1557 1645 ἓν
1572 1602 1783 1648 >into-20

264 1675 369 1733 χείᾳ.
439 1674 504 1715 καὶ
527 1671 675 1715 ἔκτισεν
697 1674 778 1714 ἐκεῖ
799 1670 995 1714 παλάτιον
1014 1671 1130 1726 μέγα,
1156 1669 1282 1727 εὖρὼν
1301 1672 1516 1726 θεμελίους
1534 1670 1729 1719 τεθέντας

268 1739 409 1802 πρῴην
429 1741 502 1796 μὲν
519 1738 598 1783 ’ὗπό
618 1743 658 1782 Γ
655 1744 846 1795 αλλιηνοῧ
870 1745 942 1783 τοῦ
964 1741 1030 1782 καὶ
1049 1742 1327 1798 Λικιννιανοῧ.
1399 1738 1526 1781 ἔκτισε
1545 1739 1590 1780 δὲ
1610 1735 1632 1781 ὅ
1652 1737 1729 1780 αὖ-

359 1828 394 1863 2.
428 1823 524 1873 δόλῳ
548 1826 636 1868 ch„
668 1823 782 1862 δόλου
807 1827 877 1861 ΟΧ.
1009 1824 1044 1860 4.
1077 1822 1286 1870 ἐκρήμνισεν
1310 1823 1397 1865 Ch„
1432 1821 1636 1868 ἐκρέμνισεν
1659 1823 1727 1859 Ox*-

360 1874 415 1908 16.
447 1871 514 1907 τὸν
535 1872 598 1907 καὶ
616 1869 918 1917 Ἑρκουλλιανόν]
956 1868 1197 1915 ,,Ἑρκούλιος
1220 1870 1294 1904 aliis
1317 1869 1487 1911 omnibus,
1522 1875 1591 1903 tam
1614 1869 1728 1903 Grae-

361 1917 438 1996 cis,1
443 1929 561 1998 διὲυειὸι
589 1917 739 1960 Latinis,
774 1923 879 1964 atque
910 1917 1011 1953 etiam
1042 1918 1171 1952 Nostro
1203 1915 1295 1950 infra
1317 1915 1426 1950 dictus
1449 1918 1536 1950 est.“
1571 1914 1637 1949 Ch.
1682 1914 1726 1948 V,

336 1974 395 2008 ,p.
489 1987 498 1997 .
556 1988 565 1997 .

271 2033 345 2065 ctus
367 2041 489 2064 summe
512 2042 569 2065 eos
591 2029 713 2066 invisos
737 2031 874 2065 habuit:
918 2031 1028 2072 Quam
1052 2030 1192 2076 primum
1214 2039 1296 2064 vero
1320 2028 1512 2074 Imperator
1533 2038 1574 2061 ex
1599 2027 1728 2072 Cyrre-

270 2076 356 2110 stica
379 2076 520 2119 regione
541 2075 576 2108 in
599 2076 771 2111 Persidem
794 2077 1004 2118 discesserat,
1029 2076 1135 2110 servis
1157 2075 1223 2110 suis
1245 2074 1400 2128 stipatus,
1424 2084 1487 2118 per
1509 2073 1621 2108 dolum
1639 2074 1729 2108 San-

273 2125 345 2155 ctos
376 2119 451 2154 illos
476 2121 520 2154 ad
551 2125 678 2155 montes
702 2123 885 2163 abductos,
928 2128 1087 2167 tanquam
1119 2119 1306 2154 Christiani
1335 2118 1499 2163 dogmatis
1532 2122 1728 2161 sectatores,

271 2165 479 2212 praecipites
502 2165 608 2199 dedit.
656 2167 775 2202 Talem
798 2167 918 2212 itaque
940 2167 1033 2201 vitae
1056 2166 1179 2200 exitum
1202 2163 1290 2199 Justi
1310 2164 1346 2198 hi
1369 2165 1571 2199 habuerunt.

362 2211 551 2256 Imperator
573 2215 682 2246 autem
701 2212 859 2255 carinus,
884 2213 995 2248 medio
1017 2211 1099 2247 belli
1120 2216 1284 2255 tempore,
1307 2213 1450 2244 naturae
1467 2208 1640 2253 concessit,
1665 2221 1727 2244 an-

273 2267 333 2291 nos
354 2261 455 2290 natus
478 2266 583 2290 xxm.

364 2301 524 2336 Carinum
547 2301 683 2347 excepit
704 2301 956 2346 Diocletianus3
981 2302 1039 2349 qui
1062 2300 1242 2348 imperavit
1265 2311 1369 2335 annos
1391 2310 1455 2341 XX,
1478 2303 1515 2334 et
1536 2310 1662 2334 menses
1678 2310 1727 2334 1x.

273 2348 364 2382 Erat
385 2346 443 2380 hic
465 2358 639 2392 procerus,
670 2347 820 2392 gracilis,
842 2349 931 2383 facie
954 2349 1148 2389 macilenta,
1186 2346 1311 2391 capite,
1334 2345 1510 2389 barbaque
1533 2356 1646 2387 canus,
1669 2357 1729 2380 co·-

274 2393 349 2427 lore
371 2391 524 2437 corporis
547 2392 706 2437 pallente,
740 2393 846 2427 oculis
869 2395 999 2435 caesiis,
1032 2405 1113 2428 naso
1138 2403 1263 2434 crasso,
1286 2391 1480 2431 subcurvus,
1510 2401 1633 2424 summe
1654 2402 1728 2425 ma-

275 2437 470 2481 gnanimus,
504 2437 772 2483 aedificandique
794 2438 1061 2483 studiosissimus.
1108 2438 1296 2484 Imperator
1325 2446 1408 2470 vero
1437 2434 1632 2480 designatus
1662 2439 1727 2479 est,

279 2484 384 2517 Basso
408 2488 445 2517 et
468 2483 654 2524 Quintiano
678 2483 770 2518 Coss.
1047 2481 1056 2491 ’
1410 2521 1412 2523 ,

367 2528 443 2562 Hoc
478 2528 694 2573 Imm-ante,
730 2529 892 2564 tenebrae
925 2529 1114 2574 profundae
1143 2538 1207 2574 per
1229 2526 1317 2560 diem
1338 2525 1509 2570 integrum
1532 2525 1607 2561 orbi
1629 2525 1727 2560 inca-

275 2573 429 2607 buerunt.
476 2573 598 2608 Tertio
621 2577 727 2609 autem
750 2574 881 2620 imperii
904 2576 989 2609 anno
1014 2579 1154 2616 exacto,
1192 2570 1430 2606 Maximianum
1452 2571 1578 2612 filium,
1611 2571 1668 2616 qui
1691 2574 1727 2606 et

275 2618 511 2660 Herculianus,
535 2619 716 2654 Caesarem
739 2619 879 2654 creavit.
924 2619 1034 2654 Persis
1054 2623 1164 2654 autem
1188 2628 1280 2652 arma
1302 2616 1516 2659 sumentibus,
1539 2616 1727 2651 Diocletia-

276 2674 348 2704 nus,
374 2675 446 2697 cum
463 2664 682 2707 Maximiano,
705 2665 741 2699 in
765 2677 822 2700 eos
844 2666 1014 2709 profectus
1038 2668 1098 2699 est.
1143 2664 1212 2698 Per
1235 2661 1445 2696 Antiochiam
1467 2673 1550 2696 vero
1573 2672 1725 2706 magnam

277 2709 370 2742 facto
392 2708 536 2751 itinere,
558 2710 808 2752 Diocletianus,
832 2709 1037 2745 Maximiano
1062 2711 1180 2744 contra
1202 2708 1323 2742 Persas
1346 2707 1461 2748 misso,
1487 2707 1611 2741 ibidem
1634 2718 1725 2742 com-

276 2758 423 2787 moratus
446 2759 516 2788 est:
550 2755 608 2789 ubi
631 2755 733 2790 etiam
755 2756 920 2791 Palatium
941 2755 1060 2800 ingens
1083 2754 1254 2795 extruxit,
1284 2753 1430 2787 inventis
1453 2753 1502 2787 ibi
1522 2752 1624 2796 jactis
1645 2751 1724 2786 olim

278 2808 299 2831 a
331 2799 488 2833 Gallieno
518 2800 716 2835 Licinniano
748 2800 982 2835 fundamentis.
1039 2800 1198 2834 Balneum
1230 2799 1331 2834 etiam
1364 2798 1539 2832 Publicum
1568 2797 1659 2832 urbis
1687 2795 1724 2829 in

278 2842 421 2888 planicie
451 2846 622 2890 extruxit,
658 2857 768 2893 prope
802 2847 937 2882 Circum
968 2849 1142 2895 veterem3
1185 2844 1275 2890 quod
1305 2843 1552 2880 Diocletianum
1574 2841 1724 2879 vocavit·
